3106 5168
401 299 555 354 'translatio
573 300 623 354 iur.
642 317 667 370 p.
687 302 843 354 contractus
860 327 895 337 —
914 300 1109 368 oppignoratio.
1350 301 1415 364 463

94 478 231 556 obtinet,
256 498 315 560 per
337 497 374 542 se
398 477 452 542 lex
482 476 623 559 regionis
640 477 757 561 respici
780 477 887 554 debet,
912 476 996 541 sicut
1019 497 1118 560 supra
1141 475 1182 540 ad
1206 474 1242 552 Q.
1270 479 1306 539 1³²
1330 474 1369 540 R.
1394 476 1414 539 4

94 567 218 633 dictum
242 571 303 633 est.
350 565 472 630 Verum
496 586 568 630 cnm
592 565 626 630 in
649 571 762 631 nostro
786 586 863 631 casu
887 569 1008 647 agatur
1030 566 1070 630 de
1099 563 1302 629 habitatione
1325 563 1416 629 vale-

94 656 201 722 tudini
223 654 403 720 incolarum
427 655 616 721 notabiliter
639 655 770 730 nociva,
794 655 903 738 potius
927 653 1092 736 quaelibet
1114 653 1295 719 sublocatio
1319 653 1416 718 debet

94 745 158 810 dici
181 744 376 822 interdicta,
406 743 469 808 nisi
498 744 585 810 forte
609 744 754 809 condicio
785 743 943 809 eiusmodi
973 742 1035 821 sit,
1072 747 1109 809 ut
1139 764 1203 808 non
1231 742 1276 808 sit
1299 743 1416 808 nociva

94 833 259 910 omnibus,
291 833 349 898 sed
379 833 483 898 solum
507 832 618 898 Clodio
649 833 760 897 eiusve
790 832 935 898 familiae
964 831 1118 896 membris
1148 835 1281 915 propter
1304 851 1415 896 eorum

94 922 317 989 valetudinem
340 921 406 987 iam
430 921 634 988 debilitatam
657 927 692 989 et
714 922 800 987 male
823 923 986 987 affectam.

185 1029 224 1094 lt.
248 1030 280 1094 l.
326 1027 419 1092 Circa
451 1027 605 1092 damnum
640 1048 682 1092 ex
714 1027 863 1093 incendio
897 1029 1005 1092 ortum
1034 1026 1187 1091 standum
1217 1029 1269 1091 est
1300 1024 1416 1090 iudicis

93 1117 289 1194 sententiae,
314 1117 376 1181 nisi
400 1116 481 1181 haec
504 1121 563 1183 ant
586 1122 700 1183 contra
723 1117 869 1181 Clodium
892 1116 963 1181 lata
985 1115 1029 1181 sit
1052 1135 1094 1179 ax
1117 1116 1207 1180 facto
1231 1115 1316 1179 falso
1339 1136 1416 1197 sup-

93 1206 201 1291 posito
224 1207 278 1271 vel
302 1205 372 1270 sine
395 1205 463 1270 ulla
486 1205 556 1271 eius
579 1206 675 1290 culpa
698 1206 797 1271 etiam
821 1226 909 1270 mere
932 1204 1078 1282 iuridica‚
1103 1207 1161 1269 aut
1177 1207 1291 1269 contra
1314 1203 1416 1268 domi·

94 1316 175 1360 num
198 1299 332 1378 propter
355 1294 483 1378 culpam
514 1294 615 1359 Olodii
647 1294 866 1377 theologicam
890 1293 1095 1359 commissam
1119 1292 1248 1375 quidem
1272 1293 1329 1357 sed
1353 1314 1416 1358 non

93 1385 274 1469 probolam.

184 1499 237 1564 An
253 1518 444 1574 oususrruu
461 1501 500 1561 3⁶¹
516 1497 554 1564 R.
578 1497 782 1581 Responsum
805 1497 870 1562 iam
886 1497 987 1562 habes
1010 1517 1053 1562 ex
1076 1496 1125 1575 iis,
1150 1516 1234 1579 qnae
1256 1496 1297 1562 ad
1322 1494 1358 1572 Q.
1376 1499 1416 1560 2m

94 1587 300 1665 dictasunt,
334 1586 505 1652 videlicet:
539 1588 571 1667 1)
595 1585 776 1668 generatim
810 1585 932 1668 aliquid
955 1585 1146 1651 solvendum
1169 1589 1221 1651 est
1250 1605 1308 1669 pro
1331 1590 1416 1650 tem-

93 1698 174 1761 pore
196 1676 270 1754 illo,
304 1697 367 1758 quo
390 1676 520 1740 Clodius
549 1675 680 1759 reipsa
711 1675 805 1740 domo
829 1676 999 1752 utebatur,
1031 1674 1065 1757 2)
1089 1674 1116 1738 si
1141 1674 1253 1740 domus
1277 1679 1417 1740 nonest

93 1765 269 1831 insalubris
286 1765 442 1842 omnibus,
468 1763 657 1829 sublocandi
672 1763 864 1829 facultatem
881 1764 1057 1829 concedere
1077 1763 1229 1828 convenit
1252 1784 1310 1847 pro
1327 1783 1416 1842 casu,

94 1855 181 1936 quod
205 1854 335 1927 Clodius
358 1854 467 1919 solvat
490 1873 622 1918 censum
645 1874 703 1936 pro
727 1858 798 1919 toto
822 1858 969 1937 tempore
992 1852 1065 1918 initi
1088 1858 1293 1930 contractns;
1317 1852 1417 1918 immo

94 1944 227 2008 concedi
252 1943 365 2021 debet,
391 1942 419 2007 si
442 1942 552 2007 Clodio
576 1941 722 2007 condicio
746 1943 860 2006 domus
883 1942 1011 2007 locatae
1034 1962 1099 2005 non
1123 1946 1196 2006 crat
1225 1948 1324 2007 antea
1347 1964 1416 2007 om·

93 2031 172 2097 nino
196 2036 291 2110 nota;
325 2033 360 2113 3)
384 2031 491 2114 quoad
525 2032 644 2096 damna
673 2052 716 2096 ex
747 2030 895 2096 incendio
926 2036 1000 2096 orta
1030 2031 1110 2095 haec
1133 2029 1280 2107 Clodius,
1312 2030 1339 2095 si
1362 2052 1416 2096 res

93 2121 128 2185 in
153 2121 222 2186 solo
246 2121 317 2186 foro
342 2120 562 2186 conscientiae
592 2119 717 2202 agitur,
752 2141 906 2203 reparare
930 2140 994 2184 non
1018 2123 1165 2195 tenetur,
1197 2118 1259 2183 nisi
1287 2119 1415 2203 culpam

93 2210 279 2293 theologice
302 2230 438 2292 gravem
462 2208 669 2274 commiserit.

614 2428 673 2492 DE
697 2427 899 2493 PIGNORE.

650 2577 759 2643 Casus.
787 2583 865 2652 (283)

186 2723 341 2784 Onesimus
361 2743 415 2800 pro
438 2723 545 2793 debito,
567 2726 642 2800 quod
664 2745 735 2800 erga
756 2725 954 2784 Philocratem
976 2730 1182 2795 contraxerat,
1211 2725 1288 2785 siin
1309 2726 1416 2803 pignus

94 2804 175 2864 dedit
189 2803 302 2880 copiam
317 2803 389 2874 vini,
411 2823 497 2879 quam
513 2824 565 2863 suo
583 2811 723 2882 tempore,
746 2806 842 2865 soluto
857 2805 965 2879 debito,
987 2805 1043 2865 sibi
1064 2805 1244 2865 afferendum
1260 2813 1416 2866 curaturus

94 2886 143 2945 sit.
185 2885 370 2943 Philocrates
390 2890 459 2960 post
480 2884 597 2960 aliquod
626 2890 741 2962 tempus
762 2886 993 2961 experimentum
1023 2905 1141 2944 sumens
1164 2887 1198 2944 ds
1220 2886 1312 2958 vinis,
1341 2906 1416 2946 com·

93 2965 171 3042 perit
199 2965 310 3040 aliquot
330 2963 408 3022 dolia
435 2964 464 3021 in
494 2964 624 3040 periculo
646 2985 728 3035 esse,
757 2984 794 3023 na
822 2970 1055 3041 corrumpantur.
1098 2965 1206 3024 Scribit
1233 2966 1348 3042 quidam
1379 2967 1415 3025 ad

95 3045 282 3112 Onesimum,
311 3043 363 3102 sed
390 3062 534 3120 responso
561 3046 689 3103 nondum
717 3050 839 3121 accepto
870 3045 1118 3121 opportunitatem
1143 3050 1249 3104 nactus
1270 3047 1416 3105 vendendi

94 3125 167 3184 illud
189 3124 291 3183 vendit
312 3124 429 3182 dimidio
450 3124 545 3200 pretio
567 3124 630 3183 sius
652 3125 727 3200 quod
748 3125 823 3183 alias
844 3124 956 3196 habuit,
979 3130 1066 3200 atque
1087 3125 1143 3184 sibi
1165 3125 1221 3201 ipsi
1243 3125 1344 3184 eodem
1364 3126 1415 3187 illo

93 3204 190 3282 pretio
219 3204 369 3263 dimidiato
398 3205 528 3280 applicat
555 3204 711 3275 doliolum,
745 3224 801 3280 quc
830 3205 932 3263 statim
959 3205 1052 3263 utitur
1079 3204 1110 3262 in
1143 3204 1289 3264 instructa
1317 3207 1416 3282 aliqua

93 3284 267 3345 testivitate.
284 3316 318 3325 -
344 3283 499 3343 Onesimus
521 3291 624 3360 postea
645 3285 833 3361 conqueritur
854 3290 941 3360 atque
963 3285 1068 3343 saltam
1089 3303 1181 3360 usque
1202 3285 1240 3343 ad
1261 3289 1295 3354 Ἰ,
1314 3293 1414 3363 partes

93 3365 229 3425 consueti
249 3364 337 3441 pretii
358 3365 627 3441 compensationem
648 3385 667 3423 a
681 3365 848 3424 Philocrate
869 3365 1016 3442 postulat3
1038 3365 1114 3439 quod
1135 3365 1161 3424 si
1181 3364 1266 3435 nolit,
1287 3367 1416 3426 minatur

92 3446 176 3504 litem
197 3444 348 3503 intendere
369 3444 404 3502 da
425 3453 480 3504 loto
501 3445 606 3503 damno
629 3450 730 3522 utpote
751 3465 789 3503 ex
809 3445 924 3504 incuria
944 3444 1121 3504 Philocratis
1143 3451 1274 3506 causato.

93 3566 272 3636 Qunsmrun
294 3571 323 3627 1⁰
348 3587 423 3644 quaa
444 3567 505 3627 sint
526 3569 690 3642 generatim
711 3569 811 3628 officia
825 3569 966 3629 debitoris
988 3589 1040 3628 seu
1061 3570 1104 3629 rei
1119 3570 1236 3643 domini,
1258 3591 1333 3647 quas
1355 3591 1415 3630 cre·
1453 3583 1457 3592 ·

347 3648 450 3707 ditoris
471 3667 524 3706 seu
545 3648 678 3724 pignoris
699 3649 888 3724 possessoris.

292 3746 321 3803 2ο
347 3745 415 3821 quid
435 3747 466 3804 iu
488 3745 586 3822 specie
607 3746 697 3805 liceat
717 3746 797 3806 circa
817 3767 878 3806 rem
899 3747 1086 3825 pignoratam
1107 3748 1299 3810 vendendam.

292 3845 322 3902 3⁰
347 3844 414 3919 quid
437 3844 473 3902 ad
497 3845 680 3920 propositum
701 3863 801 3904 casum
823 3846 880 3905 fuit
901 3846 1062 3906 dicendum.

688 4045 822 4113 Solutio.

184 4192 238 4255 Ao
261 4211 452 4266 oususrrun
480 4195 516 4255 1¹¹¹
546 4192 584 4258 R.
614 4197 640 4258 l.
673 4193 832 4272 Oreditor,
857 4195 912 4277 qui
935 4196 1054 4278 pignus
1078 4197 1232 4280 possidet,
1258 4198 1354 4263 debet
1377 4203 1475 4264 ut914

91 4280 197 4344 bonus
221 4279 468 4346 administrator
491 4302 602 4346 curam
619 4283 665 4347 rei
682 4304 792 4364 agere,
816 4305 856 4348 ne
880 4305 921 4349 ex
938 4306 999 4349 sua
1014 4286 1111 4369 culpa
1133 4308 1202 4351 rem
1226 4287 1413 4369 pessumdet

91 4369 146 4434 vel
169 4367 202 4432 in
226 4369 406 4451 periculum
428 4369 577 4447 inducat;
609 4370 731 4453 alioqui
754 4375 802 4438 rei
826 4373 972 4451 domino,
1006 4374 1025 4441 i.
1050 4396 1077 4440 e.
1103 4375 1257 4453 debitori,
1282 4379 1414 4442 tenetur

92 4459 246 4524 damnum
270 4458 439 4524 resarcire.

182 4564 221 4629 R.
246 4567 276 4629 2.
323 4563 442 4641 Quodsi
467 4564 509 4628 ad
533 4586 600 4629 rem
626 4567 881 4632 conservandam
898 4589 1060 4651 expensas
1075 4569 1184 4633 facere
1209 4569 1329 4647 debuit,
1354 4570 1413 4634 has

90 4659 130 4720 ut
153 4653 281 4719 debitor
303 4652 471 4730 resarciat,
495 4653 545 4717 ius
569 4654 677 4719 habet.
