3106 5168
145 234 187 297 24
649 228 689 282 De
707 228 815 282 actibus
833 227 967 282 humanis.

145 411 301 484 naturae,
335 404 491 489 implicite
524 404 778 488 deprehenditur
810 409 846 469 ut
878 404 987 487 aliquo
1019 405 1115 470 modo
1147 405 1253 482 mala;
1290 404 1383 489 proin
1415 405 1473 488 qui

145 494 352 560 nibilominus
368 515 440 559 eam
457 498 620 572 exerceat,
639 494 808 560 moraliter
823 493 909 558 male
926 514 1026 575 agere
1042 493 1254 561 convincitur.
1283 495 1340 561 rt.
1351 517 1393 560 aa
1410 495 1431 561 l.
1444 516 1472 561 c,

100 621 134 674 46
233 609 489 684 Anquaasrruu
506 611 544 673 3¹u
561 608 599 674 R.
632 607 733 673 Iulius
746 606 916 674 confundit
928 608 1088 674 malitiam
1098 629 1173 673 cum
1186 608 1310 675 minore
1323 609 1473 676 bonitate

144 699 269 764 morali.
309 698 388 764 Fide
405 698 490 762 enim
506 701 631 762 certum
647 702 698 763 est
721 719 763 762 ex
782 696 965 762 actionibus
982 697 1244 764 contradictoriis
1259 719 1359 764 unam
1375 719 1473 783 posse

145 809 217 853 esse
233 789 339 854 altera
355 786 531 863 meliorem,
556 791 729 868 utramque
748 790 858 852 autem
882 786 1011 852 bonam.
1051 786 1103 853 Ita
1119 787 1150 853 S.
1168 787 1280 854 Paul.
1297 786 1330 867 (l
1349 787 1421 854 Gor.
1440 790 1472 865 7,

146 880 187 941 25
204 898 267 960 sq.;
293 876 334 943 cl.
351 896 437 942 vers.
455 874 511 957 38)
527 874 622 941 dicit:
651 874 729 952 ,Qui
744 874 951 941 matrimonio
967 874 1073 958 iungit
1089 875 1249 958 virginem
1265 896 1369 955 suam,
1388 878 1473 943 bene

144 966 234 1043 facit,
259 965 371 1047 etqui
394 985 459 1029 non
481 964 597 1046 iungit,
625 963 741 1029 melius
764 963 873 1030 facit.“
923 964 976 1030 Sic
999 984 1083 1046 quae
1105 964 1271 1047 pertinent
1294 964 1337 1031 ad
1359 966 1472 1031 mode·

144 1059 252 1120 ratam
268 1075 379 1120 curam
396 1052 550 1137 corporis,
575 1052 728 1119 rationali
752 1057 889 1118 naturae
914 1052 1111 1120 conveniunt
1133 1057 1232 1136 atque
1255 1053 1415 1138 imprimis
1438 1054 1473 1119 in

145 1165 182 1209 eo
199 1142 338 1220 homine,
364 1142 417 1226 qui
441 1163 477 1208 se
494 1140 661 1224 vitamque
679 1163 771 1208 suam
787 1141 820 1206 in
836 1141 941 1206 Deum
965 1145 1001 1208 ut
1016 1144 1113 1207 finem
1129 1142 1277 1208 ultimum
1295 1143 1472 1222 ordinavit,

144 1233 319 1316 positivam
342 1232 376 1296 in
391 1231 497 1296 Deum
519 1230 721 1307 relationem,
744 1230 935 1315 implicitam
958 1230 1086 1305 saltem,
1111 1231 1249 1297 habent:
1273 1252 1474 1314 quamquam

143 1321 287 1387 fortasse
303 1342 383 1386 cura
398 1319 579 1386 restrictior
592 1318 800 1403 corporisque
816 1318 952 1384 afflictio
968 1340 1011 1384 ex
1027 1319 1144 1385 altiore
1160 1319 1283 1386 motivo
1300 1325 1473 1404 assumpta

145 1410 244 1476 etiam
260 1409 426 1475 meliorem
441 1408 622 1474 bonitatem
639 1409 794 1475 continet.
833 1408 935 1473 Immo
958 1408 992 1474 in
1010 1408 1081 1492 ipso
1097 1412 1270 1492 peccatore
1293 1413 1327 1476 et
1350 1409 1474 1476 infideli

144 1499 228 1564 hanc
250 1498 432 1564 bonitatem
455 1498 641 1563 naturalem
664 1501 764 1580 atque
787 1497 819 1562 in
843 1497 948 1562 Deum
972 1502 1009 1563 ut
1031 1504 1199 1564 auctorem
1222 1502 1362 1565 naturae
1386 1499 1474 1564 rela-

144 1587 266 1654 tionem
289 1608 354 1652 non
374 1585 561 1664 excludunt,
585 1590 726 1669 suntque
750 1607 793 1651 ex
815 1607 851 1651 se
876 1607 953 1651 vere
976 1586 1010 1651 in
1025 1588 1129 1652 Deum
1153 1586 1348 1664 referibilia;
1374 1609 1473 1670 quarn

143 1676 324 1743 bonitatem
349 1676 532 1741 naturalem
555 1697 619 1741 non
644 1679 777 1754 exuunt,
801 1674 863 1740 nisi
887 1696 1000 1757 agens,
1025 1676 1123 1742 ductu
1146 1675 1283 1742 rationis
1306 1677 1472 1760 neglecto,

145 1787 282 1849 pravum
306 1764 464 1833 motivum
488 1767 643 1830 assumat.
661 1802 704 1811 -
728 1764 831 1841 Quam
854 1764 1095 1830 distinctionem
1119 1769 1155 1832 et
1177 1764 1473 1832 considerationem

144 1855 171 1920 si
195 1854 296 1919 Iulius
320 1853 491 1932 adhibeat,
521 1852 698 1936 angoribus
727 1854 794 1918 suis
822 1853 1023 1920 liberabitur.
1071 1852 1136 1918 Vix
1159 1853 1246 1919 enirn
1269 1875 1334 1919 non
1359 1875 1474 1921 omnes

145 1944 290 2010 actiones
313 1943 389 2009 illae
413 1947 637 2019 enumeratae,
662 1941 690 2007 si
714 1964 787 2007 cum
810 1942 1031 2008 moderamine
1054 1947 1263 2020 exercentur,
1288 1942 1473 2011 bonitatem

143 2033 242 2100 istam
266 2032 435 2099 continent
456 2031 620 2097 inferioris
644 2030 775 2113 quidem
797 2035 912 2110 notae,
943 2031 1001 2097 sed
1031 2053 1095 2096 non
1119 2032 1274 2097 moralem
1298 2031 1473 2100 malitiam.

145 2122 211 2187 Soli
234 2121 281 2186 illi
305 2127 408 2199 actus,
433 2120 549 2204 quibus
572 2120 708 2186 meliora
731 2142 796 2186 non
817 2125 947 2187 tantum
964 2120 1084 2199 omisit,
1108 2121 1166 2186 sed
1189 2120 1331 2204 positive
1354 2121 1471 2199 noluit,

145 2211 298 2277 videntur
321 2210 548 2276 difficultatem
573 2230 694 2275 creare.

233 2300 288 2377 At,
312 2320 509 2383 quamquam
527 2298 634 2364 fateor
657 2320 721 2364 non
743 2319 819 2364 raro
842 2297 907 2363 illis
930 2297 1141 2364 nolitionibus
1168 2298 1302 2363 subesse
1318 2299 1473 2364 affectum

144 2389 392 2454 immoderatum
417 2388 590 2454 venialiter
619 2389 740 2453 malum
768 2387 809 2452 ad
833 2408 886 2452 res
909 2387 1096 2462 inferiores,
1127 2391 1239 2453 tamen
1269 2386 1303 2451 id
1333 2394 1474 2456 nonest

145 2478 295 2544 absolute
318 2477 554 2551 necessarium3
586 2479 696 2560 potest
719 2476 854 2540 subesse
877 2477 1015 2541 affectus
1037 2475 1202 2540 inferioris
1226 2475 1356 2558 quidem
1381 2477 1475 2542 boni·

145 2567 242 2640 tatis,
273 2566 376 2632 bonus
399 2571 510 2633 tamen
534 2566 719 2642 moraliter;
750 2565 792 2629 ad
819 2565 910 2629 illurn
934 2569 1044 2630 autem
1068 2565 1237 2643 affectum,
1269 2564 1324 2648 qui
1348 2566 1472 2646 subest,

144 2657 345 2721 reducuntur
367 2655 551 2732 nolitionea
577 2657 611 2718 rb
636 2657 716 2721 icelle
739 2653 824 2719 enim
847 2654 881 2718 in
904 2654 1032 2718 homine
1056 2653 1211 2738 supponit
1233 2653 1365 2736 aliquod
1389 2658 1473 2721 aelle.

234 2745 375 2810 Tantum
399 2743 501 2826 igitur
516 2745 620 2821 abest,
646 2749 682 2810 ut
698 2743 846 2809 doctrina
869 2763 995 2825 negans
1012 2747 1144 2808 actuum
1167 2742 1422 2811 indifferentiam
1441 2744 1475 2810 in

144 2833 311 2898 individuo
327 2832 523 2917 multiplicet
538 2836 684 2917 peccata,
708 2837 745 2898 ut
760 2832 869 2916 potius
885 2832 1038 2897 ostendat
1059 2852 1156 2915 quam
1171 2830 1320 2915 plurimis
1344 2832 1474 2907 actibus

145 2923 297 3001 subesse,
328 2922 391 2988 etei
414 2943 478 2987 non
502 2943 704 3006 supremam,
732 2926 843 2987 tamen
867 2921 1009 3003 aliquam
1033 2920 1214 2986 bonitatem
1238 2921 1407 2988 moralem.
1431 2960 1476 2970 —

145 3011 205 3089 Qui
222 3032 301 3077 vero
324 3011 537 3077 immoderate
560 3011 709 3075 inhaeret
733 3012 830 3075 rebus
853 3009 1068 3087 sensibilibus,
1092 3009 1126 3074 in
1143 3009 1285 3074 omnium
1309 3012 1476 3079 sententia

146 3123 209 3167 non
234 3121 329 3166 omne
352 3104 523 3184 peccatum
549 3099 673 3182 effugit.
721 3098 767 3167 Of.
797 3100 852 3164 Tb.
878 3121 917 3164 m..
942 3098 968 3172 Ι,
993 3102 1045 3164 40.

471 3318 647 3397 ,BONUM
674 3318 733 3383 EX
757 3316 954 3382 INTEGRA
978 3316 1149 3383 CAUSA.“

712 3465 823 3532 Casus.
850 3472 908 3540 (14)

238 3598 429 3674 Calpurnius,
459 3603 491 3657 ut
512 3597 624 3673 largius
645 3599 769 3667 lrabeat,
799 3616 873 3672 quae
894 3596 924 3654 in
945 3596 1010 3672 pias
1032 3615 1139 3655 causas
1160 3596 1327 3673 impendat,
1355 3597 1387 3656 in
1408 3617 1477 3656 ven·

148 3679 308 3738 ditionibus
338 3678 441 3736 fraude
471 3678 579 3747 utitur,
610 3677 800 3755 praedicatur
828 3681 926 3735 tamen
957 3676 1064 3751 ubique
1094 3681 1127 3735 ut
1155 3677 1242 3735 horno
1273 3677 1418 3737 honestus
1448 3684 1478 3736 et

148 3759 306 3817 beneficus.
320 3791 359 3799 —
381 3758 422 3816 Ut
442 3757 629 3817 innocentem
645 3759 681 3815 ab
698 3757 868 3816 imminente
889 3775 984 3832 poena
1005 3757 1119 3827 liberet,
1141 3756 1301 3832 periurium
1320 3757 1478 3816 committit

148 3839 178 3896 in
199 3838 316 3898 iudicio.
337 3871 376 3879 —
398 3838 566 3908 Remulum,
592 3843 626 3896 ut
647 3838 703 3896 eibi
726 3837 875 3895 devinciet
896 3842 926 3895 et
947 3836 1109 3895 adiutorem
1131 3838 1241 3895 lrabeat
1261 3837 1290 3895 in
1312 3837 1477 3910 fraudibus,

149 3918 317 3978 muneribus
339 3919 438 3977 donat.

150 4026 326 4096 Quaeremus
348 4027 377 4082 1⁰
402 4024 479 4083 unde
500 4022 653 4082 moralitas
675 4029 794 4081 actuum
815 4023 1008 4081 humanorum
1030 4023 1208 4081 desumatur.

347 4113 377 4170 2⁰
403 4112 470 4187 quid
485 4112 522 4171 ad
536 4110 698 4170 bonitatem
709 4111 847 4170 moralem
858 4111 1032 4188 requiratur,
1048 4111 1116 4187 quid
1131 4110 1262 4170 sufficiat
1276 4111 1314 4170 ad
1324 4110 1477 4171 malitiam.

348 4205 377 4260 3ο
404 4201 471 4277 quid
493 4202 529 4260 ad
552 4220 640 4260 casus
661 4199 830 4278 propositos
852 4200 892 4259 sit
914 4201 1076 4259 dicendum.

742 4334 880 4431 ¹Salutio.

104 4514 139 4568 47
239 4499 292 4563 An
308 4519 499 4575 ounesrruu
519 4503 554 4562 1ιιι
578 4499 616 4564 R.
636 4502 664 4564 1.
704 4498 875 4563 Moralitas
899 4502 1029 4563 actuum
1051 4496 1265 4562 humanorum
1289 4501 1341 4563 est
1365 4520 1478 4564 eorum

151 4588 267 4654 relatio
291 4588 332 4653 ad
356 4587 504 4669 regulam
527 4609 668 4665 morum,
700 4587 742 4652 ad
771 4588 966 4653 rationalem
991 4587 1137 4652 ordinem
1160 4587 1241 4652 recti
1266 4586 1478 4655 conformitas
