3106 5168
475 278 569 333 Status
588 279 746 349 religiosus:
771 282 908 347 discessus,
927 281 1057 333 dimissio.
1362 282 1423 346 151

100 458 187 513 extra
200 453 317 513 domum
332 453 502 529 collegerat,
523 453 677 526 subvenit;
699 453 751 513 sed
766 472 832 513 cum
846 454 920 513 haec
934 453 1076 530 pauciora
1090 473 1156 514 esse
1177 459 1261 531 putet
1280 472 1375 530 neque
1396 454 1426 514 in

100 533 202 594 ordine
216 533 290 594 adeo
305 534 490 594 abundanter
504 534 663 593 subvenire
683 533 786 610 possit,
808 533 883 611 petit
896 533 1104 594 dimissionem.
1141 533 1234 604 Quam
1248 534 1425 612 superiores,

100 633 166 673 curn
188 633 308 673 canaam
333 633 393 674 non
413 613 489 673 satia
509 613 619 673 iustam
641 633 708 673 esse
729 613 845 685 dicant,
873 615 979 675 volunt
1004 633 1130 690 negare;
1159 615 1279 674 tandem
1306 620 1426 706 propter

98 694 285 771 importunae
306 712 410 772 preces
431 693 622 754 Heliodorum
643 693 801 770 religiosae
822 693 997 754 subiectioni
1021 696 1118 754 minus
1140 699 1240 771 aptum
1261 694 1426 755 iudicantes

99 774 262 833 secundnm
283 778 461 851 potestatem
483 794 501 833 a
522 774 597 833 Sede
618 774 795 851 Apostolica
815 779 967 853 acceptam
989 794 1007 833 a
1028 773 1171 850 religione
1192 775 1352 835 dimittunt.

100 887 279 959 Quamrun
301 891 330 948 1⁰
355 889 424 965 qnid
446 891 482 949 de
502 889 642 965 ingressu
662 894 692 949 et
713 889 848 949 devotis
869 888 1023 949 Heliodori
1044 888 1220 951 censendum
1242 887 1291 948 eit.

299 979 330 1037 2⁰
354 997 423 1038 num
445 978 579 1038 debuerit
599 978 649 1038 vel
669 977 798 1056 potuerit
818 978 992 1055 parentibus
1012 978 1077 1037 sive
1097 977 1240 1055 pecunias
1261 977 1426 1053 colligendo

354 1057 418 1117 sive
440 1058 571 1118 ordinem
592 1057 1008 1135 derelinquendosubvenire.

299 1148 329 1207 3ο
354 1147 423 1223 quid
444 1147 481 1206 de
502 1147 674 1208 dimissione
695 1146 849 1207 Heliodori
870 1147 909 1207 sit
929 1146 1124 1207 iudicandum.

698 1329 834 1398 Solutio.

189 1471 243 1536 An
266 1491 458 1548 scansurum
485 1476 521 1536 1¹¹
544 1472 583 1538 R.
607 1475 635 1539 1.
683 1473 734 1538 Ex
757 1472 807 1548 iis,
832 1492 916 1554 quae
938 1471 971 1537 in
994 1471 1102 1557 priore
1126 1492 1204 1537 casu
1226 1471 1292 1538 iam
1316 1473 1488 1557 disputot

97 1565 173 1628 tata
189 1565 276 1640 sunt,
300 1565 395 1645 patet
412 1561 623 1627 Heliodorum
640 1562 796 1646 potuisse,
818 1561 919 1628 etiam
934 1560 1047 1628 invitis
1062 1561 1263 1645 perentibus,
1280 1562 1425 1628 ordinem

97 1650 289 1733 religiosum
314 1650 459 1733 ingredi:
490 1672 567 1716 nam
597 1651 629 1715 in
659 1650 755 1734 gravi
784 1650 982 1717 necessitate
1011 1652 1166 1734 parentes
1195 1651 1338 1716 nondum
1367 1672 1425 1717 ex·

97 1740 266 1818 stiterunt,
290 1743 405 1823 utpote
429 1760 513 1822 quae
535 1743 652 1822 postea
675 1740 803 1805 demum
827 1739 1004 1805 infortunio
1027 1739 1160 1806 inducta
1183 1739 1236 1806 sit.

189 1845 229 1911 R.
249 1847 279 1911 2.
319 1845 434 1924 Aliter,
459 1846 486 1910 si
510 1850 588 1912 ante
610 1850 763 1911 votorum
787 1845 991 1912 emissionem
1012 1851 1148 1931 propter
1162 1845 1427 1913 circumstantias

97 1933 228 2000 ruinam
258 1935 415 2000 bonorum
445 1935 510 2000 iam
540 1935 689 2019 proxime
718 1934 905 2021 impendere
935 1935 1098 2002 novisset:
1128 1934 1161 2001 in
1185 1956 1248 2021 quo
1272 1956 1367 2014 casu,
1398 1936 1426 2002 si

98 2027 248 2108 poterat,
279 2026 379 2089 antea
403 2044 518 2089 curare
543 2025 669 2103 debuit,
701 2029 738 2090 ut
763 2027 873 2109 procis
896 2023 1075 2090 necessitas
1098 2028 1270 2109 parentum
1296 2031 1426 2092 averte·

98 2116 201 2190 retur,
227 2112 290 2178 etsi
313 2116 488 2196 propterea
511 2112 623 2196 egredi
646 2112 701 2178 vel
724 2119 804 2180 vcta
827 2113 957 2178 differre
980 2112 1200 2178 necessarium
1223 2114 1333 2182 fuerit.

189 2236 243 2300 An
261 2255 453 2311 oueusrruu
477 2238 517 2299 2¹¹²
539 2237 578 2304 u.
601 2239 628 2302 1.
667 2236 748 2302 Post
765 2241 845 2302 vota
868 2236 997 2315 emissa,
1022 2237 1085 2303 etsi
1108 2236 1269 2321 simplicia
1285 2242 1488 2316 tantum,303

98 2323 297 2389 Heliodorus
320 2345 356 2390 se
379 2345 443 2390 non
467 2328 578 2409 potest
597 2325 821 2393 oboedientiae
841 2324 1018 2410 superioris
1035 2326 1224 2402 subducere,
1248 2331 1286 2393 ut
1309 2347 1425 2410 pareu-

97 2413 188 2480 tibus
212 2413 402 2490 subveniat,
433 2413 495 2479 nisi
518 2413 605 2479 forte
629 2452 670 2461 —
695 2414 750 2497 qui
773 2435 869 2480 casus
892 2415 949 2480 vix
978 2436 1044 2480 non
1067 2415 1280 2481 chimaericus
1309 2421 1361 2482 est
1383 2455 1426 2464 —

100 2507 222 2584 agatur
255 2503 295 2567 de
327 2506 477 2569 extrema
510 2502 723 2579 necessitate,
759 2504 809 2569 cui
842 2525 860 2569 e
891 2504 1090 2571 monasterio
1124 2509 1158 2570 et
1190 2525 1263 2569 cum
1295 2505 1427 2572 licentia

98 2590 278 2675 superioris
301 2591 475 2657 subvenire
499 2596 650 2674 nequeat.
697 2592 813 2676 Neque
836 2597 947 2659 tamen
974 2598 1149 2679 propterea
1172 2597 1251 2659 vota
1274 2592 1427 2676 religiosa

96 2700 158 2764 per
181 2700 218 2745 se
240 2681 422 2758 solvuntur,
447 2681 504 2746 sed
524 2681 690 2748 exstincta
705 2681 902 2749 necessitate
926 2686 1076 2749 extrema
1098 2683 1140 2748 ad
1163 2681 1310 2747 ordinem
1333 2704 1425 2748 suum

96 2768 222 2835 reverti
246 2769 442 2835 Heliodorus
465 2774 605 2836 tenetur.

189 2873 228 2941 R.
249 2877 279 2941 2.
318 2875 356 2939 In
376 2878 471 2959 praui
493 2878 623 2942 tantum
647 2877 844 2943 necessitate
867 2897 940 2942 oum
964 2876 1140 2961 superioris
1164 2876 1296 2945 licentia
1318 2880 1428 2961 potest

97 2962 230 3045 quidem
254 2969 351 3030 extra
373 2964 606 3030 monasterium
632 2969 803 3049 parentum
828 2986 940 3032 curam
967 2987 1082 3048 agere,
1114 2966 1172 3031 sed
1202 2988 1267 3031 nou
1296 2970 1428 3032 tenetur

98 3073 174 3118 cum
189 3052 319 3119 iactura
334 3052 503 3119 decentiae
519 3054 569 3118 sui
585 3058 694 3121 status
717 3053 749 3118 id
768 3075 877 3136 agere,
902 3054 1031 3120 etiamsi
1046 3055 1194 3138 superior
1210 3053 1425 3139 permitteret.

188 3159 228 3225 R.
253 3162 283 3227 3.
331 3160 407 3226 Sine
437 3160 569 3225 licentia
598 3158 669 3224 sive
698 3160 804 3244 petita
834 3164 868 3226 et
898 3160 978 3226 data
1007 3160 1078 3226 sive
1107 3165 1320 3245 praesumpta
1347 3158 1427 3225 nihil

97 3268 199 3331 agere
223 3252 342 3333 potest.
378 3248 599 3325 Quare'recte
622 3270 685 3314 non
710 3250 779 3332 egit
802 3248 998 3314 Heliodorus
1019 3250 1120 3315 inscio
1144 3250 1310 3335 superiore
1330 3254 1427 3315 extra

97 3339 230 3403 domum
260 3359 320 3423 pro
349 3338 541 3421 parentibus
564 3339 735 3422 pecuniam
759 3338 957 3420 colligendo:
989 3339 1103 3417 immo,
1135 3339 1196 3404 nisi
1225 3339 1287 3405 hac
1315 3343 1426 3405 mente

97 3427 275 3493 donatores
298 3426 468 3510 pecuniam
488 3427 695 3505 contulerint,
720 3427 853 3511 ipseque
877 3426 925 3492 ita
947 3427 1178 3512 acceptaverit,
1202 3433 1240 3494 ut
1262 3428 1343 3494 haec
1366 3450 1425 3514 pro

97 3515 351 3581 necessitatibus
374 3520 547 3600 parentum
571 3516 819 3598 intellegeretur
842 3517 937 3592 data,
963 3522 1078 3582 contra
1105 3525 1326 3603 paupertatem
1350 3539 1426 3602 pec·

97 3604 205 3680 cavit:
230 3605 327 3671 aliter
350 3608 465 3671 contra
489 3605 631 3671 debitam
652 3605 887 3672 subiectionem
908 3610 1048 3674 tantum.
1083 3605 1188 3671 Multo
1211 3606 1317 3671 minus
1340 3606 1425 3673 ratio

97 3699 182 3772 erat,
207 3716 265 3759 cur
289 3716 362 3759 cum
384 3694 512 3760 iactura
536 3703 637 3761 statuo
660 3698 712 3760 sui
734 3694 924 3778 parentibus
948 3700 1164 3762 succurreret.

189 3783 220 3850 S.
246 3783 363 3867 Alph.
387 3784 407 3848 l.
429 3806 456 3851 c.
480 3805 511 3849 n.
532 3786 589 3860 673
620 3785 675 3849 Tb.
700 3807 741 3850 on.
766 3784 791 3862 I,
817 3787 890 3850 515.

188 3906 241 3971 dn
264 3926 456 3982 ouausrruu
481 3910 520 3971 3¹⁰
548 3907 585 3972 u.
610 3911 637 3972 1.
684 3908 788 3974 Recte
818 3907 1046 3974 iudicaverunt
1075 3907 1258 3990 superiores
1291 3922 1488 3976 causamssot

95 4017 164 4062 non
179 4016 253 4061 esse
267 3995 484 4061 sufficientem
505 3997 666 4079 petendae
690 4000 724 4062 et
748 3996 874 4061 dandae
891 3995 1102 4061 dimissionis:
1125 3997 1224 4061 immo
1240 3997 1311 4062 sine
1327 3998 1423 4062 dubio

96 4084 283 4169 superiores
307 4085 485 4150 concedere
515 4084 624 4168 parati
654 4089 766 4160 erant,
796 4089 834 4150 ut
864 4085 963 4150 etiam
993 4084 1081 4151 ultra
1111 4086 1342 4168 obligationem
1367 4086 1424 4150 filii

96 4175 290 4259 parentibus
312 4173 383 4240 sive
406 4195 465 4256 per
487 4175 720 4240 monasterium
744 4174 815 4239 sive
838 4194 896 4256 per
918 4174 1145 4242 benefactores
1172 4178 1307 4257 rogatos
1330 4174 1424 4239 auxi-

96 4265 175 4330 lium
200 4263 354 4330 ferretur.
389 4263 669 4328 Abundantiorem
688 4267 799 4329 autem
818 4283 940 4341 curam,
965 4264 1028 4330 etsi
1051 4263 1136 4328 filius
1160 4264 1282 4330 arctis
1298 4264 1424 4328 solutus

97 4373 199 4436 agere
222 4352 377 4436 potuerit,
402 4353 514 4417 debuit
538 4352 666 4418 divinae
690 4351 916 4436 providentiae
940 4353 1152 4419 committere.

187 4458 225 4527 R.
247 4461 278 4524 2.
314 4457 519 4536 Heliodorus,
544 4458 572 4523 si
588 4479 720 4523 causam
737 4480 840 4536 suam,
858 4459 1019 4524 obiective
1035 4458 1165 4541 quidem
1181 4480 1244 4522 non
1261 4456 1424 4522 sufficien-

96 4553 175 4628 tem,
200 4547 404 4614 solummodo
424 4548 585 4631 exposuit,
611 4553 756 4632 paratus,
780 4547 808 4612 si
831 4547 1051 4612 necessarium
1068 4546 1176 4622 luerit,
1201 4550 1323 4610 statum
1349 4545 1424 4610 reli·

97 4639 226 4722 giosum
249 4637 450 4720 relinquere,
478 4637 535 4702 sed
560 4636 659 4702 etiam
683 4642 819 4721 paratus
842 4636 1044 4720 superiorum
1068 4635 1184 4700 iudicio
1207 4635 1423 4717 acquiescere,
1466 4658 1474 4671 ¹
