3106 5168
278 288 432 346 Domiuium
451 293 480 345 et
496 291 556 344 iura
573 289 743 358 singulorum
761 289 898 344 hominum
916 317 952 327 -
972 291 1042 343 bono
1060 291 1224 344 clericorum.
1348 293 1413 358 293

89 466 298 606 mpntodberes
319 467 458 542 scriptus,
483 485 549 525 oum
570 465 749 542 obligatione
770 483 863 542 parva
883 465 1026 541 quaedam
1047 466 1147 541 legata
1167 465 1198 524 in
1219 465 1285 542 pias
1306 484 1415 525 causas

89 566 123 606 so
137 565 195 604 ven
216 565 234 605 1.

90 650 269 721 Quaamrun
291 654 320 711 1ο
345 670 420 727 quae
441 651 502 710 sint
516 650 626 709 diversi
646 650 765 726 generis
778 653 856 710 bona
871 650 1043 710 clericorum
1058 671 1213 727 eorumque
1234 651 1265 710 in
1285 671 1320 710 ea
1340 651 1415 712 iura.

290 743 320 798 2⁰
346 740 414 815 quid
436 739 471 797 de
493 740 599 816 agendi
620 740 736 799 ratione
757 739 885 799 Celerini
906 746 936 799 et
956 740 1132 815 Rayrnundi.

291 832 320 889 3⁰
345 849 415 888 num
435 829 560 888 heredes
581 835 648 888 tuta
668 829 852 888 conscientia
872 831 952 888 bona
971 829 1024 889 illa
1044 829 1161 906 possint
1182 829 1324 907 accipere.

689 1011 824 1078 Salutio.

182 1152 235 1218 Aa
250 1172 440 1228 Quassrruu
460 1156 497 1217 1¹²
513 1152 551 1218 R.
569 1156 595 1219 1.
629 1151 882 1235 Distinguuntur
908 1152 939 1234 1)
956 1153 1041 1218 bona
1055 1157 1307 1239 patrimonialia,
1332 1168 1479 1237 quae5t5

91 1242 229 1307 clericus
253 1242 398 1324 possidet
421 1263 462 1306 ex
485 1248 625 1325 paterna
652 1241 850 1319 hereditate,
882 1242 939 1306 sed
970 1243 1160 1309 extenditur
1189 1242 1267 1308 illud
1298 1264 1416 1309 nomen

92 1332 135 1396 ad
166 1331 276 1396 omnia
304 1351 343 1395 ea
372 1332 473 1407 bona,
504 1351 588 1413 quae
618 1350 660 1395 ex
684 1330 830 1412 qualibet
856 1330 1032 1397 donatione
1061 1336 1119 1397 aut
1149 1353 1247 1397 causa
1277 1332 1418 1416 profana

93 1420 233 1485 clericus
256 1419 410 1502 possidet.

186 1508 220 1589 2)
245 1511 399 1586 casualia,
421 1529 505 1590 quae
521 1508 657 1573 clericus
673 1507 843 1573 occasione
858 1507 1061 1574 functionum
1078 1529 1244 1575 sacrarum
1262 1509 1417 1593 percepit,

92 1620 125 1663 v.
151 1619 182 1680 g.
208 1618 251 1661 ex
273 1596 443 1680 stipendiis
467 1597 651 1674 Missaruin,
675 1597 798 1662 iuribus
821 1600 928 1663 stolae
951 1602 1031 1667 eta:

184 1687 218 1764 3)
239 1688 496 1770 parsimoniola'o,
521 1707 605 1768 quae
620 1686 751 1769 parcius
767 1686 917 1765 vivendo,
943 1707 1041 1769 quam
1058 1685 1148 1751 licite
1162 1686 1276 1752 vivere
1299 1687 1417 1770 potuit,

93 1797 136 1840 ex
160 1775 253 1839 bouis
277 1775 507 1839 ecclesiasticis
530 1776 693 1859 seposuit;

185 1868 219 1944 4)
244 1866 465 1944 ecclesiastica,
497 1885 581 1946 quae
611 1864 749 1948 percipit
778 1885 820 1929 cx
845 1864 1005 1929 fructibus
1027 1863 1175 1929 beneficii
1205 1864 1419 1931 ecclesiastici

93 1954 214 2018 velex
238 1974 276 2017 eo
300 1952 408 2028 fonte,
439 1952 494 2034 qui
517 1954 588 2018 loco
612 1953 826 2018 ecclesiastici
850 1953 996 2018 beneficii
1019 1954 1217 2035 subrogatus
1240 1959 1291 2020 est
1314 1953 1420 2034 (sume

94 2041 300 2127 pensionem,
325 2063 422 2124 quarn
446 2042 630 2124 respublica
653 2043 705 2107 vel
729 2044 827 2107 fiscus
850 2042 950 2109 solvit
972 2063 1031 2126 pro
1056 2044 1321 2126 compensatione
1344 2044 1419 2108 fun·

98 2133 214 2196 dorum
237 2129 534 2196 ecclesiasticorum
558 2130 891 2209 saecularizatorum).

185 2236 223 2302 R.
249 2239 279 2302 2.
327 2236 378 2300 Ex
409 2237 637 2303 ecclesiasticis
667 2237 760 2302 bonis
789 2237 899 2302 licebit
929 2236 1046 2302 clerico
1076 2257 1116 2302 ea
1143 2238 1251 2304 omnia
1280 2259 1418 2314 sumere,
1431 2250 1484 2304 576

95 2346 180 2408 quae
197 2325 239 2391 ad
254 2325 425 2391 honestam
442 2327 713 2392 sustentationem
737 2327 919 2410 pertinent:
944 2347 1028 2408 quae
1044 2327 1289 2410 comprehendit
1308 2348 1419 2394 omnes

98 2435 262 2498 expensas
284 2414 461 2480 secundum
483 2419 606 2481 statum
631 2414 732 2498 ipsius
756 2414 864 2480 clerici
888 2415 1099 2481 necessarios.

186 2520 225 2586 R.
250 2523 280 2586 3.
327 2520 417 2596 Quae
446 2525 521 2604 post
551 2522 721 2586 honestam
745 2520 1018 2587 sustentationem
1042 2521 1097 2599 (ad
1122 2543 1219 2604 quam
1243 2543 1322 2587 sano
1345 2542 1420 2606 per-

95 2610 203 2676 tinent
226 2630 290 2674 non
309 2609 413 2675 solum
436 2610 645 2693 hospitalitas
663 2631 743 2692 erga
760 2610 1017 2692 consanguineos
1034 2614 1068 2676 et
1089 2612 1221 2688 amicos,
1246 2611 1420 2677 sedetiam

96 2699 257 2780 quaedam
273 2699 553 2763 remunerationes
574 2699 794 2781 gratitudinis,
819 2705 918 2781 atque
942 2698 1041 2765 etiam
1067 2700 1297 2766 convenientes
1321 2699 1421 2766 animi

97 2787 333 2867 relaxationes)
349 2793 533 2871 supersunt,
557 2809 616 2871 pro
633 2788 829 2872 pauperibus
847 2790 898 2853 vel
918 2789 1025 2853 causis
1048 2787 1109 2871 piis
1126 2789 1266 2872 expendi
1289 2790 1420 2854 omnino

98 2876 228 2953 debent,
252 2876 349 2957 idque
372 2877 488 2942 saltem
513 2877 644 2958 exlege
668 2877 890 2944 ecclesiastica
914 2882 948 2943 et
966 2877 1180 2954 oboedientia,
1206 2879 1233 2941 si
1258 2879 1362 2943 minus
1379 2899 1421 2943 ex

97 2965 239 3040 iast'tia,
270 2964 318 3030 ita
348 2969 457 3030 tamen
490 2972 525 3030 ut
557 2966 589 3029 in
619 2966 764 3031 laesione
796 2967 889 3031 huius
914 2966 1122 3048 obligationis
1151 2967 1291 3032 materia
1318 2987 1422 3051 parva

97 3055 196 3136 longe
219 3054 318 3118 latius
342 3054 473 3118 extendi
499 3055 626 3131 debeat,
651 3076 748 3136 quam
772 3055 804 3119 in
828 3055 964 3120 strictae
986 3055 1132 3121 iustitiae
1155 3056 1308 3121 laesione.

187 3160 226 3226 R.
258 3164 288 3225 4.
343 3160 379 3223 ln
410 3160 495 3224 bona
525 3159 782 3242 patrimonialia,
817 3160 978 3237 casualia,
1011 3160 1254 3243 parsimonialia
1284 3160 1422 3225 clericus

101 3250 238 3314 liberum
263 3249 392 3314 omnino
417 3249 591 3314 dominium
615 3250 724 3325 habet,
749 3250 835 3315 sicut
857 3249 973 3331 reliqui
997 3248 1153 3314 homines

188 3355 225 3423 R.
251 3358 281 3422 5.
328 3355 545 3420 Nihilominus
574 3376 638 3420 noa
670 3355 764 3420 decet
794 3355 834 3420 de
863 3355 903 3420 iis
932 3355 981 3420 ita
1004 3355 1192 3439 disponere,
1222 3358 1259 3420 ut
1289 3355 1420 3438 cognati

98 3466 162 3510 non
188 3443 370 3526 indigentes
394 3445 502 3509 omnia
525 3445 672 3527 capiant;
703 3444 736 3508 id
760 3444 845 3509 enim
868 3445 987 3528 populo
1010 3443 1097 3509 fideli
1119 3465 1235 3528 parurn
1258 3449 1310 3511 est
1333 3444 1422 3510 aedi·

98 3532 253 3599 ficationi.

189 3622 236 3687 cf.
262 3622 301 3686 de
326 3620 473 3686 omuibus
502 3622 556 3687 Tr.
583 3645 622 3689 m.
648 3622 672 3700 I,
698 3623 885 3688 aaa-900.

192 3738 244 3801 Aa
268 3755 458 3811 ouausrrcu
487 3739 525 3800 2¹²
557 3736 596 3802 R.
624 3739 652 3802 1.
699 3734 843 3820 Supponi
874 3735 972 3801 debet
1001 3735 1108 3817 quoad
1140 3736 1316 3801 Coloricum
1348 3757 1484 3808 summa

100 3825 284 3891 voluntarie
314 3824 461 3890 omisisse
492 3825 682 3891 testamenti
712 3824 965 3902 confectionem,
1003 3829 1040 3890 ut
1068 3825 1205 3890 heredes
1235 3825 1359 3906 legales
1389 3825 1422 3890 in

100 3917 185 3981 bona
215 3913 406 3998 superstitis
435 3920 569 3998 possent
598 3915 739 3992 intrare,
770 3914 824 3979 vel
853 3913 970 3979 saltem
1002 3935 1075 3978 eum
1104 3913 1186 3979 haec
1216 3913 1327 3979 futura
1351 3935 1424 3980 esse

100 4003 319 4088 praevidisse:
358 4003 499 4086 alioquin
529 4004 568 4068 de
601 4003 670 4068 eius
706 4001 840 4085 ,agendi
872 4002 1032 4076 ratione“,
1066 4023 1138 4066 cum
1172 4003 1267 4086 culpa
1299 4008 1422 4079 careat,
1505 4038 1514 4047 ·

100 4093 212 4176 quaeri
244 4092 308 4157 iam
343 4115 406 4158 non
436 4096 562 4176 potest,
596 4114 668 4157 cum
699 4093 839 4158 humano
870 4093 965 4157 modo
995 4091 1074 4156 nihil
1105 4093 1211 4173 egerit
1240 4092 1294 4156 vel
1324 4113 1423 4174 agere

100 4182 255 4248 omiserit.

113 4342 121 4364 ,
189 4287 228 4352 R.
260 4291 290 4354 2.
344 4287 378 4354 Si
410 4287 509 4370 igitur
539 4286 705 4352 Celerinus
735 4309 777 4352 ex
806 4286 968 4352 industria
997 4286 1051 4350 vel
1081 4284 1285 4368 culpabiliter
1314 4284 1424 4349 omisit

100 4381 350 4453 testamentum,
380 4377 419 4441 de
452 4377 521 4440 eius
545 4377 662 4457 agendi
695 4376 821 4441 ratione
845 4376 902 4440 vix
926 4375 1022 4441 aliter
1045 4374 1215 4439 dicendum
1239 4377 1290 4437 est
1320 4395 1358 4438 ac
1382 4373 1423 4438 de

100 4466 219 4549 agendi
243 4465 370 4531 ratione
393 4466 586 4547 Rayrnundi.
627 4465 663 4529 In
688 4470 826 4546 utroque
849 4465 1023 4529 videndum
1048 4467 1107 4538 est,
1132 4484 1208 4527 num
1232 4462 1421 4526 beneficium

100 4555 201 4621 fuerit
230 4556 311 4620 adeo
342 4554 478 4637 pingue,
511 4560 546 4620 ut
574 4576 629 4629 ea,
661 4575 744 4635 quae
773 4555 931 4619 honestae
960 4552 1192 4618 sustentationi
1216 4551 1421 4629 conveniant,

101 4650 281 4727 superaret.
328 4643 419 4720 Quod
442 4644 563 4708 nostris
587 4643 787 4727 temporibus
810 4665 887 4708 raro
911 4642 1045 4707 obtinet.
1092 4641 1125 4707 Si
1150 4646 1259 4707 autern
1284 4661 1319 4705 re
1343 4661 1423 4706 vera
