3106 5168
484 296 647 351 Scandalum
667 296 775 351 caritati
792 297 954 368 oppositum.
1317 301 1381 366 203

147 473 187 540 R.
204 475 234 538 3.
273 471 356 538 Dein
380 472 487 554 quoad
510 473 724 551 aversionem,
748 494 845 555 quam
868 473 969 539 habet
984 473 1138 558 Olympia
1160 493 1241 559 erga
1256 474 1444 553 Iuliamtus

57 562 232 627 videndum
256 565 323 639 est,
354 564 463 627 utrum
487 582 560 628 eam
583 562 731 647 patiatur
752 583 794 629 an
819 583 861 628 ex
883 563 1045 629 industria
1067 563 1191 630 foveat.
1242 564 1382 630 Videtur

57 651 171 735 utique
194 671 267 717 eam
290 651 386 717 nimis
409 651 570 719 sustinere
594 655 629 717 et
657 652 757 719 alere.
802 651 837 719 si
859 656 994 736 propter
1015 652 1257 719 intractabilem
1280 653 1383 719 Iuliae

57 741 200 806 indolem
229 740 405 822 aliqualem
435 740 658 818 aversionem,
691 762 789 824 quam
820 740 958 819 sentiat,
991 762 1057 807 non
1088 740 1230 825 positivo
1263 748 1383 808 conatu

56 830 207 912 repellat,
230 829 329 895 immo
354 829 384 895 ei
406 829 644 913 aliquantulum
660 830 838 913 indulgeat,
863 830 989 915 peceati
1008 830 1121 913 gravis
1141 829 1175 895 id
1191 832 1284 913 argui
1300 852 1382 897 non·

58 919 135 983 dum
164 922 284 1002 potest.
331 919 366 986 Si
395 924 506 986 autern
529 923 664 1003 propter
693 919 752 985 hos
782 919 947 996 defectus,
977 918 1033 1002 qui
1061 920 1195 986 tandem
1222 940 1266 986 ex
1287 927 1383 1005 parte

56 1011 187 1073 tantum
210 1007 353 1073 morales
375 1013 466 1086 suut,
497 1029 571 1074 eam
600 1008 748 1091 graviter
771 1008 967 1087 coutemnit,
998 1012 1099 1090 atque
1121 1029 1164 1074 ex
1186 1008 1282 1092 gravi
1305 1031 1382 1075 con·

57 1100 186 1180 temptu
208 1117 362 1178 magnam
385 1097 590 1164 aversionem
620 1097 806 1164 voluntarie
829 1101 864 1163 et
885 1097 1032 1164 studiose
1054 1099 1213 1176 sustinet,
1244 1119 1264 1165 a
1287 1099 1383 1181 gravi

57 1189 193 1268 peccato
217 1185 275 1250 vix
298 1186 362 1251 erit
384 1185 545 1254 immunis.
592 1185 684 1264 Quod
711 1208 749 1252 eo
771 1186 878 1270 magis
900 1186 1080 1252 timendum
1103 1191 1165 1266 est,
1189 1208 1262 1253 cnm
1286 1208 1382 1254 aver-

57 1275 183 1340 sionem
205 1296 298 1341 suam
322 1296 433 1341 coram
456 1275 529 1341 aliis
553 1281 667 1360 aperte
689 1296 769 1359 prae
792 1297 828 1341 se
851 1275 948 1343 ferat.

148 1362 239 1429 Serio
268 1362 370 1446 igitur
399 1367 479 1448 puto
509 1364 696 1449 Olympiam
724 1364 920 1431 monendam
950 1385 1038 1442 esse,
1070 1369 1106 1431 ut
1137 1363 1302 1430 aversioni
1328 1363 1383 1432 isti

57 1453 192 1520 studeat
225 1453 356 1519 omnino
387 1454 565 1533 moderari,
603 1474 687 1519 neve
717 1474 790 1519 eam
827 1459 965 1520 externe
995 1453 1067 1519 sive
1095 1453 1157 1538 ipsi
1180 1453 1283 1520 Iuliae
1314 1454 1383 1520 sive

58 1541 132 1606 aliis
162 1542 228 1607 ullo
260 1543 356 1608 modo
388 1542 596 1620 manifestet,
630 1543 728 1610 aliter
755 1543 861 1627 ipsam
892 1542 1071 1627 periculum
1102 1543 1251 1626 graviter
1280 1543 1384 1610 delin-

58 1631 178 1712 quendi
204 1631 386 1709 incurrere;
415 1632 455 1698 de
479 1636 588 1698 cetero
611 1632 719 1715 quoad
741 1631 957 1717 praeteritum
980 1632 1201 1699 confessarius
1223 1653 1265 1700 ne
1288 1631 1384 1699 citius

58 1719 186 1803 peccati
208 1721 320 1803 gravis
344 1741 416 1786 earn
439 1742 530 1787 ream
554 1721 658 1800 dicat,
688 1720 763 1800 sed,
794 1720 857 1787 nisi
886 1742 940 1787 res
963 1721 1050 1787 clare
1080 1725 1211 1806 pateat,
1243 1723 1311 1788 Deo
1333 1721 1384 1788 iu·

58 1809 177 1873 dicium
201 1815 326 1876 certum
347 1810 522 1893 relinquat.

264 2079 435 2153 LAESIO
465 2079 719 2154 CARITATIS
747 2080 842 2153 PER
869 2079 1177 2157 SCANDALUM.

528 2288 746 2356 SCANDALI
768 2288 916 2355 NOTIO.

617 2455 727 2522 Casus.
755 2461 832 2531 (111)

148 2596 273 2665 Eulalia,
295 2597 404 2655 femina
421 2595 576 2666 ditissima,
597 2596 714 2655 hortum
736 2616 820 2656 suum
842 2596 878 2655 ad
900 2596 1045 2673 publicam
1067 2595 1146 2655 viam
1168 2595 1256 2655 sitnm
1277 2594 1386 2656 statuis
1395 2602 1447 2656 399

58 2682 200 2748 exornat,
228 2678 445 2736 transeuntium
468 2676 639 2753 conspectui
660 2677 800 2746 obiectis,
828 2678 907 2735 inter
927 2696 1001 2751 quas
1028 2695 1087 2736 nou
1111 2694 1223 2753 paucae
1244 2681 1313 2735 sunt
1334 2676 1385 2735 im·

58 2759 199 2837 pudicae,
228 2757 368 2816 dictitans
390 2777 472 2826 eum,
502 2758 549 2832 qni
578 2756 616 2815 iis
637 2756 817 2827 offendatur,
847 2758 952 2816 debere
974 2757 1077 2816 oculos
1097 2762 1249 2827 avertere,
1278 2756 1334 2815 sibi
1354 2756 1386 2816 in

59 2860 113 2899 suo
134 2839 219 2898 horto
240 2838 286 2896 ius
308 2856 376 2896 esse
396 2837 503 2912 agendi
524 2857 578 2914 pro
598 2836 692 2896 libitu.

149 2919 187 2978 Se
207 2918 302 2995 ipsam
323 2917 475 2977 luxuriose
497 2923 599 2986 omat,
621 2917 755 2979 vestibus
775 2935 835 2976 non
857 2916 933 2976 satis
954 2917 1060 2976 decore
1080 2917 1206 2992 tegitur,
1233 2919 1321 2991 atque
1341 2914 1385 2975 ita

58 3002 229 3074 frequenter
248 2998 280 3057 in
300 2998 425 3074 publicis
446 2998 505 3056 viis
533 3003 563 3057 et
589 2997 620 3056 iu
642 2998 769 3057 ecclesia
790 3002 930 3074 apparet,
960 2997 1018 3056 etsi
1038 2996 1116 3056 sciat
1142 2997 1183 3055 ibi
1209 2995 1297 3054 simul
1317 3014 1384 3054 oon·

58 3081 162 3138 venire
183 3079 328 3149 iuvenem,
351 3078 398 3154 qui
420 3079 533 3138 lascivo
555 3097 654 3137 amore
674 3079 706 3137 in
727 3078 822 3154 ipsam
843 3079 951 3149 fertum
974 3082 1099 3136 excusat
1119 3096 1161 3148 se,
1183 3074 1287 3153 quodsi
1310 3076 1385 3135 haec

59 3159 213 3218 attendere
234 3158 323 3229 velit,
355 3178 387 3216 se
408 3178 460 3235 per
481 3178 589 3216 annum
611 3157 662 3215 vix
683 3178 743 3217 una
764 3158 897 3216 alterave
918 3157 983 3216 vice
1005 3156 1162 3215 ecclesiam
1182 3156 1264 3214 adire
1285 3175 1384 3232 posse,

59 3246 147 3314 atque
159 3239 236 3298 domi
251 3258 284 3298 se
298 3239 444 3297 reclusam
459 3238 623 3297 consistere
634 3238 749 3308 debere,
766 3239 845 3297 sicut
857 3237 1015 3296 monialem
1030 3236 1152 3296 strictae
1167 3234 1384 3296 observantiae.

59 3354 237 3424 Quirinius
258 3356 288 3412 1ο
314 3353 381 3430 quid
404 3353 444 3412 sit
464 3353 645 3412 scandalum.

257 3445 287 3502 2⁰
313 3462 388 3519 quae
409 3442 449 3581 stit
470 3442 610 3519 obligatio
632 3441 801 3502 abstinendi
829 3441 972 3512 arabus,
1001 3439 1106 3518 quibus
1134 3439 1184 3499 alii
1212 3438 1384 3500 scandalum

314 3542 417 3581 suman
434 3570 440 3583 .

259 3614 289 3672 3ο
315 3611 382 3687 quid
405 3612 440 3670 de
461 3611 628 3671 actionibus
650 3610 783 3670 Eulaliae
805 3609 863 3669 dici
885 3610 999 3670 debeat.

657 3793 792 3861 Solutio.

149 3936 203 4001 Ao
225 3956 417 4011 ounssmou
443 3940 479 4001 1¹²¹
504 3936 541 4001 It.
565 3939 593 4001 1.
626 3935 821 4001 Scandalum
845 3955 916 4000 cum
934 3932 966 3999 S.
983 3932 1135 3998 Thema
1150 3932 1192 4011 ΙΙ,
1216 3931 1257 4011 ΙΙ,
1283 3954 1314 4015 q.
1331 3934 1385 4009 43,

60 4048 89 4091 a.
110 4029 125 4091 l
152 4025 276 4090 definiri
301 4026 401 4091 solet:
430 4025 538 4107 „Opus
559 4024 665 4090 minos
680 4031 816 4102 rectum,
840 4023 1002 4107 praebens
1017 4022 1166 4106 proximo
1183 4022 1385 4087 occasionem

60 4114 240 4199 spiritualis
263 4114 406 4179 ruinae.“
446 4114 573 4179 Dicitur
596 4119 705 4180 autem
729 4114 808 4179 illud
832 4134 913 4196 opus
936 4132 994 4176 seu
1016 4112 1074 4176 illa
1090 4112 1187 4190 actio,
1213 4132 1296 4193 quae
1313 4110 1386 4176 aliis

61 4204 262 4270 occasionem
287 4202 401 4269 ruinae
424 4203 604 4287 spiritualis
627 4204 779 4287 praebet,
810 4202 999 4267 scandalum
1023 4203 1159 4266 actio-om
1182 4222 1240 4265 seu
1264 4202 1384 4282 dotum,

61 4294 191 4376 qnando
207 4292 356 4357 nimirum
373 4298 508 4376 propter
523 4292 607 4357 hanc
623 4292 912 4367 circumstantiam,
937 4290 1022 4373 quod
1039 4288 1112 4356 aliis
1128 4289 1255 4355 occasio
1271 4288 1385 4354 ruinae

60 4383 240 4467 spiritualis
263 4383 470 4466 praebeatur.
494 4381 630 4446 vitanda
646 4386 714 4458 est;
739 4402 819 4446 ansa
835 4379 990 4464 peccandi
1006 4382 1138 4463 sumpta
1153 4377 1272 4444 dicitur
1289 4398 1385 4442 scan-

61 4473 170 4538 dalum
193 4474 355 4556 passivam
380 4492 438 4535 seu
461 4481 628 4557 saraptam.

150 4562 233 4627 Illud
257 4583 338 4643 opus
362 4559 462 4627 activi
486 4560 631 4625 scandali
656 4561 765 4643 potest
787 4579 860 4624 esse
880 4557 913 4622 in
929 4577 964 4621 se
980 4555 1250 4640 peccaminosum
1274 4558 1386 4638 potest

61 4673 133 4717 esse
148 4651 182 4716 in
194 4672 230 4716 se
243 4650 371 4732 quidem
388 4650 574 4715 indifferens
587 4651 639 4715 vel
657 4651 786 4726 bonurn,
804 4652 840 4714 at
852 4668 893 4713 ex
906 4644 1160 4712 circumstantiis
1176 4643 1385 4710 coniunctum
