3106 5168
372 275 498 331 Virtutes
517 275 635 330 morales
654 274 760 328 infusae
779 275 930 343 generatim
948 275 1097 344 spectatae.
1332 277 1397 343 229

68 451 340 536 temperantiam
365 455 446 534 quot
467 472 547 517 vero
571 450 674 518 statui
697 450 839 517 debeant
860 450 976 516 harum
999 450 1160 516 virtutum
1184 448 1396 516 cardinalium

68 545 230 625 cognatae
253 541 411 618 virtutes,
441 541 529 607 dictu
553 540 685 606 difficile
708 543 777 619 est,
808 539 950 604 maxime
974 560 1047 604 cum
1071 538 1105 603 in
1128 538 1226 603 rebus
1249 539 1399 620 cognatis

67 631 329 715 supernaturalis
352 630 483 697 habitus
507 651 590 695 unus
613 630 763 712 idemque
787 628 894 694 officio
917 627 1011 710 fungi
1031 627 1129 710 longe
1150 627 1279 693 facilius
1293 628 1400 712 possit

68 740 165 804 quam
189 719 323 786 habitus
346 720 517 786 naturalis.

155 843 210 908 An
232 864 425 919 onansrrnn
450 847 488 907 2¹¹²
511 843 550 909 R.
570 847 598 909 l.
638 842 842 926 Responsum
865 841 952 907 circa
974 861 1091 906 munus
1110 840 1270 906 virtutum
1288 845 1459 906 mora-447

67 932 145 998 lium
170 932 353 998 infusarum
375 932 440 997 ianr
464 937 558 1016 patet
590 952 632 997 ex
655 931 751 996 modo
774 930 881 997 dictis.
927 929 1121 996 Praesident
1145 928 1231 994 enim
1253 929 1397 995 moribus

67 1021 235 1100 humanis,
267 1042 330 1104 quo
360 1021 522 1105 possimus
552 1020 785 1087 convenienter
812 1020 846 1084 in
877 1019 1016 1085 diversis
1046 1017 1161 1085 officiis
1188 1022 1288 1100 atque
1311 1019 1398 1085 rela-

67 1110 211 1177 tionibus
234 1110 385 1176 humanis
409 1109 704 1194 supernaturaliter
718 1130 828 1193 agere.
869 1107 1142 1194 supernaturales
1166 1106 1313 1174 actiones
1335 1108 1399 1174 hoc

68 1200 165 1265 modo
189 1199 425 1266 conaturaliter
449 1200 489 1266 ab
513 1199 643 1265 homine
665 1199 856 1283 procedunt.

157 1312 197 1380 R.
223 1316 253 1379 2.
301 1312 383 1377 lllud
415 1317 525 1379 autem
556 1312 729 1379 discrimen
758 1312 846 1379 inter
870 1312 1010 1379 virtutes
1039 1311 1181 1377 morales
1210 1310 1336 1377 infusas
1363 1316 1398 1378 et

68 1403 210 1468 morales
234 1402 412 1484 acquisitas
435 1407 502 1480 est,
534 1402 620 1485 quod
650 1402 712 1468 hae
743 1402 822 1469 dent
850 1401 972 1467 homini
1002 1401 1187 1467 naturalem
1208 1402 1397 1487 facilitatem

68 1490 244 1558 exercendi
267 1491 401 1558 virtutis
424 1496 535 1568 actus;
560 1491 827 1576 supernaturales
842 1492 949 1556 minus
965 1490 1158 1558 facilitatem
1174 1510 1271 1573 quam
1290 1490 1398 1575 socict-

67 1589 163 1646 tatem
187 1581 268 1645 dant
290 1579 583 1664 supernaturalem.

159 1696 198 1761 R.
223 1697 253 1760 3.
301 1694 444 1771 Quocum
469 1694 623 1762 cohaeret
646 1694 733 1760 aliud
758 1694 946 1761 discrimen:
971 1694 1151 1761 Naturales
1170 1695 1310 1762 virtutes
1334 1717 1397 1761 non

70 1784 164 1849 unico
188 1789 266 1850 actu
289 1783 502 1866 acquiruntur
531 1805 637 1866 neque
666 1783 760 1850 unico
791 1791 867 1852 actu
892 1785 1120 1864 destruuntur;
1151 1785 1209 1851 sed
1239 1785 1397 1869 paulatim

68 1871 219 1956 repetitis
243 1872 370 1937 actibus
394 1878 593 1939 enascuntur
615 1877 650 1939 et
672 1878 844 1956 augentur,
869 1879 969 1956 atque
989 1874 1142 1941 diuturna
1160 1875 1329 1941 otiositate
1344 1875 1396 1940 vel

70 1963 197 2028 actibus
221 1961 393 2028 contrariis
416 1962 566 2046 repetitis
590 1962 784 2029 decrescunt
808 1969 843 2030 et
866 1963 1076 2029 emoriuntur.
1125 1964 1400 2048 supernaturales

71 2051 211 2117 virtutes
234 2051 443 2117 instantanee
467 2074 538 2118 cum
563 2051 673 2135 gratia
696 2052 915 2120 sanctificanti
944 2057 978 2118 et
1008 2052 1147 2118 caritate
1174 2053 1398 2130 infunduntur,

71 2144 104 2206 et
121 2161 318 2222 quamquam
342 2141 409 2205 suis
432 2141 560 2208 actibus
576 2145 749 2224 augentur,
773 2141 807 2207 id
829 2162 893 2206 non
917 2143 955 2207 fit
976 2142 1126 2207 effective
1142 2143 1199 2208 sed
1215 2142 1398 2219 meritorie;
1456 2173 1468 2206 ⁴.

71 2227 222 2295 similiter
244 2229 453 2295 instantanee
476 2251 535 2314 per
558 2229 727 2313 quodlibet
749 2236 920 2313 peccatum
944 2232 1099 2308 mortale,
1124 2252 1189 2296 non
1213 2253 1271 2315 per
1294 2232 1399 2296 solum

70 2323 180 2384 actum
204 2317 266 2383 sibi
289 2318 484 2403 oppositum,
510 2341 582 2384 cum
607 2318 746 2386 caritate
769 2325 803 2386 et
826 2319 936 2402 gratia
956 2319 1175 2386 sanctificanti
1193 2320 1400 2387 demeritorie

72 2406 295 2485 destruuntur,
320 2409 513 2475 decrescunt
535 2430 722 2491 numquam.
1485 2422 1488 2427 '

160 2531 213 2595 An
230 2550 421 2606 eucnemon
441 2534 480 2596 3¹³¹
504 2532 542 2597 R.
563 2535 590 2597 l.
626 2531 749 2597 Verum
767 2531 846 2598 dicit
861 2532 1039 2610 ferrerius,
1064 2553 1129 2598 non
1152 2553 1211 2618 per
1234 2531 1400 2616 quodlibet
1410 2543 1464 2599 448

72 2623 243 2703 peccatum
266 2620 407 2686 mortale
431 2620 555 2685 destrui
578 2621 757 2702 quamlibet
772 2621 929 2688 virtutem
953 2621 1156 2703 acquisitam,
1181 2626 1280 2704 atque
1300 2622 1400 2688 etiam

72 2729 102 2775 v.
119 2730 152 2790 g.
178 2709 293 2774 molles
315 2729 413 2792 posse
435 2729 569 2775 manere
592 2711 696 2774 iustos
724 2713 759 2776 et
788 2710 931 2786 sobrios;
955 2731 1069 2775 verum
1093 2712 1174 2776 haec
1197 2711 1324 2777 iustitia
1347 2712 1401 2776 vel

72 2797 233 2863 sobrietas
263 2798 296 2862 in
326 2797 455 2863 homine
484 2802 657 2882 peccatore
688 2821 752 2864 non
783 2803 833 2865 est
862 2799 989 2866 iustitia
1013 2800 1066 2865 vel
1095 2799 1257 2865 sobrietas
1286 2821 1401 2884 super·

72 2887 232 2952 naturalis
256 2908 361 2969 neque
386 2888 426 2952 ad
450 2887 603 2954 meritum
627 2888 716 2954 vitae
739 2893 895 2955 aeternae
918 2889 1093 2971 quidquam
1117 2890 1252 2956 confert.

162 3001 200 3066 R.
226 3003 256 3066 2.
296 3001 405 3067 Etiam
430 3023 447 3066 e
472 3002 636 3068 contrario
656 3003 739 3068 vitia
762 3003 922 3086 acquisita
945 3024 1004 3087 per
1022 3005 1164 3070 virtutes
1186 3003 1312 3069 infusas
1335 3025 1401 3069 non

72 3090 186 3156 statim
210 3090 474 3173 exstinguuntur,
506 3092 569 3157 etsi
597 3113 654 3157 suo
679 3092 774 3157 modo
799 3092 1028 3159 diminuantur.
1076 3093 1183 3170 Quare
1206 3092 1302 3158 homo
1325 3096 1402 3176 post

71 3179 205 3261 longam
225 3179 328 3245 vitam
352 3180 611 3262 peccaminosam
633 3202 809 3247 conversus
833 3186 867 3248 et
890 3181 1085 3248 iustificatos
1108 3182 1335 3247 inclinationes
1358 3182 1401 3266 ad

72 3268 194 3333 malum
218 3270 414 3335 naturaliter
440 3269 556 3335 insitas
586 3275 620 3337 et
649 3271 827 3352 acquisitas
858 3271 963 3336 adhuc
993 3271 1130 3349 retinet,
1162 3275 1261 3352 atque
1291 3292 1402 3355 pugna

72 3378 154 3440 opus
177 3363 238 3434 est,
263 3364 299 3425 ut
323 3379 379 3423 eas
402 3359 561 3442 paulatim
585 3360 717 3426 evellat.

161 3471 200 3538 R.
225 3475 255 3538 3.
295 3473 412 3539 Notari
436 3480 581 3540 meretur
603 3474 750 3539 homines
774 3473 887 3551 iustos
913 3475 968 3558 qui
991 3475 1123 3542 suntin
1146 3475 1256 3559 gratia
1279 3474 1400 3542 sancti-
1410 3489 1464 3543 449

73 3561 197 3638 ficanti,
223 3566 256 3627 et
279 3559 426 3627 homines
449 3567 649 3646 peccatores,
674 3564 694 3628 i.
712 3585 739 3629 e.
765 3584 821 3628 eos
845 3563 900 3646 qui
915 3564 1025 3647 gratia
1041 3564 1262 3632 sanctificanti
1280 3565 1401 3649 privati

73 3649 247 3727 exsistunt,
271 3650 369 3733 longe
393 3652 488 3717 aliter
512 3674 547 3717 se
570 3653 701 3729 habere,
727 3652 856 3735 quando
880 3659 1036 3719 exercent
1059 3658 1154 3720 actus
1170 3654 1340 3721 virtutum.
1356 3691 1401 3702 -

75 3738 276 3805 Posteriores
299 3740 385 3804 enirn
409 3741 580 3821 acquirunt
596 3741 725 3822 quidem
742 3743 795 3807 vel
819 3747 943 3826 augent
966 3744 1150 3810 naturalem
1173 3742 1321 3809 habitum
1343 3764 1401 3808 seu

72 3828 268 3895 facilitatem
291 3829 413 3893 similes
436 3834 529 3894 actus
553 3830 705 3914 deinceps
736 3832 926 3910 exercendi;
957 3833 1016 3898 sed
1045 3833 1124 3899 nihil
1154 3833 1286 3916 proprie
1315 3834 1402 3916 apud

73 3917 176 3983 Deum
208 3922 384 3983 merentur.
435 3917 536 4000 ldque
567 3919 665 3985 etiarn
696 3941 810 3986 verum
843 3926 910 4000 est,
944 3923 970 3986 si
1003 3922 1090 3988 forte
1122 3922 1260 3988 excitati
1291 3921 1402 4005 gratia

72 4006 194 4072 actuali
217 4006 292 4072 hnic
316 4006 506 4073 excitationi
530 4009 737 4075 consentiant
762 4015 860 4093 atque
884 4011 992 4093 gratia
1016 4033 1113 4096 porro
1136 4011 1271 4078 iuvante
1287 4031 1401 4094 super-

73 4095 270 4161 naturaliter
286 4101 405 4179 agunt:
430 4097 462 4162 in
483 4119 546 4180 quo
563 4119 641 4164 casu
664 4098 702 4164 de
722 4121 865 4182 congruo
883 4100 1012 4183 quidem
1029 4101 1184 4167 ulteriora
1201 4100 1261 4165 Dei
1278 4100 1401 4165 auxilia

73 4184 134 4249 sibi
157 4185 276 4250 mereri
300 4190 453 4268 possunt,
485 4188 563 4253 nihil
593 4193 732 4272 possunt
754 4189 871 4254 mereri
903 4190 943 4254 de
967 4191 1137 4273 condigno,
1184 4189 1266 4254 Iusti
1290 4194 1401 4254 autern

73 4274 368 4357 supernaturaliter
384 4277 510 4358 agendo
532 4297 612 4342 sane
631 4278 743 4343 eodem
762 4279 857 4344 modo
874 4281 1058 4344 naturalem
1074 4279 1267 4347 facilitatem
1285 4298 1401 4342 secun·

74 4362 148 4426 dum
173 4363 375 4445 exigentiam
399 4365 539 4442 virtutis
565 4387 662 4447 quam
688 4368 782 4432 modo
806 4373 993 4446 exerceant,
1022 4368 1174 4452 deinceps
1198 4367 1315 4450 agendi
1339 4365 1400 4430 sibi

74 4455 212 4534 augent;
244 4454 301 4517 sed
329 4454 461 4538 insuper
484 4460 636 4522 crescunt
665 4477 724 4540 per
746 4458 877 4521 modum
908 4456 1016 4523 meriti
1039 4457 1190 4539 condigni
1220 4456 1252 4521 in
1276 4455 1400 4520 virtute

74 4542 315 4623 supernaturali
337 4543 461 4620 infusa,
486 4564 590 4625 neque
613 4544 647 4608 in
671 4546 741 4609 sola
764 4545 821 4610 illa
845 4567 942 4629 quam
966 4552 1136 4623 exercent,
1161 4546 1219 4611 sed
1243 4544 1342 4610 etiam
1366 4542 1399 4606 in

73 4630 207 4713 reliquis
232 4631 407 4696 virtutibus
437 4633 551 4697 infusis
583 4637 682 4715 atque
712 4633 745 4699 in
775 4634 848 4717 ipsa
877 4636 1094 4702 sanctificanti
1118 4635 1228 4718 gratia
1258 4638 1292 4700 et
1315 4632 1399 4697 cari-
