3106 5168
167 253 229 320 136
378 250 420 306 De
438 251 591 310 virtutibus,
605 255 633 307 et
650 250 749 307 officiis
766 269 833 321 erga
851 250 947 307 Deam.
963 281 999 290 —
1014 251 1109 306 Virtus
1126 250 1275 320 religionis.

103 432 155 486 272
253 426 292 494 R.
317 430 348 495 3.
394 427 469 495 Etsi
497 431 669 513 parentes,
702 449 775 493 cum
805 426 885 493 nihil
915 427 1039 508 sciant,
1068 430 1151 495 vota
1178 447 1245 493 non
1272 424 1487 504 irritaverint,

163 513 303 600 primum
327 516 407 583 illud
431 520 544 583 votum
567 518 721 583 indirecte
749 516 935 583 irritaretur
957 538 1016 602 pro
1039 515 1177 600 singulis
1199 514 1344 594 vicibus,
1374 514 1403 581 si
1431 536 1488 599 pa·

164 609 275 671 rentes
307 605 458 673 iuberent
488 605 641 672 Alexium
672 605 706 672 in
738 606 824 672 lecto
857 606 1068 683 decumbam
1101 609 1202 689 atque
1233 604 1282 672 ita
1313 603 1415 671 etiam
1447 604 1489 670 ad

162 693 289 777 reliqua
310 698 391 762 vota
413 694 513 762 toties
535 693 673 760 Alexius
695 715 760 760 non
783 698 969 774 teneretur,
999 695 1128 779 quoties
1156 696 1312 779 parentes
1338 692 1489 759 iuberent

163 781 295 866 aliquid,
319 803 458 867 quocum
481 783 551 849 voti
573 783 720 869 impletio
744 784 923 851 consistere
945 805 1011 850 non
1033 786 1156 869 posset.

251 890 291 957 R.
311 893 342 958 4.
381 889 516 968 Quando
531 888 669 956 Alexius
691 893 845 958 versatur
866 894 964 958 extra
986 890 1116 956 domum
1138 892 1313 975 paternam
1335 889 1395 955 sub
1418 887 1489 955 iure

163 982 197 1045 et
218 977 353 1047 servitio
375 980 500 1058 alieno,
531 979 573 1045 ab
602 978 775 1064 implendis
798 979 887 1047 votis
916 1001 955 1047 eo
984 979 1055 1065 ipso
1079 985 1258 1047 excusatur
1280 982 1417 1063 propter
1439 977 1489 1043 in-

162 1066 320 1135 directam
342 1068 572 1147 irritationem,
596 1067 734 1151 quoties,
758 1074 926 1154 utsupra,
949 1068 1041 1135 iussa
1055 1067 1142 1135 votis
1163 1066 1329 1136 contraria
1351 1065 1489 1152 implere

162 1156 289 1224 debeat.
328 1157 453 1224 Verum
475 1164 513 1225 nt
535 1164 600 1224 non
623 1157 728 1223 solum
751 1158 888 1241 singulis
911 1157 1052 1236 vicibus,
1077 1158 1135 1223 sed
1157 1162 1229 1225 toto
1252 1155 1381 1224 servitii
1404 1160 1488 1223 tem·

160 1266 240 1330 pora
263 1246 456 1331 simpliciter
478 1250 702 1326 excusaretur,
736 1246 870 1314 deberet
892 1251 973 1314 vota
994 1267 1056 1313 sna
1077 1246 1156 1312 haro
1179 1244 1394 1313 manifestare
1416 1245 1488 1310 ille·

161 1355 224 1417 que
238 1335 478 1402 rationabiliter
492 1335 646 1415 iudicare,
670 1337 752 1402 haec
772 1335 922 1421 componi
943 1357 1009 1402 non
1030 1356 1128 1421 posse
1144 1357 1217 1402 cum
1232 1334 1379 1412 servitio,
1401 1333 1488 1416 quod

160 1423 298 1579 ὁΙΑΙΘΔΚιὲἰιιιιε
320 1427 492 1510 praestare
516 1425 644 1492 debeat.
668 1460 712 1470 -
735 1426 857 1492 Postea
879 1428 991 1492 autern
1014 1429 1094 1492 vota
1117 1424 1328 1491 reviviscent.
1369 1424 1427 1491 Tb.
1448 1446 1487 1492 m.

428 1663 531 1729 VOTI
553 1663 816 1731 RELAXATIO.
845 1701 889 1710 —
917 1663 1219 1733 DISPENSA'PIO.

724 1823 835 1892 casus.
863 1831 920 1901 (75)

247 1964 394 2024 Arcadius
407 1963 508 2024 multis
526 1982 560 2024 se
573 1964 711 2024 oneravit
723 1964 813 2036 votis,
833 1964 936 2025 variae
956 1964 1092 2042 promisit
1111 1963 1378 2041 peregrinationes,
1398 1963 1486 2024 modo

159 2045 244 2117 huic,
266 2045 351 2105 modo
372 2044 416 2104 illi
437 2044 583 2104 ecclesiae
604 2045 829 2105 romanarum
850 2045 1083 2122 eleemosynam,
1105 2044 1188 2104 feriis
1208 2044 1254 2104 IV
1274 2044 1487 2105 abstinentiam

158 2128 334 2199 observare,
362 2124 497 2186 sabbatis
517 2125 645 2185 recitare
665 2124 813 2201 integrum
833 2125 995 2198 rosarium,
1023 2125 1091 2185 aliis
1111 2125 1215 2185 diebus
1235 2130 1334 2185 certas
1354 2125 1485 2196 litanias,

158 2225 177 2265 a
191 2211 262 2283 potu
276 2206 442 2266 inebriante
456 2204 575 2283 penitus
589 2205 748 2267 abstinere.
764 2239 798 2248 -
823 2206 880 2267 Sed
900 2225 979 2266 nunc
995 2204 1147 2265 laboribus
1168 2210 1199 2266 st
1218 2204 1348 2281 negotiis
1363 2207 1486 2265 obrutus

159 2291 190 2346 et
210 2286 370 2346 infirmiore
389 2291 479 2346 utens
499 2285 685 2358 valetudine,
714 2285 819 2363 incipit
838 2286 926 2346 valde
946 2285 1079 2362 graviter
1098 2286 1177 2345 ferre
1204 2285 1280 2344 haec
1299 2289 1372 2345 vota
1393 2286 1486 2363 cupit·

159 2386 230 2443 que,
259 2372 293 2425 ut
319 2368 357 2425 ab
384 2365 423 2425 iis
450 2364 600 2427 liberetur.
643 2365 752 2426 Obstat
772 2374 887 2439 autem,
915 2366 993 2444 quod
1013 2365 1096 2426 vovit
1116 2364 1206 2425 etiam
1226 2385 1286 2424 non
1306 2371 1409 2443 petere
1431 2365 1486 2425 dis·

158 2445 370 2525 pausationem.

158 2552 335 2624 Qunamrna
358 2555 386 2610 1⁰
411 2550 480 2628 quid
501 2552 542 2611 sit
563 2550 745 2628 dispensatio
765 2552 797 2609 in
817 2552 906 2611 votis.

355 2643 385 2699 2⁰
409 2640 459 2717 qui
479 2639 597 2718 possint
616 2639 797 2717 dispensare.

355 2731 385 2788 3⁰
411 2728 479 2805 quid
500 2727 630 2788 Arcadio
652 2728 771 2788 suaderi
792 2728 841 2787 vel
862 2726 973 2806 imponi
994 2729 1108 2790 debeat.

752 2910 889 2978 Solutio.

93 3072 145 3125 273
243 3051 297 3117 An
320 3072 512 3128 ouansmuu
537 3056 575 3116 1ιιι
604 3053 643 3119 lt.
696 3050 905 3135 Dispensatio
940 3051 972 3117 in
1005 3051 1092 3117 votis
1124 3056 1176 3119 est
1208 3052 1404 3119 condonatio
1436 3051 1482 3117 rei

155 3141 335 3225 promissae
357 3142 488 3207 nomine
509 3140 571 3208 Dei
594 3141 694 3208 facta.
741 3142 836 3207 Hanc
858 3140 1051 3207 facultatem
1075 3161 1147 3207 essa
1169 3141 1203 3206 in
1226 3141 1376 3207 Ecclesia
1398 3141 1482 3208 ratio

155 3232 282 3309 suadet,
307 3251 421 3297 sacrae
444 3230 577 3297 litterae
600 3230 755 3307 indicant,
779 3229 914 3296 traditio
934 3235 1157 3314 perpetuaque
1172 3231 1285 3315 praxis
1301 3229 1484 3297 certissime

155 3322 337 3386 confirmat.
913 3321 915 3325 ’

244 3408 407 3475 Videlicet
432 3408 464 3493 1)
490 3408 624 3492 expedit
652 3408 768 3474 adessa
791 3406 933 3490 aliquem
957 3406 1010 3491 qui
1042 3408 1286 3475 occurrentibus
1309 3408 1417 3474 causis
1441 3431 1482 3474 ex

155 3498 353 3564 auctoritate
377 3498 551 3563 decernere
575 3497 693 3582 possit,
724 3498 794 3562 Deo
817 3496 882 3562 iam
915 3518 980 3562 non
1004 3517 1076 3563 ease
1098 3496 1283 3580 ingratum,
1314 3498 1342 3562 si
1366 3498 1482 3580 quiea

155 3587 362 3670 praestandis
378 3587 476 3653 certis
491 3587 589 3652 rebus
604 3585 773 3671 promissis
790 3589 906 3652 cesset.
947 3583 980 3668 2)
1004 3586 1041 3650 In
1057 3585 1209 3653 absoluta
1230 3591 1265 3653 et
1280 3586 1482 3671 amplissima

154 3679 320 3759 potestate
336 3675 458 3758 ligandi
476 3680 575 3757 atque
591 3675 739 3741 solvendi
755 3673 923 3740 Ecclesiae
940 3674 1019 3740 data
1035 3674 1194 3757 (Matth.
1215 3678 1265 3754 16,
1282 3678 1339 3754 19;
1360 3679 1411 3755 18,
1428 3676 1480 3758 18)

155 3765 235 3831 haec
265 3764 407 3829 facultas
430 3764 499 3830 voti
529 3764 695 3847 ligaminis
724 3764 872 3830 solvendi
903 3768 1002 3846 atque
1031 3764 1161 3830 nomine
1192 3765 1252 3830 Dei
1277 3764 1480 3831 condonandi

152 3853 338 3919 includitur.
379 3854 413 3936 3)
437 3855 546 3936 Atque
562 3853 710 3919 Ecclesia
733 3853 807 3936 ipsa
828 3852 888 3918 sibi
913 3873 1043 3938 semper
1065 3874 1137 3919 eam
1162 3858 1363 3939 potestatem
1386 3874 1481 3920 exer-

153 3943 254 4008 cendo
278 3941 438 4009 attribuit.
485 3942 532 4008 ef.
556 3942 711 4007 Noldin
734 3942 776 4019 II,
800 3964 831 4009 n.
853 3945 927 4009 233.

90 4078 142 4132 274
241 4059 293 4123 An
317 4077 508 4133 nunssmnu
533 4061 571 4121 2¹¹²
594 4057 633 4123 R.
656 4061 685 4124 l.
731 4057 882 4123 Summus
905 4056 1060 4123 Pontifex
1090 4061 1201 4141 potest
1230 4079 1289 4142 pro
1319 4061 1393 4126 tota
1417 4058 1478 4124 Ec·

153 4146 253 4212 clesia
269 4146 457 4230 dispensare
479 4168 551 4212 cum
573 4145 722 4211 omnibus
737 4147 886 4211 fidelibus
902 4146 1126 4229 undecumque
1142 4146 1359 4226 venientibus,
1383 4146 1478 4230 idque

152 4258 173 4301 a
195 4234 393 4318 quibuslibet
415 4234 518 4312 votis;
543 4257 607 4299 non
632 4236 717 4317 quod
741 4236 782 4301 ab
806 4235 955 4300 omnibus
978 4235 1065 4301 votis
1088 4258 1148 4319 pro
1171 4236 1266 4303 libitu
1289 4235 1395 4322 possit
1417 4237 1477 4302 sol·

152 4346 239 4404 vere,
262 4325 331 4403 sed,
355 4324 384 4389 si
406 4323 494 4390 iusta
518 4345 617 4391 causa
641 4328 801 4401 occurrat,
825 4323 948 4388 nullum
965 4329 1079 4390 votum
1103 4346 1145 4391 ex
1168 4347 1204 4390 se
1227 4325 1297 4391 eius
1320 4325 1477 4409 potestati

152 4415 356 4482 subtractum
381 4416 442 4479 est.

240 4521 279 4588 R.
304 4523 335 4587 2.
381 4517 534 4602 Episcopi
558 4518 747 4602 dispensare
776 4522 915 4602 possunt
943 4518 976 4583 in
1007 4540 1067 4585 sua
1090 4518 1229 4586 dioecesi
1259 4541 1280 4586 a
1303 4521 1391 4587 votis
1413 4520 1477 4604 pri·

152 4608 239 4675 vatis
263 4630 327 4672 non
350 4607 540 4686 reservatis
565 4608 661 4691 idque
686 4608 717 4672 vi
742 4607 927 4673 ordinariae
942 4608 1129 4691 potestatis.
1169 4609 1353 4677 Reservata
1368 4616 1476 4677 autem
