<?xml version="1.0" encoding="UTF-8"?>
<!DOCTYPE html PUBLIC "-//W3C//DTD XHTML 1.0 Transitional//EN"
    "http://www.w3.org/TR/xhtml1/DTD/xhtml1-transitional.dtd">
<html xmlns="http://www.w3.org/1999/xhtml" xml:lang="en" lang="en">
 <head>
  <title>
</title>
<meta http-equiv="Content-Type" content="text/html;charset=utf-8" />
  <meta name='ocr-system' content='tesseract 3.04.00' />
  <meta name='ocr-capabilities' content='ocr_page ocr_carea ocr_par ocr_line ocrx_word'/>
</head>
<body>
  <div class='ocr_page' id='page_1' title='image "./casusconscienti01lehmgoog_0516.png"; bbox 0 0 3106 5168; ppageno 0'>
   <div class='ocr_carea' id='block_1_1' title="bbox 175 303 1001 374">
    <p class='ocr_par' dir='ltr' id='par_1_1' title="bbox 175 303 1001 374">
     <span class='ocr_line' id='line_1_1' title="bbox 175 303 1001 374; baseline -0.011 -6"><span class='ocrx_word' id='word_1_1' title='bbox 175 309 240 374; x_wconf 85' lang='lat'>500</span> <span class='ocrx_word' id='word_1_2' title='bbox 669 303 710 358; x_wconf 90' lang='lat' dir='ltr'>De</span> <span class='ocrx_word' id='word_1_3' title='bbox 727 304 835 374; x_wconf 90' lang='lat' dir='ltr'>legibus</span> <span class='ocrx_word' id='word_1_4' title='bbox 854 303 1001 359; x_wconf 74' lang='lat' dir='ltr'><strong>Ecclesiae.</strong></span> 
     </span>
    </p>
   </div>
   <div class='ocr_carea' id='block_1_2' title="bbox 112 479 1497 832">
    <p class='ocr_par' dir='ltr' id='par_1_2' title="bbox 112 479 1497 832">
     <span class='ocr_line' id='line_1_2' title="bbox 112 479 1496 563; baseline -0.001 -16"><span class='ocrx_word' id='word_1_5' title='bbox 112 492 164 547; x_wconf 84' lang='lat'>981</span> <span class='ocrx_word' id='word_1_6' title='bbox 264 482 303 548; x_wconf 91' lang='lat' dir='ltr'>R.</span> <span class='ocrx_word' id='word_1_7' title='bbox 328 484 358 546; x_wconf 88' lang='lat'>3.</span> <span class='ocrx_word' id='word_1_8' title='bbox 404 479 438 545; x_wconf 84' lang='lat' dir='ltr'>Si</span> <span class='ocrx_word' id='word_1_9' title='bbox 462 483 558 545; x_wconf 88' lang='lat' dir='ltr'>extra</span> <span class='ocrx_word' id='word_1_10' title='bbox 584 483 714 563; x_wconf 91' lang='lat' dir='ltr'>tempus</span> <span class='ocrx_word' id='word_1_11' title='bbox 737 480 1019 563; x_wconf 80' lang='lat' dir='ltr'>quadragesimale</span> <span class='ocrx_word' id='word_1_12' title='bbox 1042 481 1096 545; x_wconf 92' lang='lat' dir='ltr'>vel</span> <span class='ocrx_word' id='word_1_13' title='bbox 1119 479 1201 545; x_wconf 89' lang='lat' dir='ltr'>alios</span> <span class='ocrx_word' id='word_1_14' title='bbox 1225 479 1294 546; x_wconf 92' lang='lat' dir='ltr'>dies</span> <span class='ocrx_word' id='word_1_15' title='bbox 1323 480 1435 546; x_wconf 90' lang='lat' dir='ltr'>ieiunii</span> <span class='ocrx_word' id='word_1_16' title='bbox 1458 482 1496 546; x_wconf 96' lang='lat' dir='ltr'>ab</span> 
     </span>
     <span class='ocr_line' id='line_1_3' title="bbox 175 568 1496 654; baseline -0.002 -16"><span class='ocrx_word' id='word_1_17' title='bbox 175 573 384 638; x_wconf 76' lang='lat' dir='ltr'>abstinentiae</span> <span class='ocrx_word' id='word_1_18' title='bbox 406 568 481 651; x_wconf 88' lang='lat' dir='ltr'>lege</span> <span class='ocrx_word' id='word_1_19' title='bbox 497 568 718 651; x_wconf 89' lang='lat' dir='ltr'>dispensatum</span> <span class='ocrx_word' id='word_1_20' title='bbox 734 569 843 647; x_wconf 91' lang='lat' dir='ltr'>fuerit,</span> <span class='ocrx_word' id='word_1_21' title='bbox 868 570 939 634; x_wconf 89' lang='lat' dir='ltr'>sive</span> <span class='ocrx_word' id='word_1_22' title='bbox 961 569 1161 652; x_wconf 87' lang='lat' dir='ltr'>generaliter</span> <span class='ocrx_word' id='word_1_23' title='bbox 1183 568 1254 634; x_wconf 88' lang='lat' dir='ltr'>sive</span> <span class='ocrx_word' id='word_1_24' title='bbox 1269 570 1496 654; x_wconf 83' lang='lat' dir='ltr'>personaliter,</span> 
     </span>
     <span class='ocr_line' id='line_1_4' title="bbox 175 657 1497 744; baseline -0.001 -18"><span class='ocrx_word' id='word_1_25' title='bbox 175 683 239 727; x_wconf 93' lang='lat' dir='ltr'>non</span> <span class='ocrx_word' id='word_1_26' title='bbox 263 659 358 725; x_wconf 91' lang='lat' dir='ltr'>adest</span> <span class='ocrx_word' id='word_1_27' title='bbox 380 657 449 736; x_wconf 77' lang='lat' dir='ltr'>len,</span> <span class='ocrx_word' id='word_1_28' title='bbox 475 678 558 738; x_wconf 89' lang='lat' dir='ltr'>quae</span> <span class='ocrx_word' id='word_1_29' title='bbox 580 657 752 740; x_wconf 90' lang='lat' dir='ltr'>probibeat</span> <span class='ocrx_word' id='word_1_30' title='bbox 770 661 987 743; x_wconf 80' lang='lat' dir='ltr'>promiscuam</span> <span class='ocrx_word' id='word_1_31' title='bbox 1013 679 1099 723; x_wconf 70' lang='lat' dir='ltr'>eacan</span> <span class='ocrx_word' id='word_1_32' title='bbox 1122 657 1269 724; x_wconf 90' lang='lat' dir='ltr'>carnium</span> <span class='ocrx_word' id='word_1_33' title='bbox 1293 664 1328 725; x_wconf 92' lang='lat' dir='ltr'>et</span> <span class='ocrx_word' id='word_1_34' title='bbox 1351 659 1497 744; x_wconf 84' lang='lat' dir='ltr'>piscium,</span> 
     </span>
     <span class='ocr_line' id='line_1_5' title="bbox 175 747 901 832; baseline -0.001 -17"><span class='ocrx_word' id='word_1_35' title='bbox 175 750 260 815; x_wconf 90' lang='lat' dir='ltr'>sicut</span> <span class='ocrx_word' id='word_1_36' title='bbox 282 747 432 832; x_wconf 89' lang='lat' dir='ltr'>probibet</span> <span class='ocrx_word' id='word_1_37' title='bbox 456 750 603 830; x_wconf 90' lang='lat' dir='ltr'>tempore</span> <span class='ocrx_word' id='word_1_38' title='bbox 626 767 725 829; x_wconf 90' lang='lat' dir='ltr'>supra</span> <span class='ocrx_word' id='word_1_39' title='bbox 748 747 901 814; x_wconf 89' lang='lat' dir='ltr'>indicato.</span> 
     </span>
    </p>
   </div>
   <div class='ocr_carea' id='block_1_3' title="bbox 175 851 1501 1560">
    <p class='ocr_par' dir='ltr' id='par_1_3' title="bbox 175 851 1500 1206">
     <span class='ocr_line' id='line_1_6' title="bbox 264 851 1500 934; baseline 0.002 -16"><span class='ocrx_word' id='word_1_40' title='bbox 264 853 303 918; x_wconf 86' lang='lat' dir='ltr'>R.</span> <span class='ocrx_word' id='word_1_41' title='bbox 328 856 359 918; x_wconf 89' lang='grc'>4.</span> <span class='ocrx_word' id='word_1_42' title='bbox 405 851 623 934; x_wconf 90' lang='lat' dir='ltr'>Dispensandi</span> <span class='ocrx_word' id='word_1_43' title='bbox 652 852 813 918; x_wconf 80' lang='lat' dir='ltr'>facultate</span> <span class='ocrx_word' id='word_1_44' title='bbox 843 874 914 917; x_wconf 90' lang='lat' dir='ltr'>cum</span> <span class='ocrx_word' id='word_1_45' title='bbox 939 852 1079 917; x_wconf 91' lang='lat' dir='ltr'>dioecesi</span> <span class='ocrx_word' id='word_1_46' title='bbox 1106 854 1158 918; x_wconf 93' lang='lat' dir='ltr'>vel</span> <span class='ocrx_word' id='word_1_47' title='bbox 1190 853 1444 931; x_wconf 85' lang='lat' dir='ltr'>communitate,</span> <span class='ocrx_word' id='word_1_48' title='bbox 1473 854 1500 919; x_wconf 91' lang='lat' dir='ltr'>si</span> 
     </span>
     <span class='ocr_line' id='line_1_7' title="bbox 175 940 1499 1025; baseline 0 -17"><span class='ocrx_word' id='word_1_49' title='bbox 175 942 321 1025; x_wconf 83' lang='lat' dir='ltr'>excipias</span> <span class='ocrx_word' id='word_1_50' title='bbox 343 941 535 1006; x_wconf 89' lang='lat' dir='ltr'>facultatem</span> <span class='ocrx_word' id='word_1_51' title='bbox 559 940 655 1005; x_wconf 90' lang='lat' dir='ltr'>modo</span> <span class='ocrx_word' id='word_1_52' title='bbox 679 941 898 1019; x_wconf 84' lang='lat' dir='ltr'>nominatam,</span> <span class='ocrx_word' id='word_1_53' title='bbox 924 941 1066 1025; x_wconf 85' lang='lat' dir='ltr'>episcopi</span> <span class='ocrx_word' id='word_1_54' title='bbox 1090 963 1154 1007; x_wconf 93' lang='lat' dir='ltr'>non</span> <span class='ocrx_word' id='word_1_55' title='bbox 1177 941 1350 1025; x_wconf 89' lang='lat' dir='ltr'>potiuntur</span> <span class='ocrx_word' id='word_1_56' title='bbox 1373 942 1499 1008; x_wconf 81' lang='lat' dir='ltr'>nisiex</span> 
     </span>
     <span class='ocr_line' id='line_1_8' title="bbox 175 1029 1499 1117; baseline -0.001 -20"><span class='ocrx_word' id='word_1_57' title='bbox 175 1030 347 1117; x_wconf 88' lang='lat' dir='ltr'>privilegio</span> <span class='ocrx_word' id='word_1_58' title='bbox 371 1029 550 1113; x_wconf 88' lang='lat' dir='ltr'>apostolico</span> <span class='ocrx_word' id='word_1_59' title='bbox 581 1029 649 1094; x_wconf 92' lang='lat' dir='ltr'>suis</span> <span class='ocrx_word' id='word_1_60' title='bbox 673 1029 873 1113; x_wconf 89' lang='lat' dir='ltr'>temporibus</span> <span class='ocrx_word' id='word_1_61' title='bbox 896 1031 1093 1096; x_wconf 90' lang='lat' dir='ltr'>renovando.</span> <span class='ocrx_word' id='word_1_62' title='bbox 1140 1030 1284 1097; x_wconf 89' lang='lat' dir='ltr'>Possunt</span> <span class='ocrx_word' id='word_1_63' title='bbox 1314 1035 1428 1096; x_wconf 88' lang='lat' dir='ltr'>tamen</span> <span class='ocrx_word' id='word_1_64' title='bbox 1452 1055 1499 1097; x_wconf 90' lang='lat' dir='ltr'>or·</span> 
     </span>
     <span class='ocr_line' id='line_1_9' title="bbox 176 1118 1356 1206; baseline -0.001 -19"><span class='ocrx_word' id='word_1_65' title='bbox 176 1123 311 1187; x_wconf 69' lang='lat' dir='ltr'>dicteria</span> <span class='ocrx_word' id='word_1_66' title='bbox 334 1141 395 1185; x_wconf 80' lang='lat' dir='ltr'>aaa</span> <span class='ocrx_word' id='word_1_67' title='bbox 418 1118 577 1184; x_wconf 85' lang='lat' dir='ltr'>facultate</span> <span class='ocrx_word' id='word_1_68' title='bbox 601 1119 790 1202; x_wconf 90' lang='lat' dir='ltr'>dispensare</span> <span class='ocrx_word' id='word_1_69' title='bbox 814 1140 856 1184; x_wconf 84' lang='lat' dir='ltr'>ex</span> <span class='ocrx_word' id='word_1_70' title='bbox 879 1118 965 1184; x_wconf 90' lang='lat' dir='ltr'>iusta</span> <span class='ocrx_word' id='word_1_71' title='bbox 989 1140 1184 1185; x_wconf 90' lang='lat' dir='ltr'>causacum</span> <span class='ocrx_word' id='word_1_72' title='bbox 1208 1123 1356 1206; x_wconf 68' lang='lat' dir='ltr'>singulte.</span> 
     </span>
    </p>

    <p class='ocr_par' dir='ltr' id='par_1_4' title="bbox 175 1207 1501 1560">
     <span class='ocr_line' id='line_1_10' title="bbox 265 1207 1501 1293; baseline 0.001 -20"><span class='ocrx_word' id='word_1_73' title='bbox 265 1209 368 1286; x_wconf 85' lang='lat' dir='ltr'>Quam</span> <span class='ocrx_word' id='word_1_74' title='bbox 392 1207 601 1291; x_wconf 86' lang='lat' dir='ltr'>dispensandi</span> <span class='ocrx_word' id='word_1_75' title='bbox 630 1208 821 1275; x_wconf 85' lang='lat' dir='ltr'>facultatem</span> <span class='ocrx_word' id='word_1_76' title='bbox 852 1208 952 1273; x_wconf 90' lang='lat' dir='ltr'>etiam</span> <span class='ocrx_word' id='word_1_77' title='bbox 974 1207 1097 1274; x_wconf 91' lang='lat' dir='ltr'>habent</span> <span class='ocrx_word' id='word_1_78' title='bbox 1120 1229 1162 1272; x_wconf 82' lang='lat' dir='ltr'>ex</span> <span class='ocrx_word' id='word_1_79' title='bbox 1185 1209 1422 1275; x_wconf 92' lang='lat' dir='ltr'>consuetudine</span> <span class='ocrx_word' id='word_1_80' title='bbox 1445 1231 1501 1293; x_wconf 91' lang='lat' dir='ltr'>pa·</span> 
     </span>
     <span class='ocr_line' id='line_1_11' title="bbox 175 1296 1500 1380; baseline 0 -16"><span class='ocrx_word' id='word_1_81' title='bbox 175 1298 280 1373; x_wconf 88' lang='lat' dir='ltr'>rochi;</span> <span class='ocrx_word' id='word_1_82' title='bbox 306 1296 497 1363; x_wconf 88' lang='lat' dir='ltr'>confessarii</span> <span class='ocrx_word' id='word_1_83' title='bbox 519 1300 659 1375; x_wconf 89' lang='lat' dir='ltr'>tantum,</span> <span class='ocrx_word' id='word_1_84' title='bbox 683 1297 812 1379; x_wconf 91' lang='lat' dir='ltr'>quando</span> <span class='ocrx_word' id='word_1_85' title='bbox 830 1297 871 1361; x_wconf 90' lang='lat' dir='ltr'>iis</span> <span class='ocrx_word' id='word_1_86' title='bbox 894 1318 954 1380; x_wconf 88' lang='lat' dir='ltr'>per</span> <span class='ocrx_word' id='word_1_87' title='bbox 969 1297 1149 1362; x_wconf 85' lang='lat' dir='ltr'>ordinarios</span> <span class='ocrx_word' id='word_1_88' title='bbox 1172 1296 1219 1378; x_wconf 90' lang='lat' dir='ltr'>(in</span> <span class='ocrx_word' id='word_1_89' title='bbox 1242 1318 1352 1363; x_wconf 91' lang='lat' dir='ltr'>annuo</span> <span class='ocrx_word' id='word_1_90' title='bbox 1375 1297 1500 1364; x_wconf 91' lang='lat' dir='ltr'>indulto</span> 
     </span>
     <span class='ocr_line' id='line_1_12' title="bbox 177 1384 1499 1470; baseline 0 -17"><span class='ocrx_word' id='word_1_91' title='bbox 177 1384 467 1470; x_wconf 88' lang='lat' dir='ltr'>quadragesimali)</span> <span class='ocrx_word' id='word_1_92' title='bbox 501 1406 689 1450; x_wconf 90' lang='lat' dir='ltr'>concessum</span> <span class='ocrx_word' id='word_1_93' title='bbox 719 1386 837 1464; x_wconf 90' lang='lat' dir='ltr'>fucrit,</span> <span class='ocrx_word' id='word_1_94' title='bbox 870 1385 967 1467; x_wconf 86' lang='lat' dir='ltr'>idque</span> <span class='ocrx_word' id='word_1_95' title='bbox 999 1407 1037 1451; x_wconf 91' lang='lat' dir='ltr'>eo</span> <span class='ocrx_word' id='word_1_96' title='bbox 1069 1386 1165 1451; x_wconf 91' lang='lat' dir='ltr'>modo</span> <span class='ocrx_word' id='word_1_97' title='bbox 1197 1386 1303 1468; x_wconf 90' lang='lat' dir='ltr'>iisque</span> <span class='ocrx_word' id='word_1_98' title='bbox 1334 1387 1499 1466; x_wconf 89' lang='lat' dir='ltr'>limitibus,</span> 
     </span>
     <span class='ocr_line' id='line_1_13' title="bbox 178 1477 592 1560; baseline -0.002 -19"><span class='ocrx_word' id='word_1_99' title='bbox 178 1477 295 1560; x_wconf 91' lang='lat' dir='ltr'>quibus</span> <span class='ocrx_word' id='word_1_100' title='bbox 319 1480 371 1541; x_wconf 90' lang='lat' dir='ltr'>est</span> <span class='ocrx_word' id='word_1_101' title='bbox 394 1495 592 1540; x_wconf 91' lang='lat' dir='ltr'>concessum.</span> 
     </span>
    </p>
   </div>
   <div class='ocr_carea' id='block_1_4' title="bbox 174 1571 1502 2369">
    <p class='ocr_par' dir='ltr' id='par_1_5' title="bbox 174 1571 1502 2174">
     <span class='ocr_line' id='line_1_14' title="bbox 264 1571 1500 1656; baseline 0.002 -19"><span class='ocrx_word' id='word_1_102' title='bbox 264 1573 303 1641; x_wconf 86' lang='lat' dir='ltr'>R.</span> <span class='ocrx_word' id='word_1_103' title='bbox 329 1575 359 1638; x_wconf 89' lang='lat'>5.</span> <span class='ocrx_word' id='word_1_104' title='bbox 406 1572 513 1637; x_wconf 81' lang='lat' dir='ltr'>Causa</span> <span class='ocrx_word' id='word_1_105' title='bbox 536 1572 760 1656; x_wconf 89' lang='lat' dir='ltr'>dispensandi,</span> <span class='ocrx_word' id='word_1_106' title='bbox 785 1575 823 1636; x_wconf 91' lang='lat' dir='ltr'>ut</span> <span class='ocrx_word' id='word_1_107' title='bbox 845 1571 1059 1638; x_wconf 88' lang='lat' dir='ltr'>habitualiter</span> <span class='ocrx_word' id='word_1_108' title='bbox 1081 1572 1305 1656; x_wconf 85' lang='lat' dir='ltr'>dispensetur,</span> <span class='ocrx_word' id='word_1_109' title='bbox 1331 1577 1386 1639; x_wconf 89' lang='lat' dir='ltr'>est</span> <span class='ocrx_word' id='word_1_110' title='bbox 1408 1578 1500 1639; x_wconf 91' lang='lat' dir='ltr'>nota·</span> 
     </span>
     <span class='ocr_line' id='line_1_15' title="bbox 174 1660 1502 1743; baseline 0 -16"><span class='ocrx_word' id='word_1_111' title='bbox 174 1662 250 1728; x_wconf 85' lang='lat' dir='ltr'>bilis</span> <span class='ocrx_word' id='word_1_112' title='bbox 274 1661 469 1739; x_wconf 84' lang='lat' dir='ltr'>difficultas,</span> <span class='ocrx_word' id='word_1_113' title='bbox 495 1682 591 1742; x_wconf 89' lang='lat' dir='ltr'>quam</span> <span class='ocrx_word' id='word_1_114' title='bbox 616 1661 733 1743; x_wconf 86' lang='lat' dir='ltr'>aliquis</span> <span class='ocrx_word' id='word_1_115' title='bbox 756 1661 855 1727; x_wconf 91' lang='lat' dir='ltr'>habet</span> <span class='ocrx_word' id='word_1_116' title='bbox 878 1661 932 1726; x_wconf 91' lang='lat' dir='ltr'>vel</span> <span class='ocrx_word' id='word_1_117' title='bbox 955 1660 988 1742; x_wconf 91' lang='lat' dir='ltr'>a)</span> <span class='ocrx_word' id='word_1_118' title='bbox 1011 1661 1045 1725; x_wconf 93' lang='lat' dir='ltr'>in</span> <span class='ocrx_word' id='word_1_119' title='bbox 1069 1662 1253 1743; x_wconf 87' lang='lat' dir='ltr'>digerendis</span> <span class='ocrx_word' id='word_1_120' title='bbox 1276 1683 1336 1727; x_wconf 90' lang='lat' dir='ltr'>seu</span> <span class='ocrx_word' id='word_1_121' title='bbox 1361 1662 1502 1728; x_wconf 87' lang='lat' dir='ltr'>ferendis</span> 
     </span>
     <span class='ocr_line' id='line_1_16' title="bbox 176 1750 1501 1833; baseline 0 -17"><span class='ocrx_word' id='word_1_122' title='bbox 176 1751 257 1817; x_wconf 88' lang='lat' dir='ltr'>cibis</span> <span class='ocrx_word' id='word_1_123' title='bbox 282 1750 491 1827; x_wconf 74' lang='lat' dir='ltr'>esurialibuS,</span> <span class='ocrx_word' id='word_1_124' title='bbox 522 1751 575 1814; x_wconf 92' lang='lat' dir='ltr'>vel</span> <span class='ocrx_word' id='word_1_125' title='bbox 605 1750 638 1814; x_wconf 92' lang='lat' dir='ltr'>in</span> <span class='ocrx_word' id='word_1_126' title='bbox 668 1750 817 1815; x_wconf 88' lang='lat' dir='ltr'>habenda</span> <span class='ocrx_word' id='word_1_127' title='bbox 848 1755 1023 1833; x_wconf 90' lang='lat' dir='ltr'>utcumque</span> <span class='ocrx_word' id='word_1_128' title='bbox 1053 1750 1227 1817; x_wconf 90' lang='lat' dir='ltr'>sufficienti</span> <span class='ocrx_word' id='word_1_129' title='bbox 1256 1751 1440 1818; x_wconf 88' lang='lat' dir='ltr'>nutritione</span> <span class='ocrx_word' id='word_1_130' title='bbox 1463 1773 1501 1816; x_wconf 83' lang='lat' dir='ltr'>ex</span> 
     </span>
     <span class='ocr_line' id='line_1_17' title="bbox 176 1838 1500 1924; baseline 0 -19"><span class='ocrx_word' id='word_1_131' title='bbox 176 1839 369 1905; x_wconf 88' lang='lat' dir='ltr'>esurialibus</span> <span class='ocrx_word' id='word_1_132' title='bbox 386 1838 481 1915; x_wconf 92' lang='lat' dir='ltr'>cibis,</span> <span class='ocrx_word' id='word_1_133' title='bbox 512 1839 565 1904; x_wconf 91' lang='lat' dir='ltr'>vel</span> <span class='ocrx_word' id='word_1_134' title='bbox 596 1839 630 1920; x_wconf 87' lang='lat' dir='ltr'>b)</span> <span class='ocrx_word' id='word_1_135' title='bbox 655 1839 687 1903; x_wconf 92' lang='lat' dir='ltr'>in</span> <span class='ocrx_word' id='word_1_136' title='bbox 711 1840 869 1905; x_wconf 90' lang='lat' dir='ltr'>habendis</span> <span class='ocrx_word' id='word_1_137' title='bbox 892 1839 1086 1905; x_wconf 88' lang='lat' dir='ltr'>esurialibus</span> <span class='ocrx_word' id='word_1_138' title='bbox 1110 1839 1198 1906; x_wconf 88' lang='lat' dir='ltr'>cibis.</span> <span class='ocrx_word' id='word_1_139' title='bbox 1223 1875 1267 1884; x_wconf 92' lang='lat'><em>-</em></span> <span class='ocrx_word' id='word_1_140' title='bbox 1290 1840 1500 1924; x_wconf 87' lang='lat' dir='ltr'>Dispensatio</span> 
     </span>
     <span class='ocr_line' id='line_1_18' title="bbox 175 1927 1501 2013; baseline -0.001 -18"><span class='ocrx_word' id='word_1_141' title='bbox 175 1928 368 1996; x_wconf 90' lang='lat' dir='ltr'>transitoria</span> <span class='ocrx_word' id='word_1_142' title='bbox 397 1949 456 2012; x_wconf 94' lang='lat' dir='ltr'>pro</span> <span class='ocrx_word' id='word_1_143' title='bbox 487 1932 578 1993; x_wconf 86' lang='lat' dir='ltr'>certa</span> <span class='ocrx_word' id='word_1_144' title='bbox 609 1927 718 2009; x_wconf 86' lang='lat' dir='ltr'>aliqua</span> <span class='ocrx_word' id='word_1_145' title='bbox 745 1929 815 1993; x_wconf 92' lang='lat' dir='ltr'>vice</span> <span class='ocrx_word' id='word_1_146' title='bbox 846 1949 925 1994; x_wconf 90' lang='lat' dir='ltr'>sane</span> <span class='ocrx_word' id='word_1_147' title='bbox 955 1929 1056 1994; x_wconf 86' lang='lat' dir='ltr'>etiarn</span> <span class='ocrx_word' id='word_1_148' title='bbox 1086 1934 1220 2013; x_wconf 90' lang='lat' dir='ltr'>propter</span> <span class='ocrx_word' id='word_1_149' title='bbox 1243 1929 1327 1994; x_wconf 88' lang='lat' dir='ltr'>alias</span> <span class='ocrx_word' id='word_1_150' title='bbox 1359 1931 1501 1997; x_wconf 87' lang='lat' dir='ltr'>rationes</span> 
     </span>
     <span class='ocr_line' id='line_1_19' title="bbox 175 2017 1501 2101; baseline 0 -17"><span class='ocrx_word' id='word_1_151' title='bbox 175 2018 246 2084; x_wconf 87' lang='lat' dir='ltr'>fieri</span> <span class='ocrx_word' id='word_1_152' title='bbox 278 2021 403 2101; x_wconf 87' lang='lat' dir='ltr'>pot-est,</span> <span class='ocrx_word' id='word_1_153' title='bbox 437 2017 463 2080; x_wconf 94' lang='lat' dir='ltr'>si</span> <span class='ocrx_word' id='word_1_154' title='bbox 496 2023 672 2100; x_wconf 90' lang='lat' dir='ltr'>utcumque</span> <span class='ocrx_word' id='word_1_155' title='bbox 702 2038 744 2082; x_wconf 82' lang='lat' dir='ltr'>ex</span> <span class='ocrx_word' id='word_1_156' title='bbox 774 2017 980 2082; x_wconf 89' lang='lat' dir='ltr'>observanda</span> <span class='ocrx_word' id='word_1_157' title='bbox 1011 2017 1085 2099; x_wconf 88' lang='lat' dir='ltr'>lege</span> <span class='ocrx_word' id='word_1_158' title='bbox 1117 2018 1338 2084; x_wconf 87' lang='lat' dir='ltr'>abstinentiae</span> <span class='ocrx_word' id='word_1_159' title='bbox 1371 2019 1501 2084; x_wconf 86' lang='lat' dir='ltr'>insolita</span> 
     </span>
     <span class='ocr_line' id='line_1_20' title="bbox 177 2105 491 2174; baseline -0.006 -1"><span class='ocrx_word' id='word_1_160' title='bbox 177 2107 281 2174; x_wconf 92' lang='lat' dir='ltr'>oritur</span> <span class='ocrx_word' id='word_1_161' title='bbox 304 2105 491 2172; x_wconf 86' lang='lat' dir='ltr'>difficultas.</span> 
     </span>
    </p>

    <p class='ocr_par' dir='ltr' id='par_1_6' title="bbox 174 2193 1499 2369">
     <span class='ocr_line' id='line_1_21' title="bbox 265 2193 1499 2281; baseline 0 -20"><span class='ocrx_word' id='word_1_162' title='bbox 265 2195 298 2262; x_wconf 86' lang='lat' dir='ltr'>Si</span> <span class='ocrx_word' id='word_1_163' title='bbox 322 2194 373 2260; x_wconf 91' lang='lat' dir='ltr'>cui</span> <span class='ocrx_word' id='word_1_164' title='bbox 397 2216 476 2260; x_wconf 93' lang='lat' dir='ltr'>vero</span> <span class='ocrx_word' id='word_1_165' title='bbox 500 2194 699 2260; x_wconf 88' lang='lat' dir='ltr'>abstinentia</span> <span class='ocrx_word' id='word_1_166' title='bbox 722 2215 743 2259; x_wconf 93' lang='lat' dir='ltr'>a</span> <span class='ocrx_word' id='word_1_167' title='bbox 766 2193 917 2259; x_wconf 90' lang='lat' dir='ltr'>carnibus</span> <span class='ocrx_word' id='word_1_168' title='bbox 940 2193 1041 2260; x_wconf 90' lang='lat' dir='ltr'>fuerit</span> <span class='ocrx_word' id='word_1_169' title='bbox 1063 2193 1182 2260; x_wconf 90' lang='lat' dir='ltr'>nociva</span> <span class='ocrx_word' id='word_1_170' title='bbox 1205 2195 1258 2260; x_wconf 88' lang='lat' dir='ltr'>vel</span> <span class='ocrx_word' id='word_1_171' title='bbox 1281 2195 1499 2281; x_wconf 88' lang='lat' dir='ltr'>impossibilis,</span> 
     </span>
     <span class='ocr_line' id='line_1_22' title="bbox 174 2283 1208 2369; baseline -0.001 -19"><span class='ocrx_word' id='word_1_172' title='bbox 174 2285 204 2350; x_wconf 91' lang='lat' dir='ltr'>is</span> <span class='ocrx_word' id='word_1_173' title='bbox 227 2284 470 2369; x_wconf 88' lang='lat' dir='ltr'>dispensatione</span> <span class='ocrx_word' id='word_1_174' title='bbox 493 2305 557 2348; x_wconf 92' lang='lat' dir='ltr'>non</span> <span class='ocrx_word' id='word_1_175' title='bbox 580 2283 715 2366; x_wconf 85' lang='lat' dir='ltr'>indiget,</span> <span class='ocrx_word' id='word_1_176' title='bbox 741 2283 797 2348; x_wconf 91' lang='lat' dir='ltr'>sed</span> <span class='ocrx_word' id='word_1_177' title='bbox 822 2304 863 2348; x_wconf 85' lang='lat' dir='ltr'>ex</span> <span class='ocrx_word' id='word_1_178' title='bbox 887 2304 923 2348; x_wconf 88' lang='lat' dir='ltr'>se</span> <span class='ocrx_word' id='word_1_179' title='bbox 946 2288 998 2349; x_wconf 88' lang='lat' dir='ltr'>est</span> <span class='ocrx_word' id='word_1_180' title='bbox 1021 2288 1208 2350; x_wconf 86' lang='lat' dir='ltr'>excusatus.</span> 
     </span>
    </p>
   </div>
   <div class='ocr_carea' id='block_1_5' title="bbox 114 2396 1500 2748">
    <p class='ocr_par' dir='ltr' id='par_1_7' title="bbox 114 2396 1500 2748">
     <span class='ocr_line' id='line_1_23' title="bbox 114 2396 1500 2481; baseline 0.003 -19"><span class='ocrx_word' id='word_1_181' title='bbox 114 2406 167 2462; x_wconf 84' lang='lat'>982</span> <span class='ocrx_word' id='word_1_182' title='bbox 265 2399 317 2463; x_wconf 85' lang='lat' dir='ltr'>An</span> <span class='ocrx_word' id='word_1_183' title='bbox 342 2418 532 2472; x_wconf 76' lang='lat' dir='ltr'>aususrrun</span> <span class='ocrx_word' id='word_1_184' title='bbox 557 2400 596 2460; x_wconf 64' lang='lat'>2³</span> <span class='ocrx_word' id='word_1_185' title='bbox 619 2396 657 2461; x_wconf 86' lang='lat' dir='ltr'>R.</span> <span class='ocrx_word' id='word_1_186' title='bbox 680 2399 709 2462; x_wconf 90' lang='lat'>1.</span> <span class='ocrx_word' id='word_1_187' title='bbox 757 2396 790 2461; x_wconf 88' lang='lat' dir='ltr'>Si</span> <span class='ocrx_word' id='word_1_188' title='bbox 814 2396 847 2460; x_wconf 91' lang='lat' dir='ltr'>in</span> <span class='ocrx_word' id='word_1_189' title='bbox 869 2400 1037 2479; x_wconf 84' lang='lat' dir='ltr'>potestate</span> <span class='ocrx_word' id='word_1_190' title='bbox 1059 2397 1189 2463; x_wconf 84' lang='lat' dir='ltr'>Bellctii</span> <span class='ocrx_word' id='word_1_191' title='bbox 1212 2397 1357 2481; x_wconf 87' lang='lat' dir='ltr'>positum</span> <span class='ocrx_word' id='word_1_192' title='bbox 1381 2405 1443 2477; x_wconf 91' lang='lat' dir='ltr'>est,</span> <span class='ocrx_word' id='word_1_193' title='bbox 1467 2405 1500 2466; x_wconf 94' lang='lat' dir='ltr'>ut</span> 
     </span>
     <span class='ocr_line' id='line_1_24' title="bbox 176 2484 1500 2573; baseline 0.001 -21"><span class='ocrx_word' id='word_1_194' title='bbox 176 2488 280 2571; x_wconf 87' lang='lat' dir='ltr'>possit</span> <span class='ocrx_word' id='word_1_195' title='bbox 302 2507 382 2570; x_wconf 86' lang='lat' dir='ltr'>prae</span> <span class='ocrx_word' id='word_1_196' title='bbox 405 2486 478 2552; x_wconf 89' lang='lat' dir='ltr'>aliis</span> <span class='ocrx_word' id='word_1_197' title='bbox 502 2486 583 2551; x_wconf 88' lang='lat' dir='ltr'>alios</span> <span class='ocrx_word' id='word_1_198' title='bbox 599 2486 668 2550; x_wconf 89' lang='lat' dir='ltr'>dies</span> <span class='ocrx_word' id='word_1_199' title='bbox 692 2484 823 2568; x_wconf 88' lang='lat' dir='ltr'>eligere,</span> <span class='ocrx_word' id='word_1_200' title='bbox 849 2486 964 2567; x_wconf 87' lang='lat' dir='ltr'>quibus</span> <span class='ocrx_word' id='word_1_201' title='bbox 988 2492 1151 2552; x_wconf 88' lang='lat' dir='ltr'>certarum</span> <span class='ocrx_word' id='word_1_202' title='bbox 1170 2486 1371 2553; x_wconf 88' lang='lat' dir='ltr'>familiarum</span> <span class='ocrx_word' id='word_1_203' title='bbox 1394 2489 1500 2573; x_wconf 88' lang='lat' dir='ltr'>hospi·</span> 
     </span>
     <span class='ocr_line' id='line_1_25' title="bbox 176 2573 1500 2658; baseline 0.002 -18"><span class='ocrx_word' id='word_1_204' title='bbox 176 2576 308 2640; x_wconf 91' lang='lat' dir='ltr'>talitate</span> <span class='ocrx_word' id='word_1_205' title='bbox 332 2578 459 2651; x_wconf 90' lang='lat' dir='ltr'>utatur,</span> <span class='ocrx_word' id='word_1_206' title='bbox 483 2576 535 2639; x_wconf 90' lang='lat' dir='ltr'>vel</span> <span class='ocrx_word' id='word_1_207' title='bbox 560 2574 601 2639; x_wconf 89' lang='lat' dir='ltr'>ab</span> <span class='ocrx_word' id='word_1_208' title='bbox 625 2573 716 2640; x_wconf 90' lang='lat' dir='ltr'>initio</span> <span class='ocrx_word' id='word_1_209' title='bbox 740 2573 788 2640; x_wconf 91' lang='lat' dir='ltr'>ita</span> <span class='ocrx_word' id='word_1_210' title='bbox 811 2574 998 2658; x_wconf 90' lang='lat' dir='ltr'>disponere,</span> <span class='ocrx_word' id='word_1_211' title='bbox 1024 2579 1061 2640; x_wconf 91' lang='lat' dir='ltr'>ut</span> <span class='ocrx_word' id='word_1_212' title='bbox 1084 2575 1196 2640; x_wconf 90' lang='lat' dir='ltr'>diebus</span> <span class='ocrx_word' id='word_1_213' title='bbox 1219 2576 1416 2642; x_wconf 80' lang='lat' dir='ltr'>esurialibus</span> <span class='ocrx_word' id='word_1_214' title='bbox 1440 2599 1500 2642; x_wconf 91' lang='lat' dir='ltr'>nou</span> 
     </span>
     <span class='ocr_line' id='line_1_26' title="bbox 177 2663 1499 2748; baseline 0.002 -20"><span class='ocrx_word' id='word_1_215' title='bbox 177 2668 287 2729; x_wconf 90' lang='lat' dir='ltr'>sumat</span> <span class='ocrx_word' id='word_1_216' title='bbox 310 2663 479 2748; x_wconf 89' lang='lat' dir='ltr'>prandium</span> <span class='ocrx_word' id='word_1_217' title='bbox 503 2663 564 2726; x_wconf 90' lang='lat' dir='ltr'>nisi</span> <span class='ocrx_word' id='word_1_218' title='bbox 588 2663 673 2746; x_wconf 90' lang='lat' dir='ltr'>apud</span> <span class='ocrx_word' id='word_1_219' title='bbox 697 2663 892 2729; x_wconf 88' lang='lat' dir='ltr'>catholicos:</span> <span class='ocrx_word' id='word_1_220' title='bbox 916 2663 965 2729; x_wconf 92' lang='lat' dir='ltr'>ita</span> <span class='ocrx_word' id='word_1_221' title='bbox 988 2684 1098 2746; x_wconf 88' lang='lat' dir='ltr'>perse</span> <span class='ocrx_word' id='word_1_222' title='bbox 1120 2685 1190 2729; x_wconf 92' lang='lat' dir='ltr'>rem</span> <span class='ocrx_word' id='word_1_223' title='bbox 1206 2664 1380 2747; x_wconf 86' lang='lat' dir='ltr'>disponere</span> <span class='ocrx_word' id='word_1_224' title='bbox 1396 2667 1499 2732; x_wconf 88' lang='lat' dir='ltr'>debet.</span> 
     </span>
    </p>
   </div>
   <div class='ocr_carea' id='block_1_6' title="bbox 179 2769 1504 4095">
    <p class='ocr_par' dir='ltr' id='par_1_8' title="bbox 179 2769 1500 3280">
     <span class='ocr_line' id='line_1_27' title="bbox 268 2769 1499 2854; baseline 0.002 -21"><span class='ocrx_word' id='word_1_225' title='bbox 268 2771 305 2834; x_wconf 82' lang='lat' dir='ltr'>R..</span> <span class='ocrx_word' id='word_1_226' title='bbox 332 2773 361 2835; x_wconf 84' lang='lat'>2.</span> <span class='ocrx_word' id='word_1_227' title='bbox 409 2769 442 2833; x_wconf 87' lang='lat' dir='ltr'>Si</span> <span class='ocrx_word' id='word_1_228' title='bbox 466 2775 576 2834; x_wconf 89' lang='lat' dir='ltr'>autem</span> <span class='ocrx_word' id='word_1_229' title='bbox 600 2770 632 2833; x_wconf 93' lang='lat' dir='ltr'>in</span> <span class='ocrx_word' id='word_1_230' title='bbox 657 2769 725 2833; x_wconf 87' lang='lat' dir='ltr'>cius</span> <span class='ocrx_word' id='word_1_231' title='bbox 750 2769 885 2835; x_wconf 87' lang='lat' dir='ltr'>arbitrio</span> <span class='ocrx_word' id='word_1_232' title='bbox 911 2791 975 2834; x_wconf 92' lang='lat' dir='ltr'>non</span> <span class='ocrx_word' id='word_1_233' title='bbox 999 2775 1050 2834; x_wconf 87' lang='lat' dir='ltr'>est</span> <span class='ocrx_word' id='word_1_234' title='bbox 1073 2790 1127 2834; x_wconf 90' lang='lat' dir='ltr'>res</span> <span class='ocrx_word' id='word_1_235' title='bbox 1150 2769 1198 2835; x_wconf 86' lang='lat' dir='ltr'>ita</span> <span class='ocrx_word' id='word_1_236' title='bbox 1222 2770 1413 2854; x_wconf 89' lang='lat' dir='ltr'>disponere,</span> <span class='ocrx_word' id='word_1_237' title='bbox 1446 2794 1499 2836; x_wconf 79' lang='lat' dir='ltr'>en-</span> 
     </span>
     <span class='ocr_line' id='line_1_28' title="bbox 179 2858 1498 2940; baseline 0 -16"><span class='ocrx_word' id='word_1_238' title='bbox 179 2863 314 2924; x_wconf 88' lang='lat' dir='ltr'>cusatur</span> <span class='ocrx_word' id='word_1_239' title='bbox 329 2879 371 2922; x_wconf 81' lang='lat' dir='ltr'>ex</span> <span class='ocrx_word' id='word_1_240' title='bbox 387 2878 435 2934; x_wconf 92' lang='lat' dir='ltr'>eo,</span> <span class='ocrx_word' id='word_1_241' title='bbox 461 2859 545 2939; x_wconf 93' lang='lat' dir='ltr'>quod</span> <span class='ocrx_word' id='word_1_242' title='bbox 565 2878 628 2922; x_wconf 91' lang='lat' dir='ltr'>nou</span> <span class='ocrx_word' id='word_1_243' title='bbox 645 2858 765 2924; x_wconf 87' lang='lat' dir='ltr'>babeat</span> <span class='ocrx_word' id='word_1_244' title='bbox 780 2859 870 2923; x_wconf 92' lang='lat' dir='ltr'>cibos</span> <span class='ocrx_word' id='word_1_245' title='bbox 886 2858 1052 2933; x_wconf 88' lang='lat' dir='ltr'>esuriales,</span> <span class='ocrx_word' id='word_1_246' title='bbox 1079 2880 1183 2940; x_wconf 90' lang='lat' dir='ltr'>neque</span> <span class='ocrx_word' id='word_1_247' title='bbox 1199 2863 1332 2925; x_wconf 89' lang='lat' dir='ltr'>tenetur</span> <span class='ocrx_word' id='word_1_248' title='bbox 1347 2861 1498 2926; x_wconf 89' lang='lat' dir='ltr'>ieiunare.</span> 
     </span>
     <span class='ocr_line' id='line_1_29' title="bbox 180 2947 1500 3030; baseline -0.001 -15"><span class='ocrx_word' id='word_1_249' title='bbox 180 2949 212 3015; x_wconf 89' lang='lat' dir='ltr'>Si</span> <span class='ocrx_word' id='word_1_250' title='bbox 233 2969 309 3013; x_wconf 91' lang='lat' dir='ltr'>vero</span> <span class='ocrx_word' id='word_1_251' title='bbox 334 2952 465 3030; x_wconf 86' lang='lat' dir='ltr'>praeter</span> <span class='ocrx_word' id='word_1_252' title='bbox 481 2968 596 3011; x_wconf 89' lang='lat' dir='ltr'>carnes</span> <span class='ocrx_word' id='word_1_253' title='bbox 619 2947 725 3011; x_wconf 90' lang='lat' dir='ltr'>licitos</span> <span class='ocrx_word' id='word_1_254' title='bbox 749 2947 837 3012; x_wconf 89' lang='lat' dir='ltr'>cibos</span> <span class='ocrx_word' id='word_1_255' title='bbox 861 2947 970 3023; x_wconf 89' lang='lat' dir='ltr'>babet,</span> <span class='ocrx_word' id='word_1_256' title='bbox 995 2948 1034 3010; x_wconf 91' lang='lat' dir='ltr'>iis</span> <span class='ocrx_word' id='word_1_257' title='bbox 1058 2948 1169 3029; x_wconf 91' lang='lat' dir='ltr'>utique</span> <span class='ocrx_word' id='word_1_258' title='bbox 1186 2948 1284 3013; x_wconf 89' lang='lat' dir='ltr'>debet</span> <span class='ocrx_word' id='word_1_259' title='bbox 1307 2970 1344 3012; x_wconf 91' lang='lat' dir='ltr'>se</span> <span class='ocrx_word' id='word_1_260' title='bbox 1368 2951 1500 3014; x_wconf 88' lang='lat' dir='ltr'>restriu-</span> 
     </span>
     <span class='ocr_line' id='line_1_30' title="bbox 179 3036 1500 3120; baseline -0.001 -18"><span class='ocrx_word' id='word_1_261' title='bbox 179 3058 267 3120; x_wconf 90' lang='lat' dir='ltr'>gere.</span> <span class='ocrx_word' id='word_1_262' title='bbox 293 3073 336 3081; x_wconf 93' lang='lat'><em>-</em></span> <span class='ocrx_word' id='word_1_263' title='bbox 369 3036 465 3101; x_wconf 86' lang='lat' dir='ltr'>Sumo</span> <span class='ocrx_word' id='word_1_264' title='bbox 499 3036 628 3100; x_wconf 90' lang='lat' dir='ltr'>interim</span> <span class='ocrx_word' id='word_1_265' title='bbox 659 3057 732 3100; x_wconf 91' lang='lat' dir='ltr'>eum</span> <span class='ocrx_word' id='word_1_266' title='bbox 762 3058 826 3100; x_wconf 93' lang='lat' dir='ltr'>non</span> <span class='ocrx_word' id='word_1_267' title='bbox 856 3036 889 3099; x_wconf 91' lang='lat' dir='ltr'>in</span> <span class='ocrx_word' id='word_1_268' title='bbox 920 3036 1026 3100; x_wconf 89' lang='lat' dir='ltr'>odium</span> <span class='ocrx_word' id='word_1_269' title='bbox 1051 3036 1126 3100; x_wconf 90' lang='lat' dir='ltr'>fidei</span> <span class='ocrx_word' id='word_1_270' title='bbox 1156 3037 1266 3117; x_wconf 90' lang='lat' dir='ltr'>urgeri</span> <span class='ocrx_word' id='word_1_271' title='bbox 1294 3037 1336 3102; x_wconf 91' lang='lat' dir='ltr'>ad</span> <span class='ocrx_word' id='word_1_272' title='bbox 1361 3039 1500 3103; x_wconf 87' lang='lat' dir='ltr'>edendas</span> 
     </span>
     <span class='ocr_line' id='line_1_31' title="bbox 180 3125 1500 3202; baseline -0.002 -10"><span class='ocrx_word' id='word_1_273' title='bbox 180 3148 305 3192; x_wconf 90' lang='lat' dir='ltr'>carnes.</span> <span class='ocrx_word' id='word_1_274' title='bbox 351 3125 471 3201; x_wconf 82' lang='lat' dir='ltr'>Quodsi</span> <span class='ocrx_word' id='word_1_275' title='bbox 500 3147 535 3190; x_wconf 91' lang='lat' dir='ltr'>re</span> <span class='ocrx_word' id='word_1_276' title='bbox 559 3146 638 3189; x_wconf 88' lang='lat' dir='ltr'>vera</span> <span class='ocrx_word' id='word_1_277' title='bbox 662 3147 703 3189; x_wconf 87' lang='lat' dir='ltr'>ex</span> <span class='ocrx_word' id='word_1_278' title='bbox 727 3126 800 3189; x_wconf 92' lang='lat' dir='ltr'>odio</span> <span class='ocrx_word' id='word_1_279' title='bbox 824 3125 898 3190; x_wconf 90' lang='lat' dir='ltr'>fidei</span> <span class='ocrx_word' id='word_1_280' title='bbox 922 3125 1134 3202; x_wconf 86' lang='lat' dir='ltr'>invitaretur,</span> <span class='ocrx_word' id='word_1_281' title='bbox 1166 3126 1301 3191; x_wconf 88' lang='lat' dir='ltr'>deberet</span> <span class='ocrx_word' id='word_1_282' title='bbox 1331 3148 1413 3192; x_wconf 91' lang='lat' dir='ltr'>sane</span> <span class='ocrx_word' id='word_1_283' title='bbox 1437 3150 1500 3193; x_wconf 91' lang='lat' dir='ltr'>om·</span> 
     </span>
     <span class='ocr_line' id='line_1_32' title="bbox 180 3214 453 3280; baseline -0.004 0"><span class='ocrx_word' id='word_1_284' title='bbox 180 3217 256 3280; x_wconf 85' lang='lat' dir='ltr'>nino</span> <span class='ocrx_word' id='word_1_285' title='bbox 279 3214 453 3279; x_wconf 88' lang='lat' dir='ltr'>abstinere.</span> 
     </span>
    </p>

    <p class='ocr_par' dir='ltr' id='par_1_9' title="bbox 181 3301 1504 4095">
     <span class='ocr_line' id='line_1_33' title="bbox 270 3301 1501 3385; baseline 0 -17"><span class='ocrx_word' id='word_1_286' title='bbox 270 3303 450 3385; x_wconf 86' lang='lat' dir='ltr'>Siquando</span> <span class='ocrx_word' id='word_1_287' title='bbox 475 3302 507 3366; x_wconf 93' lang='lat' dir='ltr'>in</span> <span class='ocrx_word' id='word_1_288' title='bbox 531 3303 664 3384; x_wconf 87' lang='lat' dir='ltr'>regione</span> <span class='ocrx_word' id='word_1_289' title='bbox 681 3301 811 3368; x_wconf 89' lang='lat' dir='ltr'>Bellctii</span> <span class='ocrx_word' id='word_1_290' title='bbox 834 3303 988 3383; x_wconf 89' lang='lat' dir='ltr'>generale</span> <span class='ocrx_word' id='word_1_291' title='bbox 1013 3303 1171 3368; x_wconf 87' lang='lat' dir='ltr'>indultum</span> <span class='ocrx_word' id='word_1_292' title='bbox 1196 3306 1257 3380; x_wconf 90' lang='lat' dir='ltr'>est,</span> <span class='ocrx_word' id='word_1_293' title='bbox 1283 3307 1319 3369; x_wconf 90' lang='lat' dir='ltr'>ut</span> <span class='ocrx_word' id='word_1_294' title='bbox 1344 3304 1384 3369; x_wconf 88' lang='lat' dir='ltr'>iis</span> <span class='ocrx_word' id='word_1_295' title='bbox 1408 3326 1501 3371; x_wconf 89' lang='lat' dir='ltr'>carne</span> 
     </span>
     <span class='ocr_line' id='line_1_34' title="bbox 181 3391 1501 3474; baseline -0.001 -17"><span class='ocrx_word' id='word_1_296' title='bbox 181 3393 269 3458; x_wconf 88' lang='lat' dir='ltr'>vesci</span> <span class='ocrx_word' id='word_1_297' title='bbox 293 3393 404 3468; x_wconf 88' lang='lat' dir='ltr'>liceat,</span> <span class='ocrx_word' id='word_1_298' title='bbox 430 3391 499 3473; x_wconf 89' lang='lat' dir='ltr'>qui,</span> <span class='ocrx_word' id='word_1_299' title='bbox 524 3413 596 3456; x_wconf 91' lang='lat' dir='ltr'>cum</span> <span class='ocrx_word' id='word_1_300' title='bbox 620 3393 671 3456; x_wconf 92' lang='lat' dir='ltr'>sui</span> <span class='ocrx_word' id='word_1_301' title='bbox 693 3392 772 3455; x_wconf 92' lang='lat' dir='ltr'>iuris</span> <span class='ocrx_word' id='word_1_302' title='bbox 796 3412 859 3455; x_wconf 91' lang='lat' dir='ltr'>non</span> <span class='ocrx_word' id='word_1_303' title='bbox 883 3392 959 3467; x_wconf 86' lang='lat' dir='ltr'>sint,</span> <span class='ocrx_word' id='word_1_304' title='bbox 986 3392 1071 3474; x_wconf 86' lang='lat' dir='ltr'>apud</span> <span class='ocrx_word' id='word_1_305' title='bbox 1095 3392 1295 3457; x_wconf 89' lang='lat' dir='ltr'>acatholicos</span> <span class='ocrx_word' id='word_1_306' title='bbox 1319 3394 1428 3459; x_wconf 89' lang='lat' dir='ltr'>cibum</span> <span class='ocrx_word' id='word_1_307' title='bbox 1452 3417 1501 3458; x_wconf 88' lang='lat' dir='ltr'>su·</span> 
     </span>
     <span class='ocr_line' id='line_1_35' title="bbox 181 3480 1502 3566; baseline 0.001 -20"><span class='ocrx_word' id='word_1_308' title='bbox 181 3487 289 3546; x_wconf 89' lang='lat' dir='ltr'>mant:</span> <span class='ocrx_word' id='word_1_309' title='bbox 315 3482 420 3545; x_wconf 91' lang='lat' dir='ltr'>minus</span> <span class='ocrx_word' id='word_1_310' title='bbox 444 3481 542 3545; x_wconf 88' lang='lat' dir='ltr'>etiam</span> <span class='ocrx_word' id='word_1_311' title='bbox 567 3482 746 3563; x_wconf 91' lang='lat' dir='ltr'>urgendum</span> <span class='ocrx_word' id='word_1_312' title='bbox 770 3484 837 3555; x_wconf 90' lang='lat' dir='ltr'>est,</span> <span class='ocrx_word' id='word_1_313' title='bbox 862 3485 899 3545; x_wconf 91' lang='lat' dir='ltr'>ut</span> <span class='ocrx_word' id='word_1_314' title='bbox 923 3481 1080 3546; x_wconf 84' lang='lat' dir='ltr'>Bellctius</span> <span class='ocrx_word' id='word_1_315' title='bbox 1104 3480 1264 3547; x_wconf 83' lang='lat' dir='ltr'>industria</span> <span class='ocrx_word' id='word_1_316' title='bbox 1288 3486 1418 3562; x_wconf 91' lang='lat' dir='ltr'>utatur,</span> <span class='ocrx_word' id='word_1_317' title='bbox 1444 3504 1502 3566; x_wconf 89' lang='lat' dir='ltr'>qua</span> 
     </span>
     <span class='ocr_line' id='line_1_36' title="bbox 182 3568 1503 3653; baseline 0.001 -19"><span class='ocrx_word' id='word_1_318' title='bbox 182 3570 285 3653; x_wconf 89' lang='lat' dir='ltr'>possit</span> <span class='ocrx_word' id='word_1_319' title='bbox 317 3571 396 3653; x_wconf 86' lang='lat' dir='ltr'>ipsis</span> <span class='ocrx_word' id='word_1_320' title='bbox 426 3570 489 3633; x_wconf 91' lang='lat' dir='ltr'>illis</span> <span class='ocrx_word' id='word_1_321' title='bbox 520 3571 633 3634; x_wconf 89' lang='lat' dir='ltr'>diebus</span> <span class='ocrx_word' id='word_1_322' title='bbox 664 3570 749 3652; x_wconf 91' lang='lat' dir='ltr'>apud</span> <span class='ocrx_word' id='word_1_323' title='bbox 780 3568 957 3634; x_wconf 88' lang='lat' dir='ltr'>catholicos</span> <span class='ocrx_word' id='word_1_324' title='bbox 987 3570 1075 3634; x_wconf 88' lang='lat' dir='ltr'>cibos</span> <span class='ocrx_word' id='word_1_325' title='bbox 1105 3591 1241 3635; x_wconf 87' lang='lat' dir='ltr'>sumere.</span> <span class='ocrx_word' id='word_1_326' title='bbox 1290 3570 1326 3634; x_wconf 94' lang='lat' dir='ltr'>In</span> <span class='ocrx_word' id='word_1_327' title='bbox 1360 3594 1399 3637; x_wconf 91' lang='lat' dir='ltr'>eo</span> <span class='ocrx_word' id='word_1_328' title='bbox 1430 3594 1503 3638; x_wconf 83' lang='lat' dir='ltr'>casu</span> 
     </span>
     <span class='ocr_line' id='line_1_37' title="bbox 183 3658 1503 3744; baseline 0.002 -21"><span class='ocrx_word' id='word_1_329' title='bbox 183 3660 268 3723; x_wconf 88' lang='lat' dir='ltr'>enim</span> <span class='ocrx_word' id='word_1_330' title='bbox 292 3681 333 3722; x_wconf 86' lang='lat' dir='ltr'>ex</span> <span class='ocrx_word' id='word_1_331' title='bbox 356 3659 517 3723; x_wconf 90' lang='lat' dir='ltr'>industria</span> <span class='ocrx_word' id='word_1_332' title='bbox 541 3659 670 3741; x_wconf 89' lang='lat' dir='ltr'>quidem</span> <span class='ocrx_word' id='word_1_333' title='bbox 694 3658 909 3735; x_wconf 59' lang='lat' dir='ltr'>acatholicos</span> <span class='ocrx_word' id='word_1_334' title='bbox 941 3659 1026 3741; x_wconf 89' lang='lat' dir='ltr'>apud</span> <span class='ocrx_word' id='word_1_335' title='bbox 1051 3680 1131 3740; x_wconf 90' lang='lat' dir='ltr'>quos</span> <span class='ocrx_word' id='word_1_336' title='bbox 1159 3658 1353 3742; x_wconf 88' lang='lat' dir='ltr'>pranderet,</span> <span class='ocrx_word' id='word_1_337' title='bbox 1387 3662 1503 3744; x_wconf 89' lang='lat' dir='ltr'>eligere</span> 
     </span>
     <span class='ocr_line' id='line_1_38' title="bbox 183 3747 1503 3830; baseline 0.002 -18"><span class='ocrx_word' id='word_1_338' title='bbox 183 3749 213 3812; x_wconf 90' lang='lat' dir='ltr'>ei</span> <span class='ocrx_word' id='word_1_339' title='bbox 236 3769 300 3811; x_wconf 90' lang='lat' dir='ltr'>non</span> <span class='ocrx_word' id='word_1_340' title='bbox 324 3748 452 3823; x_wconf 90' lang='lat' dir='ltr'>liceret;</span> <span class='ocrx_word' id='word_1_341' title='bbox 482 3748 538 3812; x_wconf 88' lang='lat' dir='ltr'>sed</span> <span class='ocrx_word' id='word_1_342' title='bbox 562 3748 632 3811; x_wconf 91' lang='lat' dir='ltr'>sine</span> <span class='ocrx_word' id='word_1_343' title='bbox 656 3749 759 3812; x_wconf 90' lang='lat' dir='ltr'>multa</span> <span class='ocrx_word' id='word_1_344' title='bbox 783 3747 952 3827; x_wconf 85' lang='lat' dir='ltr'>diligentia</span> <span class='ocrx_word' id='word_1_345' title='bbox 976 3747 1121 3812; x_wconf 88' lang='lat' dir='ltr'>adhibita</span> <span class='ocrx_word' id='word_1_346' title='bbox 1145 3749 1320 3830; x_wconf 85' lang='lat' dir='ltr'>neglegere</span> <span class='ocrx_word' id='word_1_347' title='bbox 1346 3751 1503 3817; x_wconf 90' lang='lat' dir='ltr'>delectum</span> 
     </span>
     <span class='ocr_line' id='line_1_39' title="bbox 184 3837 1504 3921; baseline 0.002 -20"><span class='ocrx_word' id='word_1_348' title='bbox 184 3837 428 3901; x_wconf 87' lang='lat' dir='ltr'>benefactorum</span> <span class='ocrx_word' id='word_1_349' title='bbox 462 3842 495 3901; x_wconf 92' lang='lat' dir='ltr'>et</span> <span class='ocrx_word' id='word_1_350' title='bbox 526 3837 666 3911; x_wconf 86' lang='lat' dir='ltr'>dierum,</span> <span class='ocrx_word' id='word_1_351' title='bbox 700 3841 870 3919; x_wconf 85' lang='lat' dir='ltr'>peceatum</span> <span class='ocrx_word' id='word_1_352' title='bbox 903 3858 966 3900; x_wconf 91' lang='lat' dir='ltr'>uon</span> <span class='ocrx_word' id='word_1_353' title='bbox 997 3837 1156 3913; x_wconf 88' lang='lat' dir='ltr'>dicerem,</span> <span class='ocrx_word' id='word_1_354' title='bbox 1191 3837 1363 3902; x_wconf 90' lang='lat' dir='ltr'>consilium</span> <span class='ocrx_word' id='word_1_355' title='bbox 1398 3841 1504 3921; x_wconf 89' lang='lat' dir='ltr'>utique</span> 
     </span>
     <span class='ocr_line' id='line_1_40' title="bbox 184 3926 1503 4008; baseline 0.001 -18"><span class='ocrx_word' id='word_1_356' title='bbox 184 3927 305 4001; x_wconf 89' lang='lat' dir='ltr'>darem,</span> <span class='ocrx_word' id='word_1_357' title='bbox 331 3929 376 4001; x_wconf 90' lang='lat' dir='ltr'>ut,</span> <span class='ocrx_word' id='word_1_358' title='bbox 402 3930 558 4007; x_wconf 88' lang='lat' dir='ltr'>quantum</span> <span class='ocrx_word' id='word_1_359' title='bbox 575 3926 742 3989; x_wconf 86' lang='lat' dir='ltr'>commode</span> <span class='ocrx_word' id='word_1_360' title='bbox 766 3928 886 4008; x_wconf 86' lang='lat' dir='ltr'>posset,</span> <span class='ocrx_word' id='word_1_361' title='bbox 912 3947 970 4008; x_wconf 89' lang='lat' dir='ltr'>pro</span> <span class='ocrx_word' id='word_1_362' title='bbox 988 3926 1099 3989; x_wconf 87' lang='lat' dir='ltr'>dicbus</span> <span class='ocrx_word' id='word_1_363' title='bbox 1116 3926 1310 3991; x_wconf 89' lang='lat' dir='ltr'>esurialibus</span> <span class='ocrx_word' id='word_1_364' title='bbox 1327 3929 1503 3994; x_wconf 79' lang='lat' dir='ltr'>catholicos</span> 
     </span>
     <span class='ocr_line' id='line_1_41' title="bbox 184 4015 665 4095; baseline 0 -15"><span class='ocrx_word' id='word_1_365' title='bbox 184 4016 411 4080; x_wconf 83' lang='lat' dir='ltr'>benefactores</span> <span class='ocrx_word' id='word_1_366' title='bbox 435 4015 495 4078; x_wconf 89' lang='lat' dir='ltr'>sibi</span> <span class='ocrx_word' id='word_1_367' title='bbox 519 4015 665 4095; x_wconf 90' lang='lat' dir='ltr'>eligeret.</span> 
     </span>
    </p>
   </div>
   <div class='ocr_carea' id='block_1_7' title="bbox 122 4119 1505 4740">
    <p class='ocr_par' dir='ltr' id='par_1_10' title="bbox 122 4119 1505 4740">
     <span class='ocr_line' id='line_1_42' title="bbox 122 4119 1505 4200; baseline 0.005 -21"><span class='ocrx_word' id='word_1_368' title='bbox 122 4127 174 4180; x_wconf 68' lang='lat'>983</span> <span class='ocrx_word' id='word_1_369' title='bbox 274 4121 313 4185; x_wconf 82' lang='lat' dir='ltr'>lt.</span> <span class='ocrx_word' id='word_1_370' title='bbox 345 4123 374 4184; x_wconf 85' lang='lat'>3.</span> <span class='ocrx_word' id='word_1_371' title='bbox 428 4120 465 4183; x_wconf 91' lang='lat' dir='ltr'>In</span> <span class='ocrx_word' id='word_1_372' title='bbox 496 4119 714 4200; x_wconf 84' lang='lat' dir='ltr'>singularibus</span> <span class='ocrx_word' id='word_1_373' title='bbox 744 4119 808 4183; x_wconf 91' lang='lat' dir='ltr'>illis</span> <span class='ocrx_word' id='word_1_374' title='bbox 840 4119 1112 4196; x_wconf 88' lang='lat' dir='ltr'>circumstantiis,</span> <span class='ocrx_word' id='word_1_375' title='bbox 1144 4121 1272 4200; x_wconf 91' lang='lat' dir='ltr'>quando</span> <span class='ocrx_word' id='word_1_376' title='bbox 1303 4121 1505 4189; x_wconf 87' lang='lat' dir='ltr'>invitabatur</span> 
     </span>
     <span class='ocr_line' id='line_1_43' title="bbox 185 4208 1502 4295; baseline 0.003 -22"><span class='ocrx_word' id='word_1_377' title='bbox 185 4211 342 4274; x_wconf 88' lang='lat' dir='ltr'>Bellctius</span> <span class='ocrx_word' id='word_1_378' title='bbox 366 4210 406 4272; x_wconf 90' lang='lat' dir='ltr'>ab</span> <span class='ocrx_word' id='word_1_379' title='bbox 431 4209 538 4290; x_wconf 90' lang='lat' dir='ltr'>aliquo</span> <span class='ocrx_word' id='word_1_380' title='bbox 563 4210 762 4291; x_wconf 88' lang='lat' dir='ltr'>professore,</span> <span class='ocrx_word' id='word_1_381' title='bbox 791 4208 929 4271; x_wconf 90' lang='lat' dir='ltr'>inveniri</span> <span class='ocrx_word' id='word_1_382' title='bbox 953 4212 1063 4290; x_wconf 87' lang='lat' dir='ltr'>potest</span> <span class='ocrx_word' id='word_1_383' title='bbox 1086 4210 1170 4274; x_wconf 87' lang='lat' dir='ltr'>ratio</span> <span class='ocrx_word' id='word_1_384' title='bbox 1194 4211 1323 4290; x_wconf 89' lang='lat' dir='ltr'>gravis,</span> <span class='ocrx_word' id='word_1_385' title='bbox 1349 4213 1502 4295; x_wconf 86' lang='lat' dir='ltr'>siquidem</span> 
     </span>
     <span class='ocr_line' id='line_1_44' title="bbox 186 4297 1505 4384; baseline 0.002 -22"><span class='ocrx_word' id='word_1_386' title='bbox 186 4299 255 4362; x_wconf 91' lang='lat' dir='ltr'>eius</span> <span class='ocrx_word' id='word_1_387' title='bbox 279 4297 474 4363; x_wconf 84' lang='lat' dir='ltr'>abalienatio</span> <span class='ocrx_word' id='word_1_388' title='bbox 500 4298 597 4362; x_wconf 86' lang='lat' dir='ltr'>animi</span> <span class='ocrx_word' id='word_1_389' title='bbox 616 4299 751 4363; x_wconf 86' lang='lat' dir='ltr'>Bellctio</span> <span class='ocrx_word' id='word_1_390' title='bbox 769 4297 865 4362; x_wconf 87' lang='lat' dir='ltr'>valde</span> <span class='ocrx_word' id='word_1_391' title='bbox 889 4318 991 4377; x_wconf 88' lang='lat' dir='ltr'>grave</span> <span class='ocrx_word' id='word_1_392' title='bbox 1015 4319 1087 4362; x_wconf 86' lang='lat' dir='ltr'>esse</span> <span class='ocrx_word' id='word_1_393' title='bbox 1103 4303 1222 4381; x_wconf 90' lang='lat' dir='ltr'>potest.</span> <span class='ocrx_word' id='word_1_394' title='bbox 1258 4299 1295 4363; x_wconf 90' lang='lat' dir='ltr'>In</span> <span class='ocrx_word' id='word_1_395' title='bbox 1322 4301 1385 4365; x_wconf 91' lang='lat' dir='ltr'>hoc</span> <span class='ocrx_word' id='word_1_396' title='bbox 1411 4303 1505 4384; x_wconf 87' lang='lat' dir='ltr'>igitur</span> 
     </span>
     <span class='ocr_line' id='line_1_45' title="bbox 186 4387 1503 4471; baseline 0.003 -21"><span class='ocrx_word' id='word_1_397' title='bbox 186 4409 263 4452; x_wconf 88' lang='lat' dir='ltr'>casu</span> <span class='ocrx_word' id='word_1_398' title='bbox 298 4388 419 4451; x_wconf 86' lang='lat' dir='ltr'>reicere</span> <span class='ocrx_word' id='word_1_399' title='bbox 451 4388 677 4451; x_wconf 87' lang='lat' dir='ltr'>invitationem</span> <span class='ocrx_word' id='word_1_400' title='bbox 710 4388 806 4451; x_wconf 85' lang='lat' dir='ltr'>facile</span> <span class='ocrx_word' id='word_1_401' title='bbox 843 4387 983 4450; x_wconf 87' lang='lat' dir='ltr'>habetur</span> <span class='ocrx_word' id='word_1_402' title='bbox 1017 4388 1058 4451; x_wconf 90' lang='lat' dir='ltr'>ab</span> <span class='ocrx_word' id='word_1_403' title='bbox 1090 4387 1252 4453; x_wconf 87' lang='lat' dir='ltr'>invitante</span> <span class='ocrx_word' id='word_1_404' title='bbox 1285 4411 1344 4471; x_wconf 91' lang='lat' dir='ltr'>pro</span> <span class='ocrx_word' id='word_1_405' title='bbox 1381 4392 1503 4456; x_wconf 69' lang='lat' dir='ltr'>iniuria,</span> 
     </span>
     <span class='ocr_line' id='line_1_46' title="bbox 186 4476 1505 4564; baseline 0.003 -25"><span class='ocrx_word' id='word_1_406' title='bbox 186 4477 391 4558; x_wconf 85' lang='lat' dir='ltr'>Quapropter</span> <span class='ocrx_word' id='word_1_407' title='bbox 407 4498 522 4540; x_wconf 88' lang='lat' dir='ltr'>censeo</span> <span class='ocrx_word' id='word_1_408' title='bbox 547 4477 719 4540; x_wconf 85' lang='lat' dir='ltr'>Bellctiuni</span> <span class='ocrx_word' id='word_1_409' title='bbox 744 4498 806 4540; x_wconf 90' lang='lat' dir='ltr'>non</span> <span class='ocrx_word' id='word_1_410' title='bbox 824 4476 943 4539; x_wconf 75' lang='lat' dir='ltr'>(lairere</span> <span class='ocrx_word' id='word_1_411' title='bbox 960 4477 1080 4539; x_wconf 88' lang='lat' dir='ltr'>reicere</span> <span class='ocrx_word' id='word_1_412' title='bbox 1097 4477 1324 4542; x_wconf 88' lang='lat' dir='ltr'>invitationem</span> <span class='ocrx_word' id='word_1_413' title='bbox 1346 4482 1389 4545; x_wconf 91' lang='lat' dir='ltr'>ad</span> <span class='ocrx_word' id='word_1_414' title='bbox 1413 4502 1505 4564; x_wconf 86' lang='lat' dir='ltr'>pran-</span> 
     </span>
     <span class='ocr_line' id='line_1_47' title="bbox 187 4565 1504 4647; baseline 0.004 -20"><span class='ocrx_word' id='word_1_415' title='bbox 187 4565 290 4641; x_wconf 89' lang='lat' dir='ltr'>dium,</span> <span class='ocrx_word' id='word_1_416' title='bbox 322 4571 355 4629; x_wconf 89' lang='lat' dir='ltr'>ct</span> <span class='ocrx_word' id='word_1_417' title='bbox 385 4565 412 4629; x_wconf 88' lang='lat' dir='ltr'>si</span> <span class='ocrx_word' id='word_1_418' title='bbox 442 4566 487 4629; x_wconf 91' lang='lat' dir='ltr'>ibi</span> <span class='ocrx_word' id='word_1_419' title='bbox 512 4566 600 4629; x_wconf 86' lang='lat' dir='ltr'>cibos</span> <span class='ocrx_word' id='word_1_420' title='bbox 631 4587 693 4628; x_wconf 93' lang='lat' dir='ltr'>non</span> <span class='ocrx_word' id='word_1_421' title='bbox 722 4566 878 4629; x_wconf 82' lang='lat' dir='ltr'>esuriales</span> <span class='ocrx_word' id='word_1_422' title='bbox 909 4565 1086 4630; x_wconf 85' lang='lat' dir='ltr'>ministrari</span> <span class='ocrx_word' id='word_1_423' title='bbox 1117 4567 1344 4647; x_wconf 87' lang='lat' dir='ltr'>praevidetur,</span> <span class='ocrx_word' id='word_1_424' title='bbox 1379 4591 1504 4634; x_wconf 81' lang='lat' dir='ltr'>causam</span> 
     </span>
     <span class='ocr_line' id='line_1_48' title="bbox 187 4654 1504 4740; baseline 0.004 -23"><span class='ocrx_word' id='word_1_425' title='bbox 187 4654 307 4718; x_wconf 88' lang='lat' dir='ltr'>iustam</span> <span class='ocrx_word' id='word_1_426' title='bbox 340 4675 430 4732; x_wconf 89' lang='lat' dir='ltr'>esse,</span> <span class='ocrx_word' id='word_1_427' title='bbox 470 4676 527 4718; x_wconf 88' lang='lat' dir='ltr'>cur·</span> <span class='ocrx_word' id='word_1_428' title='bbox 560 4654 717 4719; x_wconf 85' lang='lat' dir='ltr'>Bellctius</span> <span class='ocrx_word' id='word_1_429' title='bbox 751 4659 844 4737; x_wconf 89' lang='lat' dir='ltr'>potat</span> <span class='ocrx_word' id='word_1_430' title='bbox 877 4660 976 4734; x_wconf 89' lang='lat' dir='ltr'>atque</span> <span class='ocrx_word' id='word_1_431' title='bbox 1010 4655 1135 4737; x_wconf 86' lang='lat' dir='ltr'>petenti</span> <span class='ocrx_word' id='word_1_432' title='bbox 1169 4656 1265 4721; x_wconf 92' lang='lat' dir='ltr'>detur</span> <span class='ocrx_word' id='word_1_433' title='bbox 1297 4657 1504 4740; x_wconf 75' lang='lat' dir='ltr'>dispensatio,</span> 
     </span>
    </p>
   </div>
   <div class='ocr_carea' id='block_1_8' title="bbox 0 0 1572 5168">
    <p class='ocr_par' dir='ltr' id='par_1_11' title="bbox 0 0 1572 5168">
     <span class='ocr_line' id='line_1_49' title="bbox 0 0 1572 5168; baseline 0 0"><span class='ocrx_word' id='word_1_434' title='bbox 0 0 1572 5168; x_wconf 95' lang='lat' dir='ltr'> </span> 
     </span>
    </p>
   </div>
  </div>
 </body>
</html>
