3106 5168
162 285 227 349 304
300 280 340 335 De
360 279 507 335 virtutibus
526 283 554 335 et
572 278 670 335 officiis
688 297 753 349 erga
773 279 902 335 homines.
921 309 956 318 -
975 279 1028 335 off.
1046 279 1118 335 circa
1135 278 1205 335 buna
1223 282 1345 335 externa.

252 456 303 522 Ad
333 477 403 521 rem
433 455 511 522 dicit
534 455 804 521 Kuhlenbeck
833 454 866 520 in
897 457 1068 523 comment.
1100 454 1142 520 ad
1172 455 1241 522 cod.
1272 453 1352 520 iuris
1375 453 1485 521 Germ.

163 545 180 627 ἓ
205 547 287 611 984:
318 547 462 611 Delector
483 543 539 609 ille
562 548 628 621 est,
654 544 800 626 quirem
823 544 962 628 reperit,
987 544 1007 610 i.
1032 563 1060 611 e.
1086 542 1140 627 qui
1162 544 1233 610 sive
1255 544 1393 610 fortuito
1417 545 1487 610 sive

163 656 205 700 ex
228 634 436 717 inquisitione
460 633 499 699 de
522 633 683 700 industria
703 632 795 699 facta
815 633 1006 715 cognoverit
1028 637 1153 699 certam
1167 632 1258 698 illam
1274 653 1343 698 rem
1360 633 1485 700 adesse.

162 760 207 768 -
222 724 328 800 Quare
351 722 380 789 si
395 721 563 807 operarius
579 722 758 788 conductus
774 726 898 789 certam
913 742 981 788 rem
997 722 1132 800 invenit,
1157 726 1193 788 at
1208 721 1357 787 domiuus
1372 742 1487 806 super·

163 812 298 878 veniens
321 833 395 878 eum
418 816 522 890 vetat,
552 833 593 876 ne
615 831 713 896 porro
735 810 850 890 fodiat,
874 811 932 876 sed
955 811 1025 894 ipse
1047 832 1145 895 porro
1166 809 1311 893 inquirat
1334 816 1370 877 91
1391 811 1487 895 plura

162 901 324 968 inveniet:
356 922 398 966 ex
427 900 478 966 his
508 920 592 982 quac
621 905 737 985 postea
764 904 897 984 reperta
919 900 1041 966 fuerint
1064 901 1212 984 operario
1235 899 1315 964 nihil
1338 900 1485 977 debetur,

163 990 239 1072 quia
267 992 379 1055 torum
411 989 629 1072 cognitionem
658 1010 723 1055 non
751 989 822 1073 ipse
844 989 934 1073 prior
956 989 1130 1071 acquisivit
1152 990 1209 1055 sed
1231 989 1303 1073 ipse
1325 989 1485 1056 dominus.

323 1214 586 1282 THESAURUS
610 1216 696 1280 VEL
719 1216 794 1282 REI
816 1215 1006 1283 AMISSAE
1029 1216 1245 1283 INVENTIO
1270 1217 1323 1300 (1).

718 1373 828 1439 Casus.
857 1381 932 1448 (199)

251 1512 420 1571 Fridolinus
441 1512 472 1571 in
487 1513 663 1572 coemeterio
686 1514 818 1572 adoram
840 1513 944 1573 tumuli
965 1518 1101 1572 recenter
1115 1514 1216 1573 effossi
1236 1513 1352 1572 invenit
1366 1515 1484 1572 anulum

162 1593 323 1670 pretiosum
346 1593 433 1652 humo
453 1592 559 1652 leviter
580 1600 706 1664 tectum;
728 1613 812 1670 quem
829 1614 883 1670 pro
897 1594 1037 1652 thesauro
1058 1595 1166 1653 retinet
1187 1600 1275 1670 atque
1296 1593 1398 1653 sedulo
1421 1596 1484 1652 abs·

163 1673 278 1743 condit,
307 1673 415 1747 nequi
443 1673 503 1731 sint
530 1673 578 1749 qui
608 1693 672 1732 eum
701 1673 897 1749 praetendant
927 1693 1020 1750 nuper
1048 1694 1065 1732 a
1093 1693 1126 1732 se
1154 1675 1311 1744 amissum,
1341 1694 1408 1733 cum
1430 1675 1483 1733 sibi

162 1752 314 1829 probabile
328 1753 464 1812 videatur
485 1753 603 1811 anulum
624 1754 655 1812 in
676 1753 741 1831 ipso
762 1755 874 1813 tumulo
890 1753 1053 1813 effodiendo
1073 1773 1139 1814 esse
1159 1773 1225 1814 cum
1246 1755 1334 1814 humo
1349 1753 1484 1813 eiectum.

163 1856 339 1928 Quanmrua
362 1862 390 1917 1ο
414 1859 547 1935 possitne
568 1858 669 1917 haberi
691 1859 799 1918 anulus
819 1857 869 1917 ille
890 1878 943 1935 pro
964 1859 1113 1918 thesauro.

360 1949 390 2005 2ο
415 1948 562 2007 habeatne
583 1947 752 2007 Fridolinus
772 1948 819 2005 ius
841 1966 906 2005 eum
928 1947 984 2006 sibi
1006 1947 1160 2008 retinendi.

757 2128 892 2197 Salutio.

102 2284 152 2338 597
251 2273 304 2338 An
328 2293 518 2348 Quansrrru
537 2275 574 2336 1¹¹¹
589 2272 629 2338 R.
649 2275 677 2341 1.
709 2271 829 2337 Recole
845 2292 888 2337 ex
910 2271 1119 2356 praecedenti
1135 2292 1222 2348 casu,
1246 2271 1436 2337 thesaurum
1453 2272 1483 2337 id

163 2384 273 2428 secum
296 2361 392 2439 ferri,
426 2362 458 2441 1)
482 2366 595 2427 utres
618 2361 662 2427 sit
685 2362 885 2443 absconditu,
915 2364 948 2442 2)
972 2365 1009 2426 ut
1030 2366 1166 2445 propter
1188 2360 1377 2428 diuturnum
1401 2367 1483 2427 tem·

163 2452 251 2537 poris
273 2452 402 2534 lapsum
425 2450 494 2516 eius
516 2449 564 2516 rei
588 2450 763 2516 dominium
787 2471 881 2516 nemo
905 2451 1043 2534 probare
1066 2450 1179 2534 possit.

251 2549 290 2615 R.
316 2552 345 2613 2.
399 2547 572 2613 Probabile
601 2569 665 2613 non
696 2551 747 2613 991
776 2548 955 2631 pretiosum
985 2549 1117 2613 anulum
1146 2547 1179 2613 in
1208 2548 1404 2613 coemeterio
1435 2549 1483 2613 in·

162 2642 298 2704 ventum
326 2636 370 2703 ibi
400 2636 568 2703 exstitisse
591 2657 609 2702 9
632 2636 738 2721 prisco
765 2641 922 2720 tempore.
970 2636 1003 2702 Si
1025 2637 1127 2720 igitur
1149 2637 1266 2702 anulus
1289 2641 1406 2703 estex
1429 2638 1483 2703 illa

163 2731 289 2804 aetate,
321 2746 363 2790 ex
386 2746 451 2807 qua
474 2725 581 2808 coepit
604 2726 694 2790 locus
718 2747 789 2791 esse
812 2726 1058 2803 coemeterium,
1083 2726 1152 2791 iure
1175 2746 1234 2810 pro
1257 2725 1413 2792 thesauro
1436 2727 1483 2791 in-

163 2819 261 2880 vento
292 2815 404 2880 haberi
434 2814 555 2896 nequit.
602 2815 688 2880 Nam
718 2814 751 2878 in
781 2815 841 2880 hoc
871 2837 948 2881 casu
979 2821 1037 2881 aut
1066 2819 1118 2880 991
1145 2815 1389 2893 camdavena,
1421 2837 1482 2899 quo

163 2905 306 2970 resoluto
339 2903 371 2969 in
405 2903 530 2969 cineres
563 2904 679 2968 anulus
709 2902 843 2969 relictus
876 2908 927 2969 991
960 2908 993 2969 91
1024 2909 1140 2987 postea
1172 2909 1302 2980 erutus;
1343 2909 1401 2970 aut
1434 2909 1482 2970 est

162 2995 279 3059 anulus
295 3013 398 3076 nuper
413 2993 455 3058 ab
470 2992 578 3075 aliquo
595 2992 650 3074 qui
666 2993 894 3058 coemeterium
910 2992 1115 3068 visitaverat,
1132 2993 1281 3061 amissus,
1312 2992 1350 3058 In
1367 2999 1482 3060 neutro

163 3103 242 3149 casu
264 3103 324 3166 pro
347 3081 501 3147 thesauro
525 3081 637 3147 haberi
660 3087 779 3165 potest.

250 3180 289 3245 R.
315 3183 345 3245 3.
381 3179 415 3246 Si
438 3200 516 3244 vero
540 3179 656 3244 anulus
679 3179 734 3244 ille
758 3183 874 3244 estex
898 3178 1006 3262 prisce
1029 3178 1158 3243 omnino
1182 3183 1293 3245 aetate
1316 3180 1481 3262 confectas,

162 3268 274 3334 haberi
297 3268 426 3334 facilius
449 3271 558 3351 potest
580 3289 639 3352 pro
663 3267 828 3344 thesauro,
852 3269 906 3350 qui
930 3268 1081 3333 videlicet
1104 3271 1203 3332 antea
1221 3269 1265 3333 sit
1281 3271 1403 3346 eratne,
1428 3269 1483 3333 sed

163 3380 225 3423 nou
243 3358 401 3433 detectus,
418 3379 503 3421 nunc
520 3357 657 3440 primunr
675 3358 849 3439 detegatur
865 3361 900 3422 et
915 3361 1099 3440 occupetur.
1132 3357 1196 3422 Sed
1213 3377 1253 3421 ne
1269 3360 1339 3421 tum
1355 3357 1483 3439 quidem

162 3447 194 3510 id
219 3455 345 3527 constat,
371 3447 517 3528 adeoque
540 3447 624 3511 aliae
648 3446 913 3511 circumstantiae
937 3445 1091 3511 accedere
1115 3445 1244 3521 debent,
1269 3446 1385 3528 quibus
1408 3468 1483 3530 pro·

162 3537 266 3612 betur,
291 3540 399 3600 utrum
424 3540 542 3617 agatur
565 3536 605 3599 de
628 3535 782 3600 thesauro
805 3557 849 3600 an
871 3535 911 3600 de
934 3555 970 3599 re
994 3556 1096 3618 nuper
1119 3535 1249 3616 amissa.

102 3657 153 3711 998
252 3651 303 3714 An
327 3670 516 3725 qunusruuu
541 3652 579 3712 2⁰²
604 3648 642 3715 R.
669 3652 696 3714 1.
744 3649 776 3714 Si
802 3649 955 3715 adiuncta
979 3669 1018 3714 ea
1041 3653 1132 3725 sunt,
1164 3653 1201 3715 ut
1231 3647 1329 3713 liceat
1351 3649 1482 3714 anulum

164 3762 222 3823 pro
238 3741 391 3805 thesauro
408 3738 623 3815 considerare,
648 3737 831 3803 Fridolinus
847 3759 910 3803 non
927 3742 1042 3822 peccat
1058 3759 1099 3802 ex
1116 3758 1164 3814 99,
1189 3737 1275 3819 qnod
1290 3758 1358 3802 rem
1375 3739 1482 3821 palam

164 3850 226 3893 non
257 3829 352 3901 facit;
383 3849 496 3892 verum
522 3849 560 3891 99
584 3827 654 3910 ipso
678 3828 762 3909 quod
790 3828 922 3893 licentia
945 3828 1049 3894 utitur
1079 3828 1210 3891 anulum
1240 3848 1298 3910 pro
1330 3827 1483 3892 thesauro

163 3916 311 3991 habendi,
329 3918 505 3981 secundum
518 3915 690 3998 plerasque
704 3917 793 3999 leges
807 3921 947 3993 tenetur,
964 3917 1060 3999 idque
1072 3916 1103 3980 in
1118 3916 1325 3993 conscientia,
1343 3917 1482 3981 medium

163 4006 301 4090 pretium
326 4006 454 4070 domino
478 4005 568 4070 fundi
593 4005 717 4079 cedere,
743 4007 825 4087 quod
851 4006 883 4069 in
908 4028 984 4070 casu
1010 4006 1194 4072 coemeterii
1214 4010 1265 4070 est
1287 4010 1345 4070 aut
1366 4006 1483 4070 civitas

163 4098 220 4159 aut
244 4095 397 4168 ecclesia;
423 4095 454 4159 in
474 4095 543 4158 eius
558 4096 660 4175 igitur
675 4094 851 4160 utilitatem
868 4097 984 4160 saltem
1002 4095 1187 4177 impendere
1205 4096 1300 4159 debet
1317 4094 1482 4159 dimidium

163 4184 269 4267 pretii.
317 4183 407 4248 Alias
432 4184 542 4248 debuit
566 4205 633 4247 rein
659 4189 803 4249 tractare
826 4190 863 4251 ut
886 4207 989 4269 nuper
1012 4184 1166 4251 amissam
1190 4188 1289 4265 atque
1313 4205 1422 4265 agere,
1448 4190 1483 4250 ut

164 4295 239 4337 mox
263 4272 408 4336 dicturus
432 4295 503 4337 sum
527 4273 558 4336 in
584 4272 621 4337 R.
648 4275 676 4338 2.

253 4371 290 4437 R.
316 4374 345 4435 2.
394 4371 527 4434 sivero
557 4392 615 4452 pro
646 4372 799 4436 thesauro
829 4369 942 4434 haberi
965 4392 1027 4434 uon
1056 4376 1165 4454 potest
1188 4373 1240 4436 vel
1264 4373 1316 4437 fas
1340 4375 1391 4437 est
1415 4392 1482 4436 rem

163 4481 222 4543 pro
247 4461 400 4525 thesauro
424 4480 487 4523 non
511 4460 646 4534 habere,
679 4462 730 4524 est
753 4480 805 4523 res
829 4480 932 4542 nuper
955 4459 1091 4534 amissa,
1123 4480 1219 4541 quam
1244 4462 1397 4524 abscondi
1420 4483 1483 4526 non

164 4549 249 4617 licet.
275 4549 331 4612 scd
355 4548 472 4629 inquiri
497 4548 644 4612 dominus
668 4554 701 4614 et
725 4571 777 4613 res
801 4549 931 4630 cognito
956 4549 1085 4612 domino
1109 4549 1197 4612 reddi
1222 4549 1328 4626 debet,
1355 4549 1483 4614 demum

163 4642 236 4719 post
262 4659 351 4720 spem
376 4638 589 4718 cognoscendi
614 4637 733 4701 domini
757 4638 953 4704 exstinctam
977 4642 1086 4721 potest
1110 4639 1270 4721 occupari.
