3106 5168
167 290 229 354 120
378 284 419 340 De
437 285 584 341 virtutibus
603 288 632 340 et
649 284 747 340 officiis
765 302 831 354 erga
849 283 945 340 Deum
965 285 1109 340 -Virtus
1127 285 1275 354 religionis.

257 462 433 541 ,Diabolus
462 481 514 527 me
537 462 663 546 rapiat⁴¹
691 482 733 527 ex
763 483 799 527 se
828 482 894 526 non
917 466 968 528 est
990 460 1225 540 iuramentum,
1255 460 1314 527 sed
1336 461 1409 528 sola
1432 482 1489 528 ex·

163 551 315 618 secretio.
353 550 572 616 Nihilominus
595 572 638 617 ex
660 550 842 618 intentione
864 549 1028 633 loquentis
1043 550 1145 616 verba
1167 549 1225 616 illa
1246 570 1378 616 sensum
1401 550 1488 617 iura-

163 642 284 708 torium
314 660 481 706 assumere
510 643 588 724 apte
617 644 772 725 possunt,
803 639 834 706 si
864 639 1016 705 nimirum
1047 639 1251 723 intellegitur
1281 639 1489 724 providentia

164 730 290 807 divina,
316 749 400 812 quae
421 749 481 813 per
504 750 620 795 causas
647 729 824 808 secundas,
855 729 955 796 etiam
978 749 1038 812 per
1060 728 1165 794 malos
1188 728 1337 811 angelos,
1365 750 1488 814 poenas

163 819 308 904 peccatis
330 817 469 900 infligat.
521 819 577 884 rt.
602 841 643 885 m.
666 817 760 895 ibid.;
785 819 817 885 S.
842 817 959 902 Alph.
983 817 1041 896 ΠΙ,
1068 820 1141 884 143.

101 932 153 989 237
250 925 289 992 R.
313 927 343 992 2.
383 924 580 991 Locutiones
602 925 689 1002 illae,
714 945 797 1007 quae
819 924 999 991 iuratoriae
1022 929 1109 1003 sunt,
1133 923 1204 990 sive
1227 943 1271 990 ex
1292 944 1330 990 se
1351 923 1424 990 sive
1447 946 1489 991 ex

161 1014 343 1081 intentione
374 1015 553 1097 loquentis,
594 1014 723 1097 quando
756 1014 952 1081 adhibentur
980 1013 1014 1078 in
1043 1014 1141 1079 rebus
1176 1012 1247 1078 sive
1276 1012 1383 1079 dubiis
1418 1014 1489 1080 sive

161 1107 276 1188 aperte
291 1102 394 1181 falsis,
419 1102 596 1187 periurium
618 1105 696 1169 sunt
718 1123 757 1168 ac
780 1103 920 1169 mortale
943 1108 1126 1187 peccatum,
1149 1101 1214 1168 nisi
1234 1101 1488 1170 inconsideratio

161 1197 306 1259 excuset.
346 1191 437 1269 Quod
460 1193 493 1256 in
512 1194 609 1258 rebus
632 1197 747 1277 aperte
770 1192 863 1257 falsis
887 1192 1021 1258 evidens
1037 1195 1098 1258 est.
1138 1190 1202 1258 Sed
1218 1191 1318 1257 etiam
1340 1191 1376 1257 in
1390 1193 1488 1259 rebus

161 1281 266 1347 dubiis
289 1281 374 1347 idem
398 1281 529 1346 omnino
552 1281 616 1346 dici
638 1283 752 1360 debet,
781 1281 874 1364 quia,
904 1281 958 1364 qui
981 1281 1028 1346 sic
1050 1281 1155 1358 iurat,
1186 1280 1293 1346 sciens
1314 1284 1351 1348 et
1373 1281 1487 1348 volens

160 1392 234 1437 sese
266 1369 402 1455 exponit
430 1373 572 1455 periculo
601 1372 778 1437 inducendi
808 1372 913 1436 Deum
942 1374 980 1436 ut
1011 1374 1132 1437 testem
1163 1369 1371 1436 mendacem:
1404 1392 1487 1454 quae

160 1461 274 1526 eadem
298 1464 350 1526 est
372 1458 490 1525 iniuria
515 1462 615 1541 atque
637 1480 710 1525 eum
735 1481 794 1544 pro
818 1459 986 1526 mendacio
1009 1463 1130 1525 testem
1153 1461 1314 1525 inducere.

249 1565 288 1631 R.
314 1568 344 1631 3.
391 1565 429 1630 ln
452 1586 488 1630 re
510 1565 659 1631 mendaci
683 1567 785 1632 verba
807 1566 865 1632 illa
888 1567 1129 1644 exsecratoria,
1161 1565 1261 1632 stiam
1284 1585 1370 1648 quae
1398 1566 1486 1633 iura·

160 1660 307 1722 mentum
338 1674 401 1719 non
432 1654 616 1733 continent,
647 1654 732 1722 serio
762 1655 926 1740 proferre,
956 1655 976 1722 i.
1002 1675 1030 1722 e.
1061 1655 1147 1722 seria
1178 1657 1391 1734 obsectione,
1423 1676 1486 1722 non

160 1744 245 1809 serio
275 1742 504 1809 desiderio-
533 1745 618 1826 quod
648 1765 743 1810 nemo
773 1765 874 1810 sanas
903 1744 1023 1811 mentis
1053 1743 1239 1829 conceperit
1267 1780 1312 1789 —
1341 1764 1362 1810 a
1391 1745 1487 1827 gravi

161 1837 295 1916 peccato
318 1833 461 1898 immune
484 1853 548 1897 non
573 1837 640 1911 est;
673 1854 794 1916 neque,
823 1833 851 1899 si
874 1833 1087 1917 proferuntur
1109 1854 1181 1899 cum
1205 1832 1301 1916 gravi
1324 1833 1423 1899 dubio
1447 1834 1487 1900 ds

160 1922 302 1989 veritate
324 1921 371 1987 rei
396 1926 554 1988 assertae.

247 2019 287 2085 R.
312 2021 342 2086 4.
390 2018 482 2096 Quod
505 2023 616 2086 autem
638 2018 734 2085 Gaius
758 2018 876 2086 dicitur
899 2041 938 2086 ea
960 2021 1082 2085 teotolo
1111 2019 1160 2086 ita
1186 2018 1311 2102 egisse,
1341 2020 1485 2085 nondum

158 2107 287 2191 signum
320 2112 372 2174 est
403 2129 477 2173 eum
508 2129 528 2174 a
557 2108 652 2191 gravi
682 2112 818 2192 peccato
849 2107 1009 2176 excusari.
1064 2108 1151 2174 Nam
1194 2108 1226 2191 1)
1256 2107 1284 2174 si
1315 2109 1487 2176 consuevit

158 2198 260 2263 verba
281 2197 440 2263 iuratoria
463 2199 518 2262 vel
541 2197 764 2263 exsecratoria
786 2197 935 2282 proferre
957 2218 1023 2262 non
1045 2197 1220 2264 attendens
1243 2198 1286 2263 ad
1308 2198 1485 2265 veritatem

159 2286 212 2352 vel
235 2285 417 2353 falsitatem
440 2306 520 2352 suae
543 2285 748 2365 assertionis,
779 2287 898 2352 saltem
927 2287 988 2352 sub
1018 2286 1113 2369 gravi
1136 2290 1269 2353 tenetur
1291 2287 1486 2354 adlaborare

159 2377 201 2441 ad
223 2376 308 2442 banc
331 2376 596 2443 consuetudinem
613 2375 869 2459 exstirpandam,
894 2375 956 2441 etsi
980 2375 1117 2458 singulis
1133 2375 1259 2441 vicibus
1277 2376 1485 2444 advertentis

159 2464 256 2548 plena
278 2465 321 2530 ad
343 2469 515 2548 peccatum
538 2466 678 2532 mortale
704 2486 769 2529 non
792 2464 951 2541 adfuerit;
983 2465 1016 2546 2)
1040 2465 1072 2529 in
1097 2464 1254 2531 eiusmodi
1277 2466 1486 2533 consuetudi·

158 2553 259 2620 uariis
281 2557 393 2638 potest
415 2553 544 2619 facilius
568 2554 683 2620 adesse
705 2553 762 2620 illa
779 2553 997 2632 advertentis,
1022 2573 1219 2636 quamquam
1235 2554 1276 2620 ob
1295 2555 1484 2622 memoriam

158 2642 237 2709 facti
261 2664 325 2708 non
348 2642 497 2708 vivacem
520 2647 635 2727 postea
659 2647 777 2726 putant
800 2643 945 2709 abfuisse
968 2641 1226 2709 advertentiam:
1256 2643 1332 2722 sed,
1356 2644 1385 2709 si
1408 2665 1484 2710 vere

158 2731 273 2809 abfuit,
298 2753 377 2798 sane
400 2735 536 2817 stapulas
558 2731 685 2798 vicibus
708 2732 804 2798 Gaius
827 2754 892 2799 non
915 2731 1066 2816 peccavit
1089 2732 1247 2815 graviter.

247 2837 286 2902 It.
311 2839 340 2903 5.
388 2837 461 2904 Etsi
485 2836 580 2902 Caius
610 2838 715 2903 solum
745 2837 779 2902 in
808 2839 905 2903 rebus
935 2837 1022 2903 veris
1052 2837 1113 2902 bas
1143 2836 1296 2920 loquendi
1325 2837 1484 2905 formulas

158 2926 321 3006 adhibeat,
345 2931 461 3011 peccat
485 2948 526 2992 ex
550 2926 678 2993 defectu
702 2928 839 3008 iudicii,
860 2931 896 2993 at
919 2926 1093 2993 venialiter
1115 2931 1255 2994 tantum.

94 3037 147 3093 238
246 3033 285 3099 R.
310 3035 340 3098 6.
387 3032 426 3096 In
449 3032 563 3100 ultimo
588 3053 667 3098 casu
689 3032 841 3117 peccavit
864 3033 960 3098 Caius
984 3032 1114 3098 defectu
1138 3035 1300 3116 iustitioe;
1319 3031 1419 3117 idque
1443 3056 1484 3100 ex

157 3143 196 3187 eo
219 3121 284 3186 iam
308 3121 471 3204 graviter,
503 3121 531 3187 si
554 3122 714 3204 agebatur
737 3123 777 3187 de
801 3122 935 3188 crimine
958 3143 1021 3187 non
1045 3122 1189 3205 publico,
1218 3122 1368 3205 graviter
1390 3122 1484 3189 diffa-

157 3216 284 3289 moute,
316 3211 459 3293 alioquin
491 3210 674 3277 venialiter.
721 3211 824 3276 Immo
857 3212 942 3293 quod
974 3210 1092 3278 dicitur
1122 3211 1219 3277 Caius
1248 3211 1327 3277 illud
1362 3212 1482 3278 crimen

25 3339 31 3352 ·
158 3322 216 3385 pro
233 3320 312 3366 vero
328 3300 457 3382 quidem
476 3300 638 3376 babuisse,
663 3299 721 3364 sed
744 3322 807 3366 non
831 3302 900 3365 sinc
920 3300 1104 3383 formidine,
1128 3300 1309 3367 timendum
1325 3303 1481 3375 estsere,

157 3410 198 3454 ns
234 3389 356 3472 defecto
390 3392 532 3455 veritatis
563 3393 689 3474 eiusque
722 3392 802 3454 cotia
832 3391 908 3455 certi
943 3390 1116 3455 mortalem
1152 3389 1313 3456 malitiam
1349 3391 1482 3475 periurii

158 3477 364 3555 adiunxerit,
400 3498 551 3544 asserens
583 3500 653 3543 rem
686 3477 815 3543 dubiam
848 3498 907 3561 pro
940 3481 1032 3544 certa
1064 3485 1098 3545 et
1131 3479 1313 3562 explorata.
1359 3479 1483 3545 Verum

158 3567 286 3648 quidem
311 3570 362 3632 est
385 3566 535 3632 sufficere
560 3567 602 3632 ad
625 3567 863 3632 excludendum
884 3565 1046 3632 defectum
1069 3567 1221 3633 veritatis
1244 3567 1277 3632 in
1298 3567 1482 3636 iuramento

157 3655 386 3722 certitudinem
415 3656 588 3732 moralem;
620 3660 767 3722 attamen
797 3655 969 3721 fundatum
994 3655 1125 3721 dubium
1149 3656 1245 3723 debet
1274 3657 1393 3722 saltem
1425 3679 1482 3723 ex·

157 3744 276 3812 sulare.
323 3743 430 3820 Quare
457 3744 544 3810 circa
572 3744 657 3809 hanc
687 3765 755 3809 rem
780 3744 876 3810 Caius
899 3744 1136 3810 examinandus
1159 3748 1264 3825 esset,
1295 3766 1372 3811 num
1396 3746 1482 3814 forts

157 3833 248 3898 illam
271 3833 474 3898 formidinem
499 3854 557 3916 pro
580 3832 817 3910 non-fundata,
842 3833 899 3899 sed
922 3833 1013 3899 inani
1035 3835 1217 3917 leviterque
1240 3839 1402 3920 concepta
1424 3837 1482 3902 ba-

156 3922 283 3989 buerit:
315 3921 429 4004 quodsi
459 3921 617 4000 affirmet,
651 3943 672 3987 a
699 3926 838 4007 periurii
867 3922 994 3990 malitia
1023 3944 1081 4006 per
1110 3944 1146 3988 se
1176 3926 1383 3990 excusandus
1413 3930 1480 3996 est;

156 4012 287 4079 facilius
311 4011 424 4089 etiam,
448 4010 477 4076 si
500 4012 605 4076 solum
629 4010 749 4076 dixerit
773 4032 808 4077 se
831 4033 900 4077 rem
925 4012 1105 4088 audivisse,
1131 4013 1193 4080 etsi
1217 4013 1318 4081 addat
1345 4035 1385 4091 ,a
1407 4036 1481 4100 per·

156 4123 237 4168 sona
260 4101 323 4167 fide
346 4099 428 4167 satis
452 4100 583 4183 digna“.
949 4092 955 4111 '

557 4292 810 4359 IURAMENTI
834 4291 1079 4360 OBLIGATIO.

720 4436 831 4503 Casus.
858 4444 917 4511 (66)

246 4567 342 4627 Titius
362 4567 482 4643 indigne
504 4569 602 4627 ferens
624 4567 872 4626 inoboedientiam
893 4567 946 4626 filii
967 4568 1012 4626 sui
1035 4567 1207 4639 duodennis,
1228 4568 1340 4628 iuravit
1361 4589 1394 4629 se
1416 4587 1480 4628 eum

156 4666 209 4725 pro
230 4647 325 4724 prima
346 4647 580 4719 inoboedientia,
601 4667 687 4724 quam
710 4649 804 4709 denuo
826 4648 1008 4708 committere
1029 4667 1120 4708 ausus
1141 4648 1245 4721 fuerit,
1274 4667 1378 4708 severe
1399 4647 1480 4726 puni·
