3106 5168
194 289 348 345 Translatio
366 290 417 345 iur.
434 309 459 361 p.
479 293 635 345 contractus
652 321 688 330 —
707 296 791 347 contr.
810 292 952 346 adiuncta:
970 295 1064 347 caedue
1082 300 1106 346 et
1123 297 1251 348 condicio.
1318 299 1383 362 413

61 486 98 530 se
121 466 320 548 restringat,
346 489 376 533 r.
401 490 432 550 g.
458 467 528 550 4⁰io
552 490 610 552 pro
636 473 783 552 ternpore
806 489 870 551 quo
894 469 1004 535 debita
1028 471 1168 535 nondum
1191 471 1296 555 possit
1318 473 1384 537 sol-

61 576 157 619 vere:
188 577 286 646 quam
309 557 448 639 primum
471 561 581 622 autem
605 557 725 641 possit,
749 557 810 622 sibi
833 556 931 623 licere
954 567 1060 624 11111100
1083 562 1209 626 reddito
1233 561 1274 625 ab
1298 561 1384 625 omni

61 665 162 708 onere
185 666 257 709 sese
277 647 430 721 eximere,
455 646 584 711 etiamsi
606 647 752 712 futurum
775 647 828 722 sit,
853 652 889 713 ut
905 647 1024 712 Iudaeo
1048 669 1175 712 summa
1197 649 1256 714 illa
1277 650 1385 716 iaceat

63 734 178 886 (otiosa.
205 734 316 835 ,Huic
340 735 488 815 quidem,
512 735 541 800 si
564 736 726 800 Ausonius
750 740 801 802 est
825 735 1020 800 maiorennis
1043 757 1100 801 seu
1124 738 1166 802 ad
1190 739 1384 804 contrahen-

85 844 139 887 um
163 844 211 886 sur
238 844 327 888 1ur1s.

153 929 191 995 a.
217 932 247 994 3.
295 929 328 994 si
352 950 430 994 vero
454 934 602 996 sumatur
625 930 804 996 Ausonium
829 951 901 995 esse
924 933 1065 996 nondum
1089 932 1138 996 sui
1169 931 1248 996 iuris
1271 933 1328 997 sed
1352 933 1384 997 in

63 1022 174 1084 aetate
198 1019 338 1096 minore,
370 1022 558 1084 contractus
581 1020 685 1084 mutui
714 1019 747 1083 in
771 1040 807 1084 se
837 1024 1005 1103 spectatus
1035 1021 1175 1085 nondum
1203 1022 1311 1087 factus
1334 1027 1386 1087 est

63 1108 192 1173 efficax.
245 1107 346 1172 Pater
375 1107 510 1172 Ausonii
543 1108 772 1191 interpellatus
804 1113 915 1192 potest
947 1130 1139 1174 consensum
1171 1131 1264 1175 suum
1295 1110 1384 1186 dare,

63 1199 175 1278 potest
197 1196 370 1278 denegare.
418 1197 587 1277 Denegato
612 1216 771 1261 consensu
796 1201 985 1263 contractus
1007 1198 1044 1262 fit
1066 1198 1246 1276 invalidus,
1275 1203 1309 1265 et
1332 1200 1385 1263 lu-

63 1285 165 1349 daeus
187 1284 238 1348 ius
261 1285 361 1350 habet
385 1285 552 1368 repetendi
577 1286 662 1367 quod
685 1306 727 1350 ex
751 1292 864 1352 mutuo
888 1287 1095 1369 superfuerit.
1141 1286 1261 1364 Quodsi
1291 1293 1386 1371 pater

63 1395 128 1438 non
159 1373 405 1456 interpellatur,
436 1375 529 1438 valor
551 1379 662 1439 manet
691 1374 724 1438 in
748 1396 923 1459 suspenso,
955 1375 1029 1439 dum
1054 1376 1217 1441 Ausonius
1247 1378 1306 1443 fiat
1336 1377 1386 1442 sui

63 1462 159 1526 iuris:
191 1482 232 1526 ex
257 1482 319 1543 quo
343 1466 490 1546 tempore
513 1462 582 1546 ipse
606 1468 716 1546 potest
743 1468 947 1529 contractum
973 1466 1164 1530 confirmare
1187 1466 1240 1530 vel
1265 1466 1386 1530 rescin-

63 1552 151 1617 dere.
187 1551 337 1616 Rescisso
353 1556 523 1617 contractu
547 1573 625 1617 sane
641 1553 777 1618 reddere
793 1553 890 1618 debet
913 1558 1062 1619 mutuum
1077 1558 1258 1637 acceptum,
1284 1576 1386 1637 quan·

62 1646 133 1705 tum
159 1641 273 1716 habet3
304 1641 362 1705 sed
391 1639 420 1704 si
450 1640 529 1705 nihil
559 1642 679 1707 habeat
702 1643 860 1706 bonorum
883 1643 1105 1726 propriorum,
1136 1644 1255 1710 solutio
1280 1644 1386 1710 evasit

62 1729 272 1812 impossibilis
295 1751 399 1813 neque
423 1730 547 1812 obligat
570 1734 732 1815 parentes.
780 1732 827 1796 uf.
852 1753 950 1814 supra
973 1753 1004 1796 n.
1030 1735 1104 1798 795.

466 1949 616 2015 MODUS
640 1950 687 2014 IN
712 1949 984 2016 CONTRACTU.

621 2099 732 2165 (lasus.
759 2107 835 2175 (253)

155 2231 263 2302 Iulius,
293 2251 358 2289 eum
380 2231 479 2308 plures
501 2231 562 2290 dies
583 2231 765 2306 transigeret
785 2230 863 2307 apud
885 2230 1079 2301 avunculum,
1103 2250 1136 2289 se
1158 2230 1288 2289 ostendit
1308 2251 1386 2290 ama·

65 2317 159 2368 torem
182 2330 329 2386 equorum.
372 2312 456 2382 Quod
477 2330 542 2369 cum
564 2311 781 2370 animadvertat
801 2312 964 2369 avunculus
986 2310 1084 2381 dives,
1115 2311 1232 2369 domum
1252 2310 1386 2371 redeunti

65 2390 117 2448 dat
141 2392 217 2448 1000
239 2410 293 2450 mc.
325 2411 394 2466 ,pro
423 2392 544 2450 emendo
573 2393 675 2466 equo“.
717 2391 810 2450 Iulius
839 2390 1062 2467 obstupefactus
1089 2390 1190 2449 invia
1217 2392 1386 2468 recogitans

65 2471 174 2528 statuit
194 2491 267 2546 equo
289 2472 470 2542 valedicere,
499 2473 551 2530 sed
572 2472 697 2530 mediam
719 2491 861 2530 summam
882 2491 935 2547 pro
957 2491 989 2529 se
1011 2471 1158 2529 collocare
1179 2471 1209 2529 in
1231 2490 1300 2530 arca
1322 2491 1386 2547 par·

65 2551 248 2621 simonianis,
269 2552 394 2610 mediam
414 2558 528 2628 partem
550 2553 620 2610 dare
641 2571 694 2628 pro
716 2552 903 2628 eleemosyna
924 2551 1114 2609 missionibus
1133 2551 1342 2626 indigentibus.

156 2631 350 2690 Seminarium
371 2651 527 2708 puerorum
550 2651 614 2689 cum
636 2632 728 2690 nobili
749 2632 858 2709 hospiti
879 2631 1038 2707 hospitium
1053 2631 1191 2701 dedisset,
1213 2632 1263 2690 ille
1284 2632 1386 2690 abiens

66 2729 226 2770 oeconomo
255 2712 306 2769 dat
332 2713 388 2770 100
409 2732 463 2772 mc.
492 2713 530 2770 ed
557 2711 728 2771 sollemnius
755 2711 911 2788 prandium
938 2711 1100 2787 parandum
1128 2712 1254 2771 alumnis
1281 2712 1312 2770 in
1341 2713 1387 2771 die

65 2791 243 2850 vacationis.
286 2790 471 2850 Oeconomus
500 2791 603 2850 melius
632 2792 742 2851 ducens
771 2798 944 2851 consuet-um
968 2792 1098 2850 ordinem
1126 2793 1254 2850 retinere
1283 2792 1387 2851 statuit

65 2871 222 2947 pecuniam
249 2871 280 2929 in
308 2873 396 2930 alium
418 2873 505 2930 tinem
532 2872 671 2930 adhibere
700 2873 737 2930 ad
759 2872 910 2930 emendam
930 2871 1009 2947 piam
1030 2878 1176 2941 statuam,
1205 2891 1291 2947 quam
1313 2873 1387 2931 alias

67 2950 209 3027 expensis
231 2950 381 3009 seminarii
402 2958 611 3027 comparasset.
653 2953 774 3011 Alumni
795 2951 982 3025 interrogati,
1004 2958 1047 3020 ut,
1069 2952 1094 3008 si
1116 2951 1180 3026 quis
1201 2953 1289 3009 talem
1312 2970 1387 3010 com·

66 3032 259 3089 mutationem
288 3051 377 3106 aegre
405 3033 511 3101 ferret,
541 3039 693 3107 surgeret,
723 3051 823 3090 omnes
846 3052 863 3089 a
886 3032 1037 3089 dissensus
1065 3032 1150 3105 siguo
1172 3030 1387 3091 abstinuerunt.

66 3111 264 3171 Nihilominus
294 3112 458 3187 complures
485 3113 563 3170 iuter
587 3132 618 3171 se
647 3114 846 3188 querebantur
870 3130 1059 3169 oeconomum
1087 3110 1190 3168 melius
1219 3111 1333 3184 egisse,
1361 3113 1387 3169 si

67 3212 105 3249 011
121 3212 175 3250 suo
197 3212 273 3268 penu
296 3198 425 3250 statuam
440 3193 569 3263 enrisset,
592 3212 679 3267 quam
701 3193 726 3251 si
748 3194 881 3250 alumnos
903 3192 965 3249 iure
988 3210 1040 3249 suo
1063 3191 1098 3248 ad
1121 3190 1386 3248 extraordinarium

66 3272 221 3348 prandium
242 3271 383 3348 privaret.

68 3369 246 3438 Qusrmrun
269 3370 297 3427 1υ
325 3369 392 3444 quid
414 3369 453 3428 sit
474 3372 576 3428 arodus
595 3368 627 3426 in
648 3374 802 3426 contractu
825 3373 855 3426 et
875 3367 1018 3442 quomodo
1040 3366 1159 3440 obliget.

268 3460 297 3516 2⁰
321 3459 390 3533 quid
411 3458 446 3517 de
468 3458 710 3535 dispositionibus
731 3457 762 3515 in
783 3457 902 3515 casibus
922 3455 1082 3532 propositis
1104 3455 1201 3514 iactis.

662 3626 797 3693 Salutio.

159 3751 211 3815 Au
235 3771 426 3827 euaasrrmr
452 3754 489 3814 1¹u
513 3751 551 3816 R.
579 3754 607 3816 l.
654 3750 849 3815 Contractus
875 3751 951 3829 „suh
982 3750 1091 3814 haudd*
1129 3749 1208 3815 dicit
1240 3751 1281 3815 ad
1312 3770 1450 3824 con-313

67 3844 212 3906 tractum
236 3840 312 3905 addi
335 3841 479 3922 aliquam
502 3843 626 3904 certam
650 3838 882 3920 obligationem
906 3839 1056 3914 adrem,
1082 3860 1179 3920 quam
1203 3839 1388 3904 01101000-

67 3929 204 3994 trahens
232 3928 399 4009 (offerens)
424 3929 494 3993 vult
518 3928 621 4006 effici,
654 3934 688 3993 et
710 3928 753 3992 ad
777 3949 873 4010 quam
903 3927 1106 3993 efficiendam
1131 3933 1307 4011 acceptans
1330 3950 1389 4012 per

68 4018 329 4100 acceptationem
353 4039 388 4083 se
412 4018 546 4099 obligat.

159 4115 199 4181 R.
224 4118 253 4182 2.
300 4116 502 4197 Quamquam
525 4115 619 4179 valor
634 4118 823 4179 contractus
839 4115 881 4178 ab
897 4113 1031 4197 impleto
1047 4114 1100 4178 vel
1116 4114 1277 4198 implendo
1294 4112 1388 4177 modo

68 4225 135 4270 nou
158 4206 294 4288 pendet,
319 4206 374 4269 ille
397 4209 517 4282 tamen,
543 4205 593 4269 cui
616 4225 685 4268 rem
709 4203 843 4285 implere
866 4202 1032 4278 incumbit,
1058 4224 1117 4287 per
1139 4223 1175 4266 se
1199 4200 1391 4267 exjustitia

69 4294 112 4358 ad
135 4293 332 4375 implendum
357 4299 497 4370 tenetur,
522 4299 621 4374 atque
645 4293 685 4358 ab
710 4292 814 4356 altero
838 4292 1052 4358 contrahente
1069 4291 1121 4355 vel
1145 4290 1227 4367 aliis,
1252 4310 1386 4370 quorum

46 4384 225 4460 interest,
256 4383 297 4447 ad
326 4383 524 4466 implendum
551 4382 649 4447 etiam
679 4381 813 4446 iuridice
842 4386 952 4463 potest
975 4380 1063 4460 cogi,
1094 4379 1236 4460 alioquin
1259 4383 1388 4444 tautum

68 4471 206 4536 reddere
222 4473 328 4548 debet,
354 4475 509 4553 quantum
535 4471 679 4554 impletio
704 4470 760 4533 illa
783 4470 826 4535 sit
849 4469 1063 4545 aestimanda,
1087 4490 1150 4532 nou
1174 4471 1284 4533 tamen
1301 4469 1389 4532 ultra

68 4560 112 4638 id,
137 4561 223 4642 quod
246 4561 315 4644 ipse
338 4582 397 4644 per
412 4565 616 4626 contractum
640 4559 785 4623 lucratus
802 4564 853 4623 est
869 4558 921 4622 vel
943 4557 1062 4622 lucrari
1078 4561 1217 4640 poterat.
1254 4556 1389 4636 (0100

70 4651 179 4716 Gerra.
204 4649 227 4732 ἓ,
246 4653 334 4730 527).
