3106 5168
178 317 243 380 448
315 311 356 365 De
374 311 522 366 virtutibus
541 315 569 365 et
587 311 684 365 officiis
702 327 768 379 erga
787 309 916 365 homines.
935 339 971 348 -
989 309 1041 364 Off.
1061 309 1134 364 circa
1150 309 1221 364 bona
1240 314 1366 365 externa.

117 499 170 553 883
269 489 306 556 R.
332 493 362 555 3.
409 488 573 554 Iniustitia
605 488 762 555 committi
796 491 907 572 potest
935 488 1034 554 etiam
1068 493 1183 555 contra
1213 488 1424 555 venditorem
1452 489 1499 554 vel

178 578 342 643 dominum
366 599 493 655 rerum;
518 578 659 643 maxime
683 578 710 643 si
735 577 883 643 dominus
905 598 970 642 non
994 584 1110 662 sponte
1126 577 1250 656 vendit,
1275 578 1335 643 sed
1359 578 1403 643 ad
1426 599 1500 643 ven·

179 668 319 733 dendum
342 667 480 749 cogitur.
511 666 565 732 Ita
588 667 673 732 enim
696 667 817 733 iniuste
833 665 951 748 aliquis
974 666 1054 750 agit,
1079 666 1208 750 quando
1231 666 1316 732 alios
1340 672 1501 751 emptores

180 756 250 822 sive
273 755 388 821 frande
412 756 482 821 sive
506 755 613 821 minisx
626 756 761 832 detinet,
785 776 826 820 ne
849 754 911 838 ipsi
927 776 1055 838 quoque
1079 759 1286 822 concurrant.
1321 756 1395 822 Hoc
1411 756 1501 822 modo

180 844 320 930 pretium
344 850 457 911 manet
485 845 573 911 infra
595 845 645 922 id,
678 846 764 927 quod
794 844 945 910 venditor
974 845 1060 911 iuste
1090 849 1221 929 poterat
1252 850 1452 929 exspectare
1474 850 1503 911 et

179 934 265 1017 qnod
289 939 484 1018 accepturus
506 939 603 1000 esset.

269 1049 321 1112 An
344 1052 592 1124 0010010002ω
616 1049 654 1115 R.
709 1047 785 1113 Non
815 1052 867 1112 est
899 1047 1046 1124 dubium,
1080 1047 1158 1131 quin
1188 1047 1399 1132 Callepodins
1432 1069 1503 1113 con·

183 1141 236 1202 tra
259 1137 417 1203 iustitiam
441 1138 638 1221 peccaverit.
677 1136 764 1202 Nam
787 1138 881 1202 fictos
905 1142 1069 1220 emptores
1092 1136 1252 1214 submisit,
1277 1137 1335 1219 qui
1358 1137 1429 1202 suis
1452 1138 1504 1202 ob·

180 1226 355 1291 lationibns
387 1226 568 1310 opinionem
600 1226 797 1292 suscitarent
826 1246 880 1290 res
910 1225 984 1290 illas
1007 1226 1142 1291 venales
1171 1247 1207 1290 re
1234 1226 1309 1309 ipsa
1339 1226 1503 1293 aestimari

181 1315 277 1398 longe
305 1315 426 1400 pluris,
458 1337 554 1397 quarn
578 1315 848 1380 aestimabantur.
894 1314 980 1379 Hinc
1003 1336 1062 1398 per
1084 1336 1120 1381 se
1143 1313 1282 1396 siugulis
1305 1315 1503 1400 emptoribus

181 1405 356 1559 Restituam
373 1405 485 1470 debet:
511 1405 641 1487 quossi
665 1404 800 1482 nesciat,
825 1403 1022 1487 pauperibus
1045 1404 1098 1469 vel
1122 1403 1229 1469 causis
1253 1403 1318 1488 piis
1342 1403 1502 1471 restitutio

205 1514 223 1558 e
247 1515 264 1558 e
282 1516 329 1561 ur.

539 1630 754 1696 VENDITIO
779 1630 862 1696 SUB
887 1629 1033 1694 HASTA
1057 1629 1142 1710 (ΠΙ).

739 1778 849 1844 Casus.
877 1785 954 1854 (275)

273 1912 308 1969 In
323 1917 427 1970 coacta
441 1911 605 1970 licitatione
621 1915 808 1986 exponuntur
822 1929 870 1968 res
885 1908 1066 1968 domesticae
1080 1909 1215 1968 Amaliae
1230 1909 1340 1969 viduae
1360 1930 1399 1969 ex
1419 1910 1500 1969 nobili

183 1991 295 2050 familia
316 1991 433 2050 omnino
455 1991 593 2068 pauperis
614 1992 720 2049 factae.
763 1988 837 2065 Spes
864 2009 924 2048 non
945 1994 1009 2048 erat
1036 2009 1085 2048 res
1109 1989 1202 2065 pluris
1228 1990 1395 2060 vendendi,
1424 2009 1501 2066 quan

185 2072 261 2146 quod
282 2071 450 2131 sufficiebat
471 2073 508 2131 ad
530 2071 702 2130 solvendum
724 2069 848 2146 pretium
870 2068 1042 2138 locationis,
1072 2071 1109 2128 ob
1131 2070 1207 2145 quod
1228 2089 1289 2128 non
1310 2070 1442 2130 solutum
1461 2070 1501 2128 do·

184 2151 281 2210 minus
302 2153 417 2211 aedium
439 2153 529 2210 durus
550 2151 697 2227 publicam
719 2149 917 2208 venditionem
941 2150 1152 2226 postulaverat.
1194 2148 1285 2209 Cuius
1305 2151 1351 2210 rei
1372 2151 1502 2210 misertus

185 2231 343 2303 Alfredus,
374 2232 419 2290 vir
448 2233 522 2291 satis
554 2232 655 2300 dives,
686 2230 735 2306 qui
765 2231 929 2288 habebatur
959 2250 1012 2307 pro
1043 2228 1222 2306 peritissimo
1252 2229 1284 2288 in
1315 2230 1502 2290 aestimandis

185 2313 313 2371 vetustis
334 2312 558 2388 manuscriptis,
581 2311 712 2380 accedit,
739 2311 849 2369 lustrat
869 2330 917 2369 res
940 2329 1058 2382 omnes;
1088 2310 1155 2369 dein
1177 2309 1317 2369 convenit
1341 2330 1409 2369 curn
1429 2329 1502 2388 prae

187 2412 275 2460 cone,
304 2398 336 2450 ut
363 2393 488 2468 primum
509 2390 575 2450 libri
603 2397 691 2466 atque
712 2390 914 2467 manuscripta
935 2392 1117 2462 vendantur,
1146 2395 1234 2466 atque
1263 2395 1297 2450 ut
1323 2391 1356 2449 in
1384 2392 1422 2451 iis
1443 2411 1502 2449 ven·

187 2473 306 2543 dendis,
335 2492 421 2547 quarn
448 2473 527 2530 lente
554 2472 665 2547 possit,
694 2472 842 2547 procedat.
885 2471 992 2530 Oblato
1013 2476 1133 2529 vetusto
1158 2470 1363 2547 manuscripto
1384 2471 1450 2549 ipse
1469 2471 1503 2529 in·

188 2551 260 2627 cipit
281 2553 386 2610 offerre
407 2553 445 2610 20
466 2570 590 2610 mareas.
633 2551 716 2622 Quod
737 2551 931 2610 attentionem
952 2557 1051 2610 movet
1071 2551 1204 2623 aliorum,
1226 2550 1316 2610 etism
1337 2551 1427 2611 istius
1447 2550 1504 2610 duri

186 2632 336 2701 locatoris,
354 2631 402 2706 qui
417 2632 587 2706 ceteroquin
601 2631 665 2707 ipse
680 2651 793 2706 quoque
808 2636 991 2690 vetustorum
1006 2630 1274 2707 manuscriptorum
1288 2631 1504 2691 amantissimus

188 2716 252 2770 erat
279 2731 373 2787 neque
400 2713 478 2770 ferre
505 2717 637 2786 poterat,
666 2712 741 2785 quod
769 2711 824 2770 sibi
853 2713 890 2770 ab
918 2712 1011 2770 altero
1035 2713 1198 2787 eriperetur
1219 2711 1337 2786 aliquod
1359 2711 1503 2788 antiquum

188 2793 401 2859 documentum,
424 2792 500 2867 quod
522 2792 627 2850 adesse
649 2791 863 2866 suspicabatur.
894 2792 942 2849 Fit
964 2792 1156 2862 concertatio,
1178 2791 1267 2849 etiam
1289 2811 1306 2848 a
1328 2792 1420 2851 tertio
1442 2812 1503 2868 quo·

188 2873 264 2942 darn,
286 2892 459 2948 quamquam
481 2873 559 2930 hunc
580 2872 696 2947 quidem
710 2873 848 2929 Alfredus
870 2879 1023 2930 monuerat
1044 2892 1076 2929 se
1098 2873 1133 2930 de
1152 2871 1253 2929 valore
1274 2871 1318 2929 rei
1341 2873 1504 2931 nullatenus

188 2972 276 3028 posse
299 2973 413 3022 cavere,
437 2953 528 3011 donec
546 2953 660 3010 demum
676 2953 809 3010 dominus
831 2951 880 3010 ille
902 2953 1016 3010 locator
1032 2953 1109 3011 1000
1124 2970 1289 3009 marcarum
1311 2953 1401 3011 offert
1425 2957 1504 3010 —et

189 3032 302 3092 obtinet
322 3034 453 3091 rationes
475 3033 635 3090 culinarias
657 3035 693 3090 ab
715 3031 826 3090 ultimis
849 3034 885 3089 50
908 3031 1001 3090 annis.

277 3113 340 3181 Quo
361 3115 457 3184 facto,
489 3113 606 3171 Amalia
627 3112 731 3170 videns
753 3111 809 3170 sibi
830 3119 898 3187 post
918 3112 1046 3170 solutum
1067 3111 1192 3188 pretinm
1214 3111 1375 3170 locationis
1396 3117 1503 3171 tantun

189 3213 344 3269 superesse
365 3193 517 3269 pecuniae,
539 3195 605 3269 ipsa
622 3193 677 3251 sibi
700 3198 824 3250 conatur
844 3211 892 3250 res
914 3212 984 3249 suas
1000 3191 1176 3250 domesticas
1198 3192 1351 3261 redimere,
1375 3192 1504 3250 damnum

188 3273 258 3331 illud
280 3274 347 3331 libri
370 3294 434 3331 cum
455 3274 518 3332 risu
539 3276 646 3332 ferens.

189 3377 365 3446 Qunaarrua
388 3383 415 3438 1⁰
441 3400 510 3437 num
530 3380 671 3438 Alfredus
691 3378 801 3436 iniusto
823 3379 907 3436 modo
929 3377 1055 3453 pretium
1077 3376 1197 3436 auxisse
1219 3375 1362 3436 dicendus
1385 3378 1439 3449 sit,
1463 3376 1503 3435 rel

442 3462 478 3518 ad
499 3460 566 3535 quid
589 3466 732 3519 teneatur.

387 3548 416 3604 2ο
441 3548 595 3607 licueritne
623 3549 679 3624 ipsi
701 3547 837 3606 Amaliae
865 3546 921 3605 sibi
949 3565 1002 3622 per
1024 3566 1056 3605 se
1084 3545 1147 3604 sive
1175 3565 1227 3621 per
1248 3547 1422 3622 suppositas
1450 3565 1504 3623 per·

442 3648 531 3686 sonas
553 3649 623 3686 suas
645 3649 692 3686 res
714 3628 865 3687 redimere.

783 3802 917 3868 Salutio.

129 3949 181 4002 884
279 3933 331 3996 An
355 3954 545 4008 ouansmun
572 3939 608 3998 1ω
632 3936 669 4000 R.
698 3938 725 3999 1.
774 3934 884 4010 Sica,
915 3934 1054 4014 quaein
1082 3932 1290 4015 priorecasu
1315 3932 1504 4000 dictasunt

190 4025 252 4088 huc
276 4023 493 4105 applicamuS,
526 4023 628 4087 videri
659 4028 768 4105 potest
792 4024 946 4086 Alfredus
972 4023 1136 4104 decepisse
1160 4020 1243 4085 alios
1267 4028 1434 4104 emptores
1456 4042 1505 4085 seu

191 4113 357 4177 induxisse
382 4112 413 4176 in
439 4133 581 4175 errorem
613 4112 698 4176 circa
728 4112 940 4194 manuscripti
972 4112 1075 4187 illius,
1100 4111 1184 4192 quod
1209 4110 1432 4188 vendebatur,
1455 4132 1506 4173 ra·

191 4203 301 4267 lorem.
350 4201 442 4277 Quod
472 4202 499 4265 si
532 4201 579 4266 ita
603 4202 662 4275 sit,
695 4223 799 4282 neque
824 4201 953 4265 Amalia
977 4202 1117 4283 pretium
1142 4204 1257 4282 utpote
1281 4199 1439 4266 iniustum
1462 4220 1506 4262 re·

191 4292 296 4357 tinere
320 4291 450 4374 poterit,
476 4297 509 4356 et
532 4291 697 4367 AlfreduS‚
722 4291 839 4355 saltem
864 4290 896 4352 in
921 4290 1052 4355 defectu
1077 4290 1234 4366 Amaliae,
1260 4295 1442 4372 emptorem
1464 4290 1506 4353 in·

192 4382 339 4444 demnem
363 4381 472 4445 facere
497 4380 636 4445 debebit.

280 4489 317 4551 u.
345 4491 374 4553 2.
422 4489 484 4552 Sed
510 4509 544 4552 re
567 4487 713 4552 intimius
738 4487 895 4568 inspecta,
921 4487 1093 4549 discrimen
1117 4486 1282 4550 observari
1310 4487 1409 4552 debet
1431 4488 1506 4550 inter

191 4575 275 4637 hunc
300 4583 333 4640 et
357 4578 496 4658 priorem
523 4599 644 4642 casum.
692 4576 856 4652 Alfredns
883 4576 975 4639 utin
1000 4596 1077 4639 casu
1101 4579 1265 4652 narratur,
1290 4575 1418 4641 sincere
1441 4595 1506 4658 pro·

192 4663 287 4737 cedit,
314 4666 345 4728 in
370 4667 476 4731 animo
500 4667 624 4732 habens
648 4666 786 4741 solvere,
812 4666 839 4728 si
864 4664 997 4728 ultimus
1021 4664 1119 4727 fuerit
1143 4665 1293 4742 offerens,
1318 4665 1351 4729 in
1370 4667 1505 4731 favorem
