3106 5168
368 1109 585 1207 Index
634 1107 1135 1231 alphabeticus.

503 1477 671 1546 (Indicantur
689 1477 795 1530 nurmeri
813 1476 999 1544 marginales.)

389 1652 432 1720 Α,
750 1651 752 1709 Ι
800 1669 898 1734 vocare
923 1652 976 1705 426
995 1669 1055 1720 sqq.
1081 1681 1114 1689 -
1145 1651 1227 1706 Fines
1251 1649 1417 1705 acatholicos

87 1796 271 1851 Abbreviare
297 1795 382 1850 vitam
407 1795 543 1865 propriam
568 1812 633 1847 unm
656 1764 752 1857 liccati
800 1723 1416 1863 0700107οα40101ωο00οῖἒο01000109437ῗωο90]

124 1869 231 1935 37000.
750 1868 752 1915 1
800 1869 874 1918 tuam
888 1882 941 1917 viri
954 1863 1069 1918 celebris
1087 1865 1155 1926 435;
1174 1895 1210 1903 —
1228 1883 1321 1919 eorum
1339 1865 1416 1919 scho-

87 1939 209 1993 ablatio
234 1939 272 1991 rei
292 1937 397 1992 alienae
416 1936 522 2005 quaudo
541 1936 643 1989 lurtum
670 1920 753 2025 clm}
800 1936 854 1989 lam
873 1935 1047 2004 frequentare
1073 1935 1122 1999 39;
1144 1966 1179 1973 —
1204 1936 1233 1988 in
1251 1953 1343 1989 eorum
1361 1937 1416 1990 ritu

128 2040 157 2047 —
177 2010 267 2063 iocosa
288 2011 350 2061 ibid.
750 2036 753 2061 a
800 2006 926 2074 religioso
936 2007 1134 2060 communicare
1143 2008 1196 2060 443
1204 2024 1273 2075 000,
1287 2007 1313 2060 10
1324 2025 1415 2062 eornm

87 2080 277 2135 Abominatio
299 2079 475 2146 distinguitur
494 2078 527 2131 ab
546 2079 607 2132 odio
626 2079 737 2132 inimici·
800 2078 925 2132 cautibus
949 2078 1017 2143 444,
1042 2079 1109 2141 445;
1136 2111 1168 2119 -
1197 2096 1290 2132 eorum
1314 2078 1417 2149 scripta

123 2152 178 2204 tiae
197 2153 249 2205 390
262 2169 322 2219 sqq.
800 2150 947 2219 script-lone
965 2167 1124 2218 promovere
1142 2151 1195 2203 440
1208 2166 1268 2218 000.

87 2224 217 2278 Aburius
236 2223 300 2290 0010
320 2221 357 2275 sit
380 2221 447 2281 522;
466 2251 501 2257 --
526 2220 703 2288 distinguitur
722 2238 738 2274 a
765 2220 940 2289 acceptatio
959 2220 986 2274 iu
1000 2224 1141 2274 contractu
1156 2221 1245 2289 qualis
1264 2221 1417 2289 requiratur

123 2299 203 2364 partu
219 2299 395 2361 prccrrraturo
415 2293 497 2355 ibid.;
515 2322 549 2328 —
573 2293 692 2345 directus
711 2295 739 2345 et
801 2293 867 2356 798,
893 2293 974 2362 10000
993 2310 1027 2345 ex
1046 2292 1107 2359 lege
1132 2292 1251 2360 positiva
1276 2292 1328 2346 798
1340 2309 1416 2360 000.;

123 2366 272 2418 indirectas
291 2365 359 2428 523,
378 2363 445 2424 526;
466 2393 498 2399 -
526 2363 644 2416 directus
663 2381 738 2416 uum·
801 2393 835 2401 —
863 2381 916 2416 uon
941 2367 1047 2416 mature
1074 2364 1199 2416 nuntiata
1224 2380 1293 2431 quas
1317 2363 1418 2417 habeat

123 2454 204 2504 00001
224 2435 343 2506 permitti
362 2437 452 2504 potest
475 2434 535 2498 524,
555 2436 621 2498 525;
642 2464 673 2471 -
694 2434 738 2487 ob·
802 2435 929 2502 sequelae
947 2433 1008 2489 800.

124 2509 224 2560 lectum
244 2506 336 2575 gaudii
354 2522 419 2558 num
439 2522 499 2558 0000
519 2507 605 2574 possit
624 2505 689 2569 526;
704 2536 737 2542 -
751 2526 753 2531 ’
766 2506 876 2561 lccdla
886 2506 1037 2573 generatim
1046 2507 1156 2574 sumpta
1163 2505 1227 2573 quid
1237 2505 1275 2559 sit
1286 2506 1336 2559 167
1343 2521 1417 2574 000.;

122 2582 298 2647 procurantes
310 2577 578 2631 excommunicantur
588 2577 664 2640 1038,
674 2594 737 2630 000
802 2607 835 2614 —
862 2581 892 2631 ut
914 2582 1054 2648 peccatum
1080 2580 1192 2645 speciale
1218 2577 1277 2640 167,
1298 2576 1363 2640 168;
1384 2607 1416 2617 -

122 2654 187 2703 ante
206 2650 330 2703 effectum
349 2653 472 2701 secudum
502 2648 584 2705 1039:
612 2648 680 2702 fiant
704 2650 737 2702 ir·
802 2649 900 2716 quibus
918 2649 1045 2702 remediis
1063 2649 1183 2702 curanda
1203 2648 1262 2703 169.

121 2720 262 2789 regulares
282 2738 335 2789 qua
354 2719 511 2772 extensione
532 2719 609 2772 1040.
766 2722 857 2774 Actus
876 2720 986 2773 humani
999 2727 1025 2772 ot
1042 2719 1158 2773 hominis
1178 2720 1281 2788 lsqq.;
1301 2718 1417 2773 -boui

87 2792 252 2858 lbrogotlo
279 2791 348 2859 legis
374 2809 422 2860 per
447 2789 535 2855 legem
562 2791 738 2859 posteriorem
801 2795 830 2844 et
847 2791 912 2844 mali
936 2793 982 2853 45,
1002 2792 1050 2845 46:
1079 2823 1111 2831 -
1137 2789 1279 2844 deliberati
1298 2795 1327 2844 et
1344 2790 1416 2844 1000·

123 2864 189 2921 112;
208 2892 243 2899 —
269 2881 316 2933 per
335 2861 556 2915 cousuetudinem
575 2863 737 2915 contrariam
801 2862 908 2915 liberati
924 2864 1023 2931 lsqq.;
1041 2891 1078 2899 —-
1096 2862 1281 2915 indifferentes
1293 2862 1329 2914 44
1341 2879 1417 2931 000.;

124 2937 186 2986 ibid.
751 2948 753 2953 ·
801 2963 836 2970 —
855 2934 1001 2987 necessarii
1021 2937 1049 2986 et
1066 2933 1144 2986 liberi
1168 2935 1256 3001 lsqq.

87 3004 243 3059 dissolutio
269 3021 285 3057 a
311 3004 432 3056 censuris
460 3003 526 3058 1001
547 3020 622 3072 000.;
649 3034 681 3042 -
711 3003 738 3057 10
766 3003 1330 3058 Administratiobonornmfilii-familias
1349 3003 1416 3065 560;

121 3076 231 3130 casibus
249 3075 363 3128 occultis
391 3075 474 3136 1001;
500 3104 535 3111 -
560 3075 587 3126 10
606 3091 672 3128 casn
690 3074 737 3127 im·
803 3105 836 3112 —
855 3075 986 3128 bonorum
1006 3076 1099 3129 uxoris
1125 3075 1192 3138 57ος
1219 3105 1250 3111 -
1277 3074 1418 3129 societatis

121 3146 268 3217 pedimeuti
296 3146 379 3209 1002,
401 3146 484 3207 1003;
512 3174 543 3182 -
570 3146 597 3198 10
623 3145 737 3199 articulo
802 3164 952 3215 anonymae
972 3147 1032 3199 771.

122 3219 217 3271 mortis
246 3217 323 3271 1001.
349 3247 381 3254 -
414 3216 542 3270 Cautclae
570 3216 738 3270 adhibendae
751 3272 753 3277 ,
766 3217 956 3272 0001100010
981 3234 1071 3270 rerum
1094 3216 1232 3270 venalium
1255 3233 1308 3285 qno
1333 3232 1416 3270 00000

124 3290 261 3357 102300.;
283 3320 315 3326 —
335 3288 474 3358 complicis
494 3306 519 3341 v.
540 3287 692 3356 complex.
750 3310 753 3381 0
800 3294 941 3409 peccatum
962 3288 1014 3343 805
1027 3305 1096 3357 000..
1109 3288 1162 3342 870
1175 3305 1231 3356 00.;
1251 3287 1355 3340 -rini
1367 3305 1416 3358 pro

87 3360 276 3414 Abstinentiae
294 3359 388 3412 05000
402 3360 531 3412 carnium.
564 3359 619 3412 Lex
640 3360 752 3413 000100.Ι
801 3360 887 3413 111000
906 3361 967 3423 800,
986 3361 1047 3423 807,
1066 3359 1127 3414 871.

122 3433 174 3485 975
188 3448 262 3499 000.;
282 3459 317 3467 -
340 3431 484 3483 101010οἰ0
504 3431 570 3494 975;
591 3461 622 3467 -
648 3431 736 3484 obser·
765 3431 964 3486 Adulterium.
1000 3431 1138 3485 adulteri
1164 3431 1216 3483 545
1225 3450 1231 3494 ;
1254 3460 1288 3467 -
1315 3428 1415 3498 duplex

122 3503 213 3556 vande
236 3502 319 3554 etiam
345 3519 361 3554 a
391 3501 651 3565 000101000011000
678 3503 736 3565 120,
801 3504 883 3568 1010,-
903 3535 935 3543 —
955 3506 986 3555 ut
1000 3519 1083 3555 causa
1101 3501 1281 3555 restitutionis
1301 3501 1352 3556 719
1365 3519 1415 3571 00.,

122 3575 189 3636 975;
209 3603 245 3611 -
270 3590 339 3641 0000
358 3572 527 3627 observanda
546 3573 580 3625 ab
599 3573 737 3627 excusatis
799 3573 922 3627 indubia
953 3574 1099 3626 eternitate
1114 3573 1181 3637 720;
1194 3602 1228 3610 -
1247 3571 1349 3643 prolem
1361 3591 1414 3626 non

122 3644 253 3698 01010010
273 3643 317 3697 vel
337 3643 499 3714 dispensatis
519 3645 585 3706 979;
604 3674 639 3681 —-
658 3648 737 3698 extra
799 3644 866 3699 facit
879 3591 1067 3709 aduiteram,
1087 3645 1140 3698 0101
1153 3653 1222 3698 certo
1237 3647 1344 3698 constet
1354 3645 1414 3699 720.

122 3723 245 3785 tempora
275 3715 367 3769 ieiunii
398 3715 450 3769 080
471 3733 512 3784 00.
544 3745 576 3752 -
608 3715 737 3770 Facultas
764 3716 937 3770 adventitia
955 3716 1044 3769 bona
1063 3733 1133 3785 0000
1151 3719 1283 3769 vocentur
1302 3716 1362 3770 560.

122 3787 294 3857 dispensandi
323 3786 459 3853 generalis
489 3786 554 3850 120,
583 3788 650 3852 075,
676 3787 736 3851 980,
763 3787 960 3842 advertentia
982 3786 1104 3857 perlecta
1123 3792 1151 3840 et
1169 3787 1329 3858 imperfecte
1355 3786 1414 3851 133,

123 3858 294 3927 particularis
314 3859 375 3912 979.
749 3852 751 3909 l
818 3859 897 3911 nibus
916 3858 1003 3927 signis
1023 3859 1197 3926 dignoscatur
1218 3859 1282 3921 135;
1303 3888 1337 3894 -
1355 3875 1414 3928 per·

88 3930 202 3984 Abusus
220 3929 287 3983 iuria
313 3930 380 3991 671,
400 3929 460 3983 672.
485 3960 517 3968 -
544 3929 590 3982 100
609 3916 751 4003 abutendi}
799 3876 930 3983 iectadiu
950 3929 1045 3983 abesse
1083 3933 1155 3983 otest
1173 3930 1199 3982 in
1218 3928 1415 3983 tentationibus

123 4000 187 4068 quid
206 4000 342 4068 significet
360 4001 421 4054 554.
749 4038 751 4049 .
801 4002 866 4063 137;
886 4032 920 4038 -
940 4001 1042 4054 reflexa
1057 3948 1089 4054 rie
1102 4000 1159 4053 Deo
1176 4018 1242 4053 uum
1261 4000 1414 4054 necessaria

88 4071 255 4126 dcathollci
287 4072 417 4138 quomodo
452 4073 596 4124 teneantur
631 4070 751 4137 legibusj
798 4073 836 4126 sit
854 4073 887 4126 ad
908 4077 1048 4142 peccatum
1070 4072 1135 4136 184;
1155 4101 1189 4108 --
1212 4071 1301 4140 000110
1319 4071 1416 4125 reddat

124 4142 262 4196 Ecclesiae
281 4144 330 4203 94;
350 4172 384 4178 -
403 4160 466 4194 num
485 4145 630 4195 teneantur
648 4142 683 4195 00
701 4142 751 4223 ie:
799 4143 979 4209 ignorantiam
990 4143 1144 4196 vincibilem
1155 4147 1184 4196 et
1193 4141 1356 4212 culpabilem
1370 4143 1414 4206 21,

122 4214 196 4267 iunia
221 4219 248 4268 et
272 4214 344 4267 festa
363 4213 496 4266 catholica
522 4215 570 4275 94;
599 4245 631 4252 —
658 4213 751 4293 dubie*
799 4216 852 4277 25,
881 4215 1125 4284 concupiscentiam
1144 4214 1204 4268 sive
1223 4213 1413 4268 semirolnnta·

122 4285 253 4354 baptizati
278 4285 385 4353 quaudo
410 4284 594 4338 condicionate
620 4284 736 4355 rebapti-
800 4286 868 4339 riam
887 4287 946 4340 sive
965 4287 1044 4356 plena
1063 4285 1243 4339 voluntariam
1264 4286 1307 4339 31.

123 4356 201 4410 zaudi
227 4357 275 4421 73,
306 4356 334 4408 10
359 4355 452 4409 ordine
478 4357 511 4409 ad
537 4356 737 4409 matrimonium
764 4357 943 4413 Adsecutus.
981 4357 1046 4410 Eius
1069 4356 1248 4424 obligationes
1272 4357 1324 4410 497
1338 4372 1414 4424 000.;

123 4427 257 4481 habentur
282 4444 330 4496 pro
349 4427 495 4497 baptizatis
520 4428 554 4480 74
562 4448 568 4490 ;
598 4458 630 4466 -
658 4429 751 4495 mori-3
800 4459 834 4466 —
853 4446 963 4482 causam
982 4429 1111 4482 iniustam
1130 4428 1276 4482 defendens
1294 4425 1348 4481 498
1357 4443 1414 4495 00.;

122 4498 206 4551 bundi
225 4498 355 4567 quomodo
374 4498 486 4552 iuvandi
505 4499 565 4553 427.
749 4500 751 4511 “
800 4529 834 4536 -
862 4499 982 4553 criminis
1012 4517 1087 4553 reum
1115 4499 1263 4553 defendens
1293 4498 1345 4552 500
1364 4515 1413 4566 00.,

90 4599 111 4604 ·-
127 4601 137 4605 -
157 4601 160 4605 ·
186 4569 397 4622 communicatio
410 4587 470 4622 cum
489 4569 534 4623 iis:
555 4568 671 4623 liceatne
689 4569 736 4622 mi·
800 4570 931 4624 debeatne
944 4570 1016 4642 parti
1030 4572 1162 4625 adversae
1175 4571 1302 4624 damnum
1315 4586 1414 4623 causac

123 4640 237 4694 nistrum
257 4657 348 4693 eorum
372 4644 464 4693 sectae
489 4641 522 4694 ad
549 4640 736 4694 moribundum
799 4641 888 4696 civilis
907 4660 1034 4712 reparare
1054 4643 1114 4697 501.
