3106 5168
400 289 507 359 Regula
520 295 667 360 proximo:
687 290 861 345 conscientia.
880 321 916 330 -
935 291 964 347 O.
983 293 1150 363 scrupulosa.
1399 301 1440 365 31

112 465 211 531 dubia
234 486 296 531 sua
319 486 384 531 non
407 487 479 532 esse
502 467 653 533 habenda
675 489 734 552 pro
758 467 845 532 veris
869 467 984 547 dubiis,
1019 475 1052 536 et
1083 474 1199 536 contra
1228 471 1285 536 illa
1308 493 1443 556 scrupu-

112 555 185 620 losa
201 554 300 621 dubia
315 555 401 620 serio
417 576 517 638 agere
532 557 703 623 statuerit:
729 577 767 621 eo
790 556 861 641 ipso
884 558 969 640 quod
993 559 1108 624 dubius
1131 580 1192 625 nec
1213 560 1310 644 plane
1334 566 1444 627 certus

113 643 155 708 de
177 648 317 728 peccato
340 648 428 727 agat,
454 645 536 711 satis
559 645 711 723 attendit,
736 645 799 710 etsi
822 645 980 712 indirecte
1003 653 1142 727 tanturn,
1167 670 1203 714 se
1227 649 1325 715 dubia
1347 671 1444 735 posse

113 737 149 799 et
172 732 292 799 debere
314 754 480 818 spernere.
526 734 647 801 Postea
669 755 804 800 securus
827 755 900 800 esse
924 736 1021 802 debet
1045 737 1084 802 de
1107 742 1242 821 peccato
1268 760 1331 804 non
1356 761 1443 805 com·

113 821 232 899 misso;
263 821 448 888 formaliter
471 823 556 889 enim
580 824 633 889 vel
657 824 780 889 reflexe
803 824 968 890 recordari
991 825 1078 891 illius
1101 828 1235 909 regulae
1261 848 1319 893 seu
1342 829 1443 912 privi-

114 909 190 993 legii
224 912 487 995 scrupulosorum
521 912 553 977 in
586 913 732 996 qualibet
764 913 893 978 actione
924 918 1131 993 occurrente,
1165 920 1217 981 est
1246 916 1444 1000 impossibile

114 999 239 1082 aliquid
263 1000 406 1083 exigere.

205 1105 245 1171 R.
269 1108 300 1173 4.
347 1105 432 1171 Hinc
462 1106 569 1189 quoad
600 1107 774 1191 specialem
805 1108 990 1191 scrupulum
1024 1109 1064 1175 de
1094 1110 1351 1177 confessionibus
1374 1112 1444 1178 sive

114 1193 275 1261 iterandis
297 1195 368 1261 sive
393 1196 592 1280 complendis
624 1196 689 1262 iam
723 1196 871 1278 sequitur
903 1199 1127 1281 scmpulosum
1152 1199 1339 1266 nullatenus
1363 1201 1443 1266 obli·

114 1283 190 1367 gan'
220 1284 262 1350 ad
292 1288 430 1368 peccata
452 1285 653 1368 praeteritae
676 1284 766 1351 vitae
790 1287 984 1366 accusanda,
1016 1287 1077 1353 nisi
1102 1288 1301 1355 certissimus
1333 1291 1377 1356 sit
1409 1312 1444 1356 se

114 1372 303 1439 mortaliter
317 1393 481 1458 peccasse,
506 1395 610 1456 neque
631 1395 783 1457 umquam
807 1375 868 1440 hoc
889 1379 1058 1459 peccatum
1078 1378 1141 1442 rite
1160 1398 1232 1442 esse
1248 1378 1443 1444 confessum.

115 1461 208 1539 Quod
229 1462 379 1541 Gobat,
409 1463 512 1529 lluot.
531 1465 679 1548 ceperim.
696 1479 832 1529 sacram.
857 1468 898 1530 tr.
913 1465 984 1542 Vll,
1009 1487 1040 1533 n.
1060 1468 1123 1531 494
1141 1487 1201 1549 sq.‚
1226 1467 1274 1532 ita
1289 1468 1443 1550 explicat,

114 1557 154 1617 ut
177 1551 387 1634 scrupulosus
410 1551 472 1617 hac
495 1551 527 1616 in
551 1572 587 1616 re
610 1552 791 1617 audiendus
814 1553 955 1631 nonsit,
991 1554 1053 1619 nisi
1076 1576 1096 1618 a
1120 1554 1320 1621 confessario
1343 1556 1444 1624 inter·

115 1640 260 1724 pellatus
282 1641 394 1707 statim
419 1645 605 1725 promptum
635 1662 671 1706 se
702 1641 857 1708 exhibeat
887 1643 926 1707 ad
959 1646 1101 1708 iteratam
1125 1644 1373 1728 affirmationem
1405 1646 1445 1711 de

115 1734 259 1811 utraque
281 1729 339 1795 illa
363 1729 567 1796 certitudine.

207 1834 247 1901 R.
272 1838 303 1901 5.
349 1835 575 1901 Conlessarius
608 1839 718 1902 autern
751 1836 803 1900 vel
838 1836 980 1903 director
1011 1838 1190 1922 spiritualis
1225 1844 1377 1906 strenuus
1412 1844 1487 1908 ettl

116 1923 215 1991 fortis
238 1943 311 1989 esse
335 1924 442 2002 debet,
466 1928 504 1990 ut
526 1925 641 2006 exigat
664 1925 912 2002 oboedientiam,
944 1948 1027 1991 neve
1050 1927 1120 2011 ipse
1144 1928 1240 1992 cedat
1264 1929 1369 1994 dubiis
1392 1929 1444 1994 vel

116 2013 268 2098 precibus
292 2016 326 2079 et
348 2011 649 2096 importunitatibus
665 2015 861 2098 scrupulosi;
886 2016 1029 2098 alioquin
1047 2016 1185 2099 benigne
1206 2038 1279 2081 eum
1301 2023 1446 2084 tractare

117 2103 226 2176 debet.
251 2102 360 2167 omnia
383 2102 453 2167 eius
477 2103 574 2169 dubia
597 2103 630 2168 iu
654 2103 876 2186 benigniorem
900 2110 1028 2187 partem
1051 2105 1273 2189 interpretari,
1299 2107 1339 2171 ad
1363 2108 1446 2171 fidu·

117 2192 203 2257 ciam
228 2212 301 2256 eum
325 2191 480 2257 animare.

208 2280 320 2346 Habet
338 2281 546 2365 scrupulosus
566 2281 694 2363 quidem
714 2302 791 2347 suas
810 2281 1024 2361 obiectiones3
1049 2283 1222 2366 plerasque
1238 2288 1350 2348 tamen
1369 2305 1446 2349 cou-

116 2369 277 2436 fessarius
300 2368 447 2436 suaviter
470 2369 605 2434 irridere
629 2376 755 2454 potest,
786 2370 883 2452 idque
913 2371 999 2448 iure,
1031 2393 1103 2436 curn
1130 2373 1321 2456 scrupuloso
1346 2372 1445 2438 etiam

117 2459 192 2524 rudi
215 2457 313 2524 facile
337 2459 510 2524 ostendere
533 2459 638 2542 possit
660 2459 721 2524 sibi
745 2480 818 2524 earn
841 2461 957 2542 legem,
983 2481 1066 2542 quae
1090 2460 1162 2525 aliis
1181 2461 1323 2526 fortasse
1339 2461 1447 2546 posita

116 2549 171 2626 sit,
197 2568 218 2613 a
241 2549 311 2613 Deo
334 2568 400 2612 non
421 2547 508 2632 poni.
553 2548 798 2631 Captiosissima
822 2549 959 2615 obiectio
984 2554 1045 2627 est,
1070 2549 1097 2614 si
1121 2551 1329 2633 scrupulosus
1352 2572 1446 2634 prae-

117 2637 236 2704 tendat
258 2635 435 2721 periculum
452 2636 604 2702 manendi
627 2636 660 2702 in
684 2642 775 2703 statu
798 2638 924 2722 peccati
948 2643 982 2704 et
1005 2639 1122 2704 anxius
1137 2640 1283 2716 haereat,
1308 2640 1384 2722 quid
1407 2640 1447 2705 de

117 2748 154 2792 se
183 2727 260 2803 fiat,
292 2726 320 2790 si
350 2746 428 2790 mox
457 2725 626 2802 moriatur,
660 2748 719 2809 pro
742 2730 815 2792 tota
838 2729 1036 2794 aeternitate
1064 2728 1265 2794 iudicandus.
1313 2730 1376 2794 Sed
1406 2751 1447 2795 ne

118 2814 194 2880 huic
210 2813 340 2898 quidem
357 2814 530 2881 obiectioni
552 2815 729 2880 cedendum
754 2821 814 2881 est.
854 2817 999 2882 Coniciat
1022 2838 1058 2882 se
1081 2818 1290 2901 scrupulosus
1313 2838 1448 2883 securus

119 2906 153 2969 in
176 2905 282 2969 sinum
307 2903 437 2969 divinae
460 2904 712 2969 misericordiae.
760 2905 974 2971 Oboedientia
997 2906 1158 2990 praestita
1188 2912 1222 2972 et
1251 2906 1369 2972 fiducia
1392 2909 1446 2971 fir·

119 2993 218 3059 miter
240 2996 371 3058 retenta
394 3014 468 3058 eum
491 3014 555 3058 non
580 2994 766 3060 contundet.
807 2996 895 3059 Deus
910 2996 1026 3061 salutis
1043 2998 1197 3060 aeternae
1216 2996 1317 3078 ipsius
1336 3016 1446 3060 curam

119 3081 270 3153 habebit:
294 3081 392 3146 immo
414 3081 492 3147 talis
507 3083 625 3147 fiducia
648 3087 681 3148 et
706 3083 910 3150 oboedientia
926 3089 1036 3168 potest
1051 3105 1114 3149 non
1131 3106 1206 3149 raro
1223 3105 1301 3148 vere
1316 3085 1448 3150 heroica

119 3192 193 3237 esse
216 3174 317 3253 atque
340 3192 500 3236 summum
518 3171 667 3238 caritatis
691 3178 800 3238 actum
824 3193 904 3254 erga
920 3175 1024 3238 Deum
1047 3173 1079 3238 in
1104 3194 1140 3238 se
1163 3173 1339 3250 continere,
1365 3195 1448 3255 quae

120 3281 163 3327 ex
185 3260 257 3344 ipso
281 3263 372 3326 statu
395 3259 533 3344 peccati,
558 3261 585 3325 si
608 3260 695 3326 forte
719 3262 815 3338 adsit,
841 3262 1002 3327 hominem
1026 3262 1059 3327 in
1084 3261 1262 3327 amicitiam
1286 3283 1357 3326 curn
1377 3263 1447 3328 Deo

120 3350 287 3416 restituat.

210 3454 249 3521 R.
275 3458 305 3522 6.
353 3454 488 3520 Cautela
517 3455 704 3521 necessaria
734 3461 785 3522 est
816 3456 849 3520 in
879 3456 988 3538 aliquo
1019 3477 1107 3533 casu,
1138 3457 1267 3537 quando
1297 3456 1447 3522 nimimm

122 3545 217 3610 homo
241 3544 450 3627 scrupulosus
474 3543 603 3625 quidem
634 3545 666 3609 in
698 3567 763 3610 una
792 3566 829 3609 re
860 3551 920 3623 est,
949 3545 1046 3611 laxus
1069 3549 1179 3611 autem
1204 3550 1237 3611 et
1259 3546 1448 3628 frequenter

122 3654 262 3718 peccans
291 3632 325 3698 in
355 3633 428 3698 aliis
457 3634 564 3699 rebus.
612 3634 694 3697 Rurn
727 3633 1006 3700 indiscriminatim
1036 3634 1159 3716 regulis
1186 3636 1448 3718 scrupulosorum

122 3743 239 3805 regere
262 3722 348 3787 velle
371 3726 459 3788 esset
483 3722 801 3806 perniciosissimum.
848 3725 936 3804 Ergo
960 3724 1015 3789 ille
1039 3723 1298 3790 exstimulandus
1322 3728 1383 3803 est,
1412 3730 1449 3791 ut

123 3811 311 3878 occasiones
334 3816 541 3894 peccatorum
568 3812 660 3888 vitet,
691 3816 792 3894 atque
816 3813 1021 3878 voluntatem
1052 3835 1116 3878 non
1143 3813 1298 3896 peccandi
1322 3814 1448 3880 firmam

122 3921 221 3984 saepe
245 3902 391 3977 renovet,
416 3900 604 3982 ceteroquin
627 3900 659 3965 in
684 3900 823 3967 materia
847 3902 1047 3985 scrupulosa,
1073 3903 1201 3985 quando
1223 3903 1320 3968 dubia
1336 3924 1449 3969 occur-

123 3995 208 4067 rant,
234 3989 336 4054 libere
360 3993 394 4054 et
418 3988 557 4055 tidenter
580 3990 745 4073 procedat.

214 4088 263 4170 Of.
289 4095 432 4152 auctores
455 4109 554 4173 supra
579 4089 728 4153 laudatos
735 4112 749 4170 ;
770 4089 903 4173 insuper
926 4090 1134 4171 Laymann
1158 4089 1179 4153 l.
1201 4093 1227 4167 1,
1253 4093 1294 4155 tr.
1315 4094 1342 4166 1,
1368 4111 1394 4154 c.
1419 4091 1448 4154 6.

212 4203 266 4267 Au
293 4222 484 4277 eunaslruu
515 4205 553 4266 3¹¹¹
584 4203 622 4268 R.
651 4208 678 4268 1.
732 4202 848 4267 Flavia
880 4202 982 4267 iuberi
1014 4202 1111 4269 debet
1143 4203 1294 4268 omittere
1324 4202 1492 4268 casini-62

124 4290 289 4357 nationem
319 4311 447 4374 semper
479 4291 518 4356 de
551 4312 635 4357 novo
666 4291 900 4358 instituendam
934 4293 973 4357 de
1004 4291 1074 4357 vita
1105 4293 1301 4376 praeterita;
1335 4292 1361 4355 si
1395 4291 1449 4354 diu

126 4379 227 4445 vitam
250 4400 387 4463 pravam
412 4379 515 4459 duxit,
540 4385 616 4464 post
639 4380 875 4446 contessionem
900 4381 1088 4463 generalem
1111 4380 1306 4456 institutam,
1332 4380 1360 4443 ei
1384 4400 1449 4443 una

127 4469 273 4535 alterave
289 4468 360 4534 vice
383 4468 530 4552 permitti
552 4475 673 4554 potest,
698 4472 736 4534 ut
758 4470 911 4553 suppleat
934 4491 974 4535 ea
997 4491 1080 4552 quae
1103 4474 1197 4554 putet
1221 4491 1256 4533 se
1279 4489 1344 4533 non
1367 4467 1449 4531 satis

126 4556 252 4641 integre
276 4579 464 4635 accusasse;
495 4563 611 4642 postea
634 4559 733 4624 sileat
756 4558 895 4636 omnino,
927 4559 987 4622 nisi
1019 4563 1110 4624 certa
1140 4559 1237 4642 plane
1267 4556 1319 4632 sit,
1350 4555 1448 4620 immo

128 4668 196 4712 oum
219 4647 403 4712 iuramento
428 4647 593 4713 affirmare
616 4648 721 4732 possit
753 4669 789 4713 se
821 4648 882 4712 hoc
915 4648 967 4712 vel
1000 4647 1079 4711 illud
1109 4651 1278 4728 peccatum
1310 4643 1448 4709 mortale
