3106 5168
304 291 463 364 cooperatio
481 309 543 347 cum
561 295 673 364 peccato
691 292 779 347 slieno
797 309 846 363 per
864 291 1007 346 caritatem
1025 289 1169 361 prohibita.
1333 293 1397 357 225

165 470 204 535 lt.
229 471 259 535 2.
306 468 371 535 Sed
401 469 554 551 quoniam
582 488 626 534 ex
649 467 832 534 actionibus
854 467 935 545 illis,
960 467 1001 534 de
1024 466 1141 550 quibus
1163 465 1196 532 in
1220 487 1315 545 casn,
1338 487 1399 550 pro

75 558 215 624 diversis
239 558 494 624 circumstantiis
516 563 551 624 et
573 556 654 624 locis
680 557 754 641 plus
776 557 926 622 minusve
950 576 1050 623 causa
1073 555 1219 622 haeresis
1242 558 1399 639 angetur:

74 649 204 715 seclusa
215 666 322 732 prava
336 650 455 726 mente,
472 667 515 712 ex
530 649 668 712 locorum
683 649 931 712 circumstantiis
945 645 1120 730 praecipue
1135 645 1265 730 pendet,
1291 649 1399 712 utrum

74 739 173 803 favor
184 736 369 803 mortaliter
384 737 491 802 malus
502 736 689 802 haereticae
702 755 821 802 causae
832 734 996 820 praestari
1008 734 1165 800 dicendus
1176 735 1220 801 eit
1232 754 1343 800 necne.
1357 769 1400 780 -

74 827 227 893 Ceterum
250 825 460 892 collectorem
483 845 583 909 agere
606 825 704 908 longe
725 824 856 891 facilius
879 825 912 890 in
937 827 968 889 2⁰
992 829 1026 891 ct
1049 826 1082 889 3ο
1105 843 1184 890 casu
1210 823 1325 889 favere
1349 825 1402 888 est

77 936 199 982 causae
221 913 425 992 haereticae,
458 935 556 997 quarn
580 913 727 997 singulas
755 914 866 980 facere
896 912 1172 989 contributiones3
1203 911 1266 977 nisi
1288 917 1400 980 tamen

75 1006 109 1070 in
140 1004 203 1071 hac
233 1004 473 1071 contributione
504 1003 649 1070 condicio
682 1003 920 1070 contribuentis
952 1003 1007 1068 vel
1036 1022 1164 1068 summa
1194 1001 1316 1067 collata
1347 1001 1402 1066 vel

75 1094 193 1159 modus
216 1092 405 1159 conferendi
435 1092 593 1158 eiusmodi
615 1091 732 1170 fuerit,
764 1112 847 1174 quae
878 1092 1061 1176 complures
1088 1091 1170 1157 alios
1193 1090 1236 1157 sd
1259 1089 1402 1156 dandum

77 1183 205 1249 alliciat
228 1187 328 1264 atque
352 1186 552 1266 permoveat.

78 1410 155 1476 VIR
175 1407 444 1476 GATHOLICUS
468 1407 765 1476 CONSCRIBENS
788 1406 873 1474 PRO
893 1407 1087 1473 LIBELLIS
1106 1405 1403 1474 AGATHOLIGIS.

637 1573 748 1640 Casus.
776 1581 852 1650 (124)

169 1715 325 1786 Robertns,
347 1714 434 1773 homo
455 1712 601 1785 literatus,
623 1713 784 1772 conscribit
803 1713 896 1772 multa
917 1730 971 1789 pro
991 1711 1072 1772 foliis
1087 1712 1200 1772 diurnis
1214 1712 1262 1772 vel
1282 1711 1406 1790 periodi·

79 1795 140 1866 cis,
170 1795 260 1854 etiam
289 1794 342 1866 iis,
371 1813 445 1870 quae
471 1793 643 1868 religionem
671 1793 850 1853 catholicam
879 1793 1082 1864 insectantur;
1114 1794 1179 1869 ipse
1206 1797 1307 1852 tamen
1333 1792 1407 1853 nihil

79 1873 213 1950 grauiter
240 1881 344 1934 contra
366 1875 453 1932 fidem
480 1873 529 1932 uel
556 1875 649 1932 bonos
675 1892 772 1932 mores
800 1873 919 1944 scribit,
947 1873 999 1932 sed
1027 1872 1217 1949 scriptionem
1243 1874 1321 1932 hanc
1347 1892 1407 1933 non

79 1955 145 2013 vult
162 1955 307 2026 deserere,
329 1955 399 2031 quia
419 1953 540 2012 meliora
559 1972 645 2029 quam
666 1953 736 2013 alibi
757 1954 873 2030 accepit
892 1953 1061 2024 honoraria,
1083 1953 1201 2013 facilius
1222 1953 1280 2013 sibi
1300 1972 1407 2013 nomen

80 2035 209 2111 acquirit
236 2040 266 2095 et
293 2054 375 2111 spem
402 2032 523 2093 maioris
547 2053 720 2105 successus;
748 2032 983 2109 necquidquam
1010 2033 1142 2107 iuvaret,
1171 2033 1197 2093 si
1224 2033 1288 2110 ipse
1315 2033 1408 2094 nollet

79 2115 208 2192 amplius
229 2116 425 2186 conscribere,
447 2114 548 2190 peiora
570 2113 648 2173 enim
669 2113 781 2191 scripta
801 2113 1060 2175 substituerentur.

80 2220 260 2291 Quanmrtm
282 2221 311 2278 1ο
335 2220 462 2279 liceatne
490 2219 645 2279 scribendo
673 2219 783 2296 aliquid
810 2219 944 2279 conferre
966 2224 1054 2296 atque
1081 2220 1125 2278 ita
1152 2219 1255 2278 iuvare
1276 2219 1348 2279 folia
1369 2238 1407 2278 ex

337 2319 445 2375 magna
465 2306 550 2377 parte
571 2319 672 2376 prava.
1433 2301 1434 2304 ’

283 2389 313 2448 2⁰
338 2388 463 2465 quidde
485 2389 613 2448 Robertc
635 2388 788 2449 dicendum
809 2388 856 2449 eit.

681 2571 815 2639 Solutic.

173 2717 227 2780 An
256 2733 448 2789 cuausmuu
481 2716 518 2778 lm
548 2713 586 2779 R.
616 2717 645 2782 1.
696 2714 782 2781 Sene
811 2714 962 2781 illicitum
992 2718 1044 2780 est
1073 2713 1161 2779 mala
1192 2713 1471 2785 conscriberem

82 2804 148 2870 Sed
171 2803 273 2870 etiam
296 2802 524 2880 indifferentia,
549 2802 647 2868 immo
674 2824 717 2868 ex
740 2824 775 2869 se
798 2804 884 2869 bona
907 2802 1111 2869 conscribere
1134 2824 1193 2887 pro
1216 2802 1304 2868 foliis
1328 2803 1408 2869 alio·

83 2895 162 2975 quin
185 2891 309 2976 pravis,
334 2912 376 2957 ex
399 2892 460 2957 hac
483 2891 610 2957 ratione
633 2892 784 2959 illicitum
811 2892 951 2958 evadere
973 2896 1093 2975 potest,
1119 2892 1204 2975 quod
1227 2892 1289 2958 hoc
1311 2892 1407 2958 modo

82 2981 244 3049 eiusmodi
259 2981 372 3046 folium
388 2979 494 3063 magis
510 2981 674 3060 succedat,
696 2981 852 3047 maiorem
868 3001 1038 3046 numerum
1053 2982 1232 3064 legentium
1248 2982 1407 3063 acquirat,

81 3091 189 3156 prava
213 3070 247 3136 in
270 3091 308 3135 eo
333 3074 490 3135 contenta
512 3070 657 3136 securius
680 3090 720 3135 ac
742 3070 865 3136 maiore
889 3091 959 3135 cnm
981 3070 1099 3135 damno
1114 3070 1277 3153 legantur.
1317 3070 1408 3147 Quod

82 3158 245 3244 imprimis
256 3159 382 3225 obtinet
394 3159 491 3241 longe
503 3158 642 3236 facilius,
662 3159 694 3242 1)
711 3159 738 3224 si
751 3159 822 3241 quis
835 3159 1038 3224 conscribere
1054 3162 1151 3224 soleat
1166 3163 1265 3241 atque
1278 3180 1319 3224 ex
1332 3180 1409 3224 con·

83 3249 173 3316 dicto
197 3248 329 3326 scribat,
355 3268 452 3329 quarn
475 3248 503 3312 si
527 3269 592 3313 una
615 3249 764 3315 alterave
780 3248 852 3313 vice
867 3250 1013 3325 tantum3
1038 3248 1072 3329 2)
1095 3248 1124 3312 si
1140 3247 1211 3329 quis
1227 3247 1278 3312 vir
1299 3248 1409 3331 magni

85 3337 228 3405 nominis
252 3341 286 3403 et
309 3337 517 3403 auctoritatis
540 3337 650 3420 pelam
674 3336 796 3418 scribit,
820 3358 919 3419 quam
942 3337 970 3402 si
993 3337 1036 3403 sit
1059 3336 1154 3402 homo
1179 3337 1335 3402 obscurus
1354 3337 1410 3420 qui

83 3427 209 3495 scribat
232 3427 286 3491 vel
309 3425 336 3490 si
360 3430 448 3492 tecto
472 3427 601 3491 nomine
624 3426 757 3493 scribat.
773 3464 817 3474 -
833 3426 936 3504 Adde,
960 3447 1019 3510 pro
1035 3425 1222 3492 condicione
1238 3425 1410 3493 scribentis

83 3517 187 3585 etiam
210 3515 400 3582 scandalum
425 3536 468 3580 ex
489 3516 562 3598 ipsa
585 3514 655 3581 eius
677 3516 725 3581 rei
748 3514 866 3582 notitia
888 3514 1018 3598 publica
1042 3515 1157 3581 edesse
1179 3519 1300 3599 potest.

175 3622 215 3688 R.
233 3625 263 3688 2.
303 3621 412 3686 Facile
436 3620 536 3704 igitur
558 3621 670 3687 licebit
693 3642 757 3686 una
781 3622 929 3687 alterave
944 3620 1016 3687 vice
1032 3620 1154 3704 aliquid
1169 3620 1332 3697 inserere;
1355 3622 1410 3687 vel

83 3733 145 3797 pro
168 3710 336 3794 gravitate
360 3732 479 3776 causae
502 3732 584 3794 opus
607 3712 726 3775 bonurn
750 3731 822 3776 esse
845 3713 965 3794 potest,
989 3710 1074 3776 bona
1097 3711 1257 3793 quaedam
1281 3715 1315 3777 et
1331 3731 1410 3776 vera

84 3822 200 3868 eorum
222 3800 401 3883 legentium
431 3800 532 3865 oculis
562 3800 727 3877 subicere,
757 3799 811 3882 qui
841 3799 924 3865 elias
947 3799 1032 3865 falsa
1056 3803 1090 3867 et
1113 3821 1217 3884 prava
1239 3822 1299 3885 pro
1323 3800 1410 3866 veris

84 3889 255 3974 legissent,
279 3889 421 3954 maxime
444 3890 472 3954 si
496 3889 568 3973 quis
591 3889 715 3955 scribat
737 3892 826 3955 tecto
850 3888 991 3955 nomine.

175 4004 230 4070 An
252 4024 445 4079 Quausrrnu
469 4007 508 4068 2ιιι
523 4004 563 4071 R.
582 4008 610 4071 1.
650 4004 824 4082 liebertus,
849 4003 903 4087 qui
927 4007 1027 4086 neget
1049 4006 1179 4069 tantum
1203 4023 1239 4068 ee
1262 4003 1469 4085 gravitertll

85 4097 203 4160 contra
232 4093 330 4158 fidem
359 4093 413 4158 vel
436 4093 538 4159 bonos
561 4114 669 4158 mores
692 4093 878 4177 scripsisse,
910 4092 1041 4158 videtur
1063 4093 1175 4174 ntique
1199 4094 1279 4157 fines
1302 4090 1410 4157 licitos

85 4204 152 4249 non
181 4202 343 4249 servasse.
396 4183 576 4248 Monendus
605 4182 707 4265 igitur
736 4183 854 4249 saltem
879 4185 946 4258 est,
978 4185 1015 4247 ut
1041 4181 1123 4245 nibil
1146 4185 1271 4246 omezios
1295 4184 1410 4244 contra

87 4271 184 4338 fidem
209 4271 263 4337 vel
286 4271 388 4336 bonos
411 4292 518 4337 mores
542 4271 648 4338 dicat:
673 4272 862 4355 ceteroquin
885 4271 913 4336 si
933 4271 1009 4352 quid
1026 4274 1141 4336 contra
1156 4270 1252 4335 fidem
1269 4268 1408 4351 scripsit,

86 4361 144 4427 vix
167 4360 316 4443 intellegi
339 4364 459 4444 potest,
484 4361 644 4443 quomodo
667 4360 701 4425 id
719 4362 823 4445 possit
846 4381 919 4426 esse
943 4381 1006 4425 non
1030 4380 1144 4442 grave.

176 4467 217 4536 R.
243 4470 272 4533 2.
308 4466 553 4532 Examinsndus
577 4467 706 4532 omnino
731 4471 791 4544 est,
816 4488 893 4531 num
918 4488 977 4531 sua
1000 4466 1199 4531 auctoritate
1221 4461 1411 4529 notabiliter

87 4561 212 4640 augeat
240 4556 310 4621 folii
339 4556 434 4622 istius
464 4557 726 4623 aestimationem
753 4561 852 4638 etque
882 4555 1061 4636 legentium
1092 4574 1271 4619 numerum.
1302 4587 1345 4596 -
1378 4551 1411 4615 Si

86 4645 144 4726 ita,
169 4646 199 4712 ci
222 4645 480 4713 interdicendum
505 4650 565 4723 est,
591 4666 631 4710 ne
655 4666 751 4729 porro
775 4643 968 4710 conscribat.

140 4756 568 4805 Lehmknhl,Gnsusconscientiae.
596 4757 613 4799 1.
1166 4746 1198 4799 15
