3106 5168
275 266 399 321 Virtutes
418 283 480 320 cum
500 265 589 318 debito
607 263 703 318 morali
721 265 842 316 tautum:
867 265 1004 318 l'erociloa
1022 266 1135 334 eiusque
1153 264 1246 319 laesio.
1359 269 1421 334 231

187 443 226 508 R.
250 446 283 510 3.
328 440 534 506 Mendacium
557 459 622 521 qua
645 439 713 504 tale
743 459 801 503 seu
831 437 902 504 sola
931 440 1090 506 mendacii
1122 441 1251 507 malitia
1279 463 1343 507 non
1374 445 1484 512 est451

97 532 237 599 mortale
261 531 319 597 sed
342 529 471 596 veniale
493 533 664 613 peccatum
689 528 745 608 (cf.
774 529 829 594 lb.
854 550 895 594 aa
920 528 941 594 l.
966 528 1024 611 o.):
1056 530 1183 596 malitia
1205 531 1371 608 mortalis,
1395 531 1423 596 si

96 622 209 695 adest,
243 619 448 686 extrinsecus
478 617 634 687 infertur:
668 638 772 700 eaque
802 618 918 682 adesse
950 623 1059 701 potest
1090 619 1124 683 in
1156 620 1225 685 solo
1255 620 1425 686 mendacio

97 713 269 780 damnosoz
293 708 321 773 si
342 709 429 774 enim
444 728 546 790 grave
562 707 714 772 damnum
731 710 896 784 causatur,
920 711 1076 789 peccatur
1091 709 1287 785 mortalitem
1311 709 1425 775 venia·

97 802 184 877 liter,
208 799 237 864 si
260 798 343 864 leve.

187 897 227 963 R.
246 900 278 962 4.
317 893 535 961 Nihilominus
558 893 758 958 consuetudo
782 891 960 958 mentiendi
982 893 1160 977 periculum
1184 895 1333 977 graviter
1348 915 1424 979 pec·

96 987 193 1052 candi
215 984 314 1051 facile
336 983 476 1057 inducit3
508 982 667 1064 siquidem
691 981 868 1065 periculum
892 986 1024 1060 estne,
1049 982 1104 1064 qui
1126 983 1212 1049 solet
1234 984 1379 1062 mentiri,
1405 1005 1426 1050 a

97 1074 267 1141 mendacio
289 1094 356 1139 nou
380 1072 554 1147 abstineat,
578 1071 640 1137 etsi
664 1072 818 1137 advertat
841 1090 945 1153 grave
961 1069 1113 1136 damnum
1130 1076 1317 1138 secuturum
1341 1093 1424 1150 esse,

97 1166 150 1230 vel
182 1185 223 1229 ne
252 1163 339 1228 forte
367 1162 466 1228 etiam
490 1181 563 1225 cum
586 1159 755 1226 mendacio
778 1161 864 1225 iuret
891 1160 944 1225 vel
975 1160 1017 1225 ad
1047 1161 1113 1226 alia
1141 1165 1278 1245 peccata
1308 1161 1425 1245 gravia

97 1255 186 1319 viam
217 1253 279 1318 sibi
305 1253 438 1336 planam
460 1249 573 1314 faciat.
620 1249 690 1326 Quo
720 1269 817 1314 sensu
849 1249 880 1315 S.
906 1249 1075 1333 Scriptura
1098 1249 1192 1317 dicit:
1228 1250 1307 1328 ,0s,
1339 1250 1424 1333 quod

96 1342 265 1418 mentitur,
285 1341 402 1407 occidit
418 1339 593 1413 auimam“,
617 1360 681 1403 uon
703 1337 789 1419 quod
810 1338 995 1403 formaliter
1009 1339 1109 1404 animi
1125 1344 1264 1406 mortem
1279 1340 1423 1418 inducat,

98 1432 156 1497 sed
181 1431 258 1514 quia
280 1431 322 1496 ad
346 1450 419 1494 eam
443 1427 595 1511 disponit.

188 1545 241 1610 An
262 1563 453 1621 ouaasmuu
476 1545 514 1606 2³¹
539 1542 576 1608 R.
598 1545 625 1607 l.
664 1543 847 1624 Despectus
862 1541 966 1607 serius
984 1548 1019 1608 et
1036 1543 1149 1625 gravis
1165 1564 1246 1627 erga
1261 1548 1487 1628 parentes,452

97 1635 162 1700 etsi
185 1635 274 1700 intus
297 1639 427 1701 tantum
451 1631 641 1715 concipitur,
666 1651 768 1713 grave
791 1635 961 1715 peccatum
986 1636 1047 1698 est.

188 1732 227 1798 R.
253 1734 282 1797 2.
329 1731 430 1813 Signa
453 1729 510 1794 illa
533 1733 681 1805 externa,
706 1749 790 1810 quae
814 1729 971 1794 eiusmodi
995 1731 1184 1812 despectum
1208 1750 1344 1812 gravem
1369 1729 1425 1795 de-

98 1825 226 1897 notant,
250 1842 322 1886 cum
344 1819 552 1885 advertentis
565 1839 675 1883 coram
691 1817 882 1900 parentibus
898 1818 994 1883 edere
1014 1821 1114 1884 etiam
1133 1841 1236 1902 grave
1255 1824 1424 1903 peccatum

98 1916 160 1985 est,
185 1909 248 1977 etsi
270 1909 358 1976 forte
380 1909 469 1973 intus
485 1907 699 1991 despicientia
714 1907 827 1988 gravis
846 1907 949 1982 absit;
974 1928 1017 1972 ex
1031 1912 1152 1974 natura
1168 1908 1252 1973 enim
1269 1929 1329 1973 sua
1344 1908 1425 1973 haeo

98 2002 326 2083 supponuntur
349 2019 391 2063 ex
414 1996 572 2062 eiusmodi
594 1995 688 2078 gravi
713 1995 925 2079 despicientia
949 1996 1025 2061 oriri
1049 2002 1149 2079 atque
1172 2003 1326 2081 parentes
1349 2018 1426 2080 gra·

99 2089 187 2154 viter
217 2088 383 2153 offendant
412 2107 546 2151 necesse
576 2089 636 2151 est.
690 2085 797 2166 Magis
827 2085 926 2151 etiam
955 2090 1093 2170 peccata
1122 2087 1239 2168 gravia
1269 2090 1362 2164 sunt,
1398 2086 1426 2151 si

98 2198 216 2243 revera
240 2178 386 2242 internus
409 2175 584 2258 despectus
607 2195 646 2239 ea
670 2174 855 2239 comitatur.

189 2275 228 2340 R.
254 2277 284 2343 3.
330 2275 402 2338 Hoc
424 2273 525 2355 igitur
548 2271 705 2354 imprimis
728 2271 819 2337 valet
849 2270 889 2336 de
916 2270 992 2336 filiis
1015 2271 1135 2338 adultis
1158 2272 1211 2337 vel
1236 2271 1427 2337 adulescen-

100 2364 196 2430 tibus.
243 2363 329 2429 Nam
353 2363 381 2427 si
405 2361 444 2427 de
467 2360 576 2445 pueris
599 2381 706 2426 sermo
730 2365 791 2436 est,
819 2381 930 2425 eorum
954 2359 1196 2428 inadvertentia
1219 2367 1253 2428 et
1280 2362 1426 2428 malitiae

100 2453 249 2518 defectus
272 2452 357 2517 ratio
387 2455 454 2525 est,
486 2472 544 2516 our
573 2453 607 2515 et
636 2449 722 2514 absit
752 2448 881 2514 interna
905 2449 1117 2533 despicientia
1145 2450 1273 2533 gravis,
1306 2455 1340 2517 et
1369 2471 1427 2516 cur

99 2543 204 2624 signa,
230 2561 312 2623 quae
336 2540 418 2605 alias
441 2559 500 2624 pro
523 2537 619 2622 gravi
641 2538 797 2622 despectu
818 2538 1026 2617 haberentur,
1050 2539 1265 2606 aestimentur
1280 2539 1424 2606 minoris.

100 2631 202 2696 Immo
226 2633 253 2695 si
284 2651 336 2695 res
367 2634 418 2694 est
440 2631 527 2695 inter
550 2627 697 2693 homines
720 2629 817 2692 rudes
848 2631 882 2693 et
912 2627 1070 2705 incultos,
1100 2650 1165 2693 non
1195 2629 1268 2694 ilico
1299 2650 1339 2694 ea
1365 2650 1425 2712 pro

100 2720 256 2802 gravibus
279 2719 429 2784 habenda
452 2722 545 2795 sunt,
576 2738 659 2799 quae
683 2716 801 2798 gravia
831 2722 908 2783 sunt
931 2718 1017 2783 inter
1040 2718 1186 2784 homines
1208 2719 1368 2800 ingenuos
1391 2722 1426 2784 et

101 2809 259 2875 excultos.
306 2808 353 2873 cf.
385 2808 417 2873 S.
441 2805 556 2890 Alph.
582 2805 639 2884 ΙΙΙ,
665 2807 746 2882 334,
778 2807 832 2887 qui
856 2806 918 2871 ait:
955 2807 1005 2882 ,iu
1029 2807 1080 2872 his
1103 2812 1137 2874 et
1160 2807 1318 2872 similibus
1341 2805 1423 2887 (scil.

101 2899 133 2961 in
157 2895 311 2963 conviciis
334 2917 413 2979 erga
441 2894 609 2979 parentes)
640 2915 739 2978 saepe
763 2901 963 2961 excusantur
992 2895 1049 2960 filii
1080 2917 1100 2960 a
1128 2897 1261 2962 mortali
1290 2900 1425 2980 propter

101 2987 402 3052 indeliberationem
426 2990 529 3060 actus,
554 2992 591 3050 ut
615 2988 731 3051 notant
754 2983 966 3050 Bonacina
990 2988 1024 3050 et
1047 2985 1196 3050 Elbel.“

188 3101 242 3166 Au
265 3121 456 3176 ouausrruu
484 3103 522 3165 3¹¹¹
553 3100 591 3166 R.
619 3103 646 3165 1.
703 3099 790 3164 Male
823 3099 952 3164 omnino
985 3099 1054 3181 egit
1087 3099 1305 3177 Gaudentius,
1339 3098 1486 3168 falsoltt

100 3190 269 3273 applicans
293 3191 394 3255 verba
422 3190 453 3254 S.
479 3188 667 3272 Scripturae
691 3189 734 3254 ad
757 3189 922 3270 quaelibet
945 3189 1115 3253 mendacia
1137 3189 1191 3253 vel
1214 3189 1246 3253 in
1270 3194 1424 3272 parentes

100 3279 256 3346 comicia.
296 3279 418 3344 Debuit
441 3277 619 3343 certissime
641 3278 893 3360 explicationem
917 3278 1005 3352 dare,
1030 3278 1057 3341 si
1080 3278 1142 3342 hac
1165 3277 1291 3344 ratione
1314 3278 1425 3362 pueris

100 3369 241 3433 voluerit
263 3373 386 3433 metum
410 3368 565 3433 incutere.
602 3367 713 3432 Potuit
734 3367 879 3449 pericula
902 3367 1046 3431 indicare
1069 3371 1169 3449 atque
1192 3371 1342 3432 sanctum
1363 3367 1424 3432 Dei

99 3458 250 3523 timorem
274 3456 436 3531 excitare,
468 3457 523 3537 qui
553 3456 685 3521 horrere
709 3456 826 3521 doceat
856 3455 956 3522 etiam
986 3455 1152 3520 levissima
1182 3461 1334 3540 peccata;
1365 3455 1424 3521 sed

99 3546 276 3630 pessimum
300 3551 351 3612 est
378 3546 480 3611 falsas
512 3545 727 3611 conscientias
759 3545 869 3610 facere
897 3546 930 3610 in
960 3545 1085 3610 ruinam
1110 3544 1291 3610 animarum
1322 3549 1356 3611 et
1385 3565 1425 3611 ea

99 3656 159 3718 pro
183 3635 315 3701 mortali
345 3639 479 3718 peccato
510 3655 707 3719 proponere,
736 3655 820 3716 quae
843 3634 971 3700 veniale
1001 3655 1066 3699 non
1090 3634 1261 3700 excedunt.
1309 3634 1425 3716 Neque

99 3725 183 3789 iuvit
206 3723 345 3790 intentio
368 3724 422 3789 vel
452 3724 525 3807 ipsa
554 3745 629 3806 spes
652 3724 857 3805 frequentiae
879 3728 1107 3808 peccatorum,
1137 3723 1215 3789 licet
1237 3723 1423 3794 venialium.

100 3813 301 3879 minuendae.
349 3814 409 3890 Qui
433 3812 480 3879 ita
502 3813 644 3895 cogitat,
668 3813 772 3879 nescit
795 3813 872 3895 quid
895 3813 1013 3888 faciat,
1037 3834 1102 3878 non
1126 3812 1305 3878 aestimans
1329 3814 1425 3895 longe

100 3907 286 3986 praestare,
320 3905 476 3968 sexcenta
507 3902 649 3968 venialia
681 3906 818 3986 peccata
849 3902 935 3978 fieri,
969 3923 1065 3983 quam
1096 3901 1226 3967 unicum
1252 3907 1424 3986 peccatum

99 3992 249 4058 mortale.

188 4089 226 4154 R.
252 4093 282 4155 2.
328 4087 489 4154 Arcadius
512 4088 616 4153 zelum
640 4087 769 4171 quidem
792 4087 922 4166 babuit,
947 4087 1005 4153 sed
1028 4107 1094 4152 non
1117 4087 1296 4152 secundum
1318 4088 1486 4162 scien-454

98 4176 189 4245 tiam.
225 4176 356 4262 Optime
373 4177 504 4259 egisset,
530 4177 613 4243 siin
638 4177 866 4243 confessionali
889 4177 977 4261 ipsos
995 4176 1070 4242 illos
1089 4197 1216 4260 pueros
1242 4198 1322 4258 quos
1338 4178 1425 4242 falsa

100 4266 299 4333 conscientia
322 4267 472 4332 laborare
496 4267 704 4348 cognoverit,
736 4266 957 4334 dedocuisset:
988 4265 1086 4330 immo
1115 4265 1222 4349 potuit
1245 4264 1344 4329 etiam
1368 4264 1424 4330 uni

100 4356 239 4422 alterive
271 4377 371 4440 puero
404 4355 633 4439 perspicaciori
669 4356 792 4431 dicere,
829 4355 857 4419 si
888 4360 983 4439 putet
1015 4355 1097 4420 alios
1128 4374 1249 4438 pueros
1283 4374 1355 4418 esse
1390 4353 1423 4417 in

99 4446 214 4510 eadem
244 4444 470 4529 persuasione,
502 4445 621 4509 bonum
651 4465 723 4509 esse
753 4466 810 4509 eos
839 4444 954 4509 melius
983 4442 1146 4509 instruere
1176 4447 1210 4508 et
1240 4462 1323 4524 quae
1353 4441 1424 4525 ipse

99 4534 240 4600 audierit
263 4534 295 4598 in
320 4533 522 4600 confessione
547 4555 619 4598 cum
643 4533 716 4599 aliis
740 4534 987 4599 communicare.
1012 4569 1056 4577 —-
1081 4531 1213 4596 Publice
1240 4536 1351 4596 autem
1381 4531 1422 4596 ad

99 4624 160 4688 boo
176 4645 294 4707 pueros
312 4644 503 4698 convocare,
528 4627 564 4687 ut
583 4643 639 4687 eos
655 4623 842 4697 instrueret,
868 4628 940 4687 erat
955 4620 1177 4687 manifestatio
1194 4640 1315 4696 eorum,
1340 4641 1424 4703 quae
