3106 5168
64 299 138 354 Iuris
146 298 213 354 laesi
223 299 448 368 reparatio-ex
458 299 564 353 actione
573 298 764 353 damnificante
774 314 835 352 cum
845 300 925 366 culpa
934 299 1077 367 1166166166
1087 301 1270 353 6611611166.
1318 303 1384 368 339

148 475 187 542 R.
213 477 244 541 3.
283 473 317 540 Si
340 474 520 540 subiective
536 473 665 556 quidem
683 479 869 551 excusatur,
894 479 1067 540 externum
1084 477 1194 541 autern
1211 475 1383 541 discrimen

56 564 146 631 inter
162 564 242 629 duos
258 562 341 629 istos
364 584 462 628 66666
486 563 583 628 166116
607 567 680 629 eret
703 563 828 645 agnitu,
856 566 955 646 61666
978 563 1077 628 iudex
1101 564 1277 629 secundum
1295 564 1385 648 leges

57 652 203 736 regionis
234 651 393 717 Licinium
429 652 471 717 ad
503 651 735 736 praestandam
770 652 1019 718 indemnitatem
1055 652 1269 735 obligaverit:
1304 652 1385 718 haec

57 741 218 824 obligatio
242 741 343 807 etiam
366 740 398 806 in
424 741 624 807 conscientia
647 741 802 807 sustineri
826 740 933 808 debet.

381 952 697 1019 DAMNIFICATIO
726 952 811 1018 PER
839 951 1062 1018 ACCIDENS.

616 1091 726 1158 06666.
755 1099 831 1167 (205)

148 1225 265 1301 Lupus,
292 1224 402 1299 insigni
430 1229 600 1300 perpetrato
627 1224 707 1282 furto
729 1243 799 1298 erga
823 1224 1011 1300 peregrinos,
1040 1242 1113 1299 6666
1140 1223 1251 1300 reperit
1279 1243 1382 1284 somno

57 1306 173 1364 deditos
194 1305 225 1362 in
247 1304 380 1363 solitario
401 1305 466 1363 loco
487 1304 691 1379 quiescentes,
719 1323 788 1362 mox
815 1310 883 1380 post
905 1323 937 1362 se
959 1302 1041 1364 audit
1061 1304 1205 1363 clamores
1227 1309 1255 1362 et
1277 1303 1383 1368 minas.

57 1386 117 1444 Pro
139 1386 203 1443 vita
230 1404 285 1442 sua
314 1385 436 1454 timens,
464 1384 533 1443 ilico
560 1384 694 1443 ascendit
717 1403 838 1459 equum,
867 1403 952 1460 quem
973 1402 1063 1459 eques
1091 1402 1144 1460 pro
1170 1388 1318 1444 momento
1339 1403 1382 1442 re·

56 1466 194 1542 liquerat,
217 1468 247 1524 et
261 1483 348 1522 cursu
364 1464 516 1523 celerrimo
530 1465 630 1539 fugam
646 1464 758 1540 arripit,
781 1464 848 1522 dum
864 1483 955 1540 66666
969 1462 1085 1540 quidem
1099 1463 1212 1522 viribus
1227 1463 1382 1524 exhaustis

58 1546 207 1615 concidat,
228 1545 292 1622 ipse
313 1548 411 1602 autem
432 1544 462 1602 in
483 1551 548 1603 tuto
570 1544 610 1603 sit
630 1544 754 1621 positus.
796 1543 870 1602 Post
892 1563 984 1602 annos
1006 1544 1176 1603 confitetur:
1199 1543 1249 1602 ubi

58 1651 237 1722 Quiumrun
263 1670 332 1709 num
353 1650 455 1727 Lupus
477 1651 582 1709 debeat
602 1650 733 1709 valorem
754 1649 821 1726 equi
843 1648 959 1709 domino
981 1668 1066 1725 quern
1092 1651 1166 1708 bene
1192 1648 1381 1709 6661166611-

264 1737 356 1790 tuere.

647 1808 782 1875 Salutio.

148 1933 201 1999 An
224 1953 416 2010 ouaasmuu
439 1934 477 2000 R.
505 1938 533 2002 1.
580 1933 613 2000 si
629 1933 740 2016 Lupus
763 1954 822 2017 pro
847 1932 918 1999 vita
939 1954 999 1998 666
1016 1931 1131 1998 timere
1147 1933 1268 2010 debuit,
1294 1937 1445 2001 66616669

57 2024 129 2089 iure
152 2045 210 2089 suo
234 2045 313 2088 usus
336 2027 387 2088 661
410 2022 589 2088 ascendens
613 2043 741 2103 equum,
766 2043 830 2104 quo
857 2021 970 2103 fugam
994 2021 1171 2105 arriperet,
1196 2044 1301 2104 nequo
1324 2044 1383 2107 per

57 2132 94 2177 se
119 2113 159 2177 de
183 2113 301 2178 damno
334 2133 416 2194 equo
449 2112 542 2177 illato
566 2116 749 2189 teneretur,
784 2110 812 2176 si
844 2132 902 2194 per
932 2110 1083 2176 accidens
1113 2132 1216 2194 equus
1248 2111 1389 2195 periret

58 2201 123 2267 Sed
147 2201 174 2267 si
198 2201 268 2285 ipse
292 2201 444 2278 habebat,
469 2201 554 2265 unde
578 2201 745 2265 commode
768 2200 907 2277 viveret,
932 2220 1004 2264 cum
1027 2199 1131 2265 solum
1156 2200 1382 2266 commodandi

57 2290 134 2372 6661
155 2290 205 2356 ius
221 2289 382 2366 habuerit,
407 2294 441 2355 61
464 2312 523 2373 pro
540 2289 745 2355 commodato
770 2309 853 2370 6666
876 2309 955 2353 6666
977 2287 1032 2353 1116
1048 2309 1144 2371 quem
1160 2289 1249 2368 fecit,
1272 2289 1382 2373 potius

57 2381 180 2445 abusus
203 2400 301 2461 quam
325 2400 402 2443 usus
425 2379 534 2454 fuerit,
559 2378 705 2444 valorem
730 2379 804 2460 equi
828 2377 957 2443 domino
982 2377 1080 2443 debet
1103 2377 1249 2447 reddere.
1288 2378 1383 2444 Alias

56 2469 161 2551 igitur
172 2468 303 2547 sufficit,
321 2470 358 2532 ut
374 2467 528 2533 restituat
540 2466 630 2533 furta
645 2468 758 2532 ablata
773 2471 807 2530 et
823 2470 955 2550 reparet
966 2467 1086 2533 damna
1098 2489 1141 2533 ox
1153 2467 1241 2534 furto
1254 2472 1381 2534 exorte.

148 2575 187 2642 R.
205 2577 236 2642 2.
266 2574 388 2640 Verum
412 2573 486 2654 lege
502 2573 654 2656 positiva,
679 2573 796 2639 saltem
820 2573 854 2638 in
871 2573 940 2638 cod.
959 2573 1065 2640 Germ.
1083 2573 1101 2656 ξ
1119 2575 1193 2651 228,
1218 2573 1384 2658 obligatur

57 2664 100 2730 ad
124 2663 364 2747 reparationem
389 2662 508 2739 damni,
533 2663 618 2745 quod
642 2661 769 2727 alienae
791 2661 838 2728 rei
863 2662 894 2726 in
911 2662 1044 2745 propria
1060 2662 1248 2728 defensione
1272 2664 1324 2729 vel
1348 2664 1381 2728 in

56 2752 279 2837 propulsando
302 2752 446 2836 periculo
470 2752 579 2828 infert,
603 2751 630 2816 si
654 2752 725 2835 ipse
748 2751 781 2815 in
805 2771 905 2816 causa
928 2755 989 2829 est,
1015 2772 1073 2817 cur
1095 2751 1129 2816 in
1151 2752 1296 2836 periculo
1311 2751 1382 2836 ipse

56 2841 113 2908 vel
128 2863 189 2907 sua
204 2862 257 2906 res
273 2846 433 2907 versetur.
473 2840 562 2916 Quod
586 2861 666 2905 6666
681 2839 912 2922 aequissimum
929 2842 989 2907 661.
1028 2840 1136 2917 Quare
1150 2842 1184 2905 in
1200 2842 1287 2907 omni
1303 2863 1380 2907 casu

55 2931 207 2996 dominus
231 2930 302 3012 6661
327 2929 387 3008 ibi,
418 2929 472 2994 ubi
496 2929 651 2994 eiusmodi
677 2928 767 3011 leges
790 2929 969 3006 exsistunt,
1001 2930 1101 2995 etiam
1124 2929 1157 2994 in
1181 2929 1382 2996 conscientia

55 3021 108 3085 ius
127 3020 227 3085 habet
249 3018 436 3103 postulandi
452 3039 472 3082 6
488 3018 578 3101 Lupo
602 3018 866 3092 indemnitatem
890 3017 1011 3101 Lupus,
1035 3018 1151 3084 saltem
1168 3024 1244 3102 post
1266 3018 1380 3083 iudicis

54 3107 265 3184 sententiam,
289 3108 322 3172 in
346 3107 543 3173 conscientia
567 3106 608 3171 ad
632 3107 863 3191 praestandam
886 3105 1132 3173 indemnitatem
1156 3111 1296 3173 tenetur.

71 3320 218 3386 DAMNI
241 3320 382 3387 CAUSA
406 3321 492 3384 VEL
517 3319 694 3386 OCCASIO
715 3319 894 3385 CONTRA
917 3319 1143 3385 IUSTITIAM
1167 3321 1223 3385 ΕΤ
1247 3320 1364 3386 CARI·

528 3408 679 3473 TATEM
710 3408 907 3485 TANTUM.

612 3548 721 3614 casus.
749 3555 826 3622 (666)

147 3680 258 3738 Fabius
279 3679 308 3738 in
330 3697 402 3753 agro
424 3697 487 3748 suo,
511 3698 563 3754 per
584 3697 669 3754 quem
690 3678 861 3754 frequenter
881 3677 1009 3737 transire
1031 3679 1089 3738 scit
1108 3679 1266 3753 inimicum,
1288 3681 1379 3740 altam

54 3761 133 3819 ledit
153 3761 269 3819 foveam
291 3778 412 3835 eamque
433 3758 523 3817 ramis
545 3759 651 3817 leviter
672 3757 812 3833 contegit.
853 3758 1003 3834 Expressa
1024 3759 1140 3835 quidem
1160 3764 1260 3819 monet
1285 3760 1378 3820 inimi·

55 3860 123 3899 cum
144 3839 203 3917 ipsi
226 3840 272 3898 ius
293 3859 351 3898 non
376 3857 442 3897 esse
465 3838 638 3897 transeundi
660 3856 713 3914 per
737 3857 821 3896 suum
845 3856 964 3912 agrum,
982 3852 1087 3916 vneque
1109 3859 1141 3898 se
1163 3860 1270 3899 cavere
1291 3861 1379 3918 possa

55 3922 94 3979 de
115 3939 296 3996 quocumque
318 3918 472 3978 accidenti.
503 3919 613 3977 Verum
630 3918 687 3976 bac
707 3917 839 3992 generali
854 3917 983 3977 motione
1004 3920 1173 3979 nullatenus
1194 3921 1378 3997 perterritus,

55 4000 194 4059 inimicus
214 4000 312 4076 pergit
332 4018 456 4075 vespere
478 4004 648 4057 consuetam
670 3997 748 4079 viam
770 4017 901 4068 sumere;
933 4005 1021 4074 61666
1041 4000 1200 4059 infeliciter
1225 4001 1328 4059 incidit
1348 4002 1378 4060 in

55 4085 184 4153 foveam,
206 4080 249 4139 ita
270 4087 303 4138 61
324 4099 392 4138 crus
413 4089 443 4137 et
464 4079 631 4137 bracchium
653 4078 788 4153 frangat:
811 4078 846 4137 de
868 4098 923 4154 quo
945 4080 1021 4138 malo
1042 4079 1152 4138 inimici
1167 4081 1277 4139 Fabius
1292 4080 1379 4138 valde

55 4161 169 4237 gaudet
189 4160 316 4236 illudque
337 4159 526 4236 praeviderat
547 4164 635 4234 atque
656 4158 832 4218 intenderat.
874 4158 932 4217 Sed

56 4265 235 4337 Quanmrnn
255 4266 398 4325 debeatne
420 4264 531 4323 Fabius
551 4264 669 4323 inimico
692 4265 799 4324 damna
820 4263 972 4324 resarcire.

650 4429 786 4497 Salutio.
885 4440 886 4445 ’

145 4555 199 4620 An
222 4574 413 4630 ouansrruu
436 4553 475 4621 R.
502 4556 531 4619 1.
577 4553 674 4619 Actio
697 4554 790 4620 Fabii
823 4557 874 4620 est
905 4553 974 4619 sine
1006 4552 1103 4618 dubio
1133 4554 1279 4633 graviter
1309 4555 1441 4624 cul-670

56 4645 184 4731 pabilis‚
209 4648 260 4712 661
283 4642 392 4709 damni
416 4643 528 4724 gravis
551 4642 679 4720 efficax,
703 4643 884 4714 estetiam
907 4641 1015 4707 damni
1040 4662 1211 4718 66666666,
1235 4663 1298 4708 666
1322 4664 1377 4709 66-

1112 4743 1165 4798 22*
