3106 5168
387 275 458 329 luris
475 275 543 330 laesi
561 275 697 346 reparatio
715 303 749 314 -
769 294 802 329 ex
819 278 951 330 declinata
971 279 1075 332 inditio.
1321 283 1385 347 355

155 452 208 518 An
230 473 422 528 qusnsrruu
446 455 485 516 2¹²²
507 453 545 519 R.
569 455 596 519 1.
643 453 784 519 Manlius
799 453 930 520 videtur
953 454 1148 538 peculiarem
1172 476 1303 520 causam
1328 455 1384 521 ha·
1397 467 1449 522 ‘loa

64 539 184 619 buiase‚
209 562 266 607 cur
288 563 368 625 prae
391 542 464 607 aliis
488 543 697 609 eximeretur.
728 541 816 608 Nam
839 543 902 608 etsi
925 543 1041 608 horror
1064 542 1200 609 militiae
1224 566 1263 610 ea
1287 565 1387 610 causa

64 631 213 708 nonsit,
246 634 357 696 tamen
380 630 531 714 specialis
555 631 734 698 necessitas
758 632 895 698 alendae
924 631 1068 698 familiae
1091 636 1143 697 est
1167 653 1265 698 causa
1288 633 1385 701 iusta.

65 719 187 796 Quodsi
210 720 258 786 ita
281 723 342 797 est,
366 720 455 786 fictio
478 720 535 785 illa
558 720 660 785 morbi
684 720 888 786 mendacium
904 720 1033 802 quidem
1057 721 1219 803 quoddam
1243 725 1303 801 est,
1328 725 1386 789 sed

65 829 129 873 non
154 813 206 874 est
227 808 431 874 mendacium
455 830 514 891 per
536 830 572 874 se
595 808 756 888 nocivum,
780 815 880 892 atque
904 810 1021 876 effectu
1047 811 1201 876 obtentae
1224 809 1386 878 libertatis

64 918 145 962 sane
169 897 239 963 sine
262 919 347 962 novo
371 901 506 981 peccato
530 897 594 963 frui
617 902 737 982 potest.

154 1010 193 1075 R.
218 1013 248 1077 2.
296 1010 415 1087 Quodsi
439 1011 583 1076 medicus
606 1012 690 1076 hanc
714 1033 847 1077 causam
871 1012 977 1090 scivit,
1001 1012 1118 1096 potuit,
1142 1012 1169 1077 si
1191 1013 1386 1099 probabilem

65 1099 230 1165 defectum
254 1100 430 1183 repererit,
461 1100 531 1166 sine
554 1102 644 1166 laesa
668 1101 866 1167 conscientia
898 1122 971 1166 enm
1000 1101 1179 1185 „ineptum“
1209 1102 1386 1181 declarare,

64 1193 102 1254 ut
133 1188 229 1253 modo
262 1188 383 1255 dictum
416 1194 476 1256 est.
523 1190 615 1267 Quod
644 1211 703 1274 pro
734 1189 795 1255 hoc
828 1190 911 1255 bono
936 1190 1042 1256 officio
1072 1212 1188 1256 munus
1212 1191 1385 1275 acceperit,

64 1277 263 1343 laudandum
287 1298 366 1343 sane
390 1299 454 1343 non
478 1283 544 1356 est,
575 1280 674 1343 immo
697 1299 739 1344 ex
763 1300 799 1344 se
822 1284 872 1346 est
896 1283 1012 1345 contra
1035 1279 1210 1358 iustitiam,
1241 1280 1284 1358 si,
1313 1302 1386 1346 oum

63 1367 97 1431 in
121 1367 269 1432 favorem
285 1367 398 1432 Manlii
422 1373 546 1449 ageret,
569 1367 656 1434 inter
678 1367 798 1434 limites
823 1368 920 1433 officii
944 1369 994 1434 sui
1018 1369 1184 1437 manserit.
1224 1369 1335 1435 Solum
1358 1369 1387 1434 si

64 1476 166 1521 cansa
188 1455 301 1521 Manlii
331 1478 397 1521 non
426 1457 474 1523 ita
497 1458 587 1522 clara
610 1462 698 1523 esset
726 1462 825 1538 atque
854 1479 971 1522 munus
995 1457 1106 1522 datum
1136 1478 1201 1522 non
1230 1457 1385 1536 notabile,

63 1544 145 1609 illud
175 1545 288 1610 haberi
318 1551 431 1629 posset
460 1568 518 1629 pro
549 1549 676 1613 literati
705 1546 788 1611 dono
819 1567 862 1612 ex
891 1549 986 1629 parte
1015 1546 1138 1611 Manlii.
1169 1585 1213 1594 -
1243 1547 1277 1612 Si
1307 1568 1386 1612 vero

62 1633 209 1699 medicus
238 1635 322 1699 hanc
346 1655 477 1700 causam
501 1636 620 1701 iustam
643 1634 756 1699 Manlii
779 1635 934 1712 nescivit,
965 1635 1019 1700 vel
1042 1656 1141 1701 cansa
1164 1656 1230 1700 non
1253 1636 1385 1702 aderat:

63 1725 99 1787 et
122 1723 264 1788 Manlius
287 1723 433 1807 corrupit
454 1725 624 1801 medicum,
649 1723 792 1790 medicus
815 1746 931 1789 munus
954 1744 1047 1789 sunm
1066 1724 1225 1808 prodidit;
1249 1729 1387 1808 uterque

62 1811 166 1893 igitur
198 1812 358 1895 peccavit.
421 1812 536 1895 Neque
569 1819 679 1879 tamen
714 1812 859 1878 medicus
892 1812 1067 1879 restituere
1101 1817 1233 1879 tenetur
1266 1814 1386 1880 donum

64 1905 252 1983 acceptum
283 1922 360 1967 nam
388 1901 529 1984 prodens
556 1901 697 1967 officinm
727 1922 820 1966 sunm
850 1901 1029 1984 pericnlum
1052 1902 1152 1969 subiit
1180 1902 1215 1967 in
1238 1902 1386 1969 favorem

63 1989 188 2068 Manlii,
212 1990 297 2073 quod
321 1990 405 2055 dono
429 1990 485 2055 illo
508 1989 745 2072 quodammodo
769 1994 1008 2073 compensatur.

154 2104 193 2171 R.
215 2108 245 2172 3.
293 2106 354 2171 Sed
380 2105 508 2172 etiamsi
524 2104 666 2170 Manlius
689 2125 769 2188 prae
792 2104 865 2170 aliis
888 2104 1008 2169 iustam
1025 2125 1158 2170 causam
1180 2126 1245 2169 non
1261 2105 1448 2185 habuiaroa

63 2214 122 2258 our
144 2193 349 2271 liberaretur,
374 2215 438 2259 non
455 2194 584 2260 videtur
606 2215 711 2276 neque
727 2194 868 2259 Manlius
891 2213 996 2276 neque
1020 2192 1164 2258 medicus
1187 2198 1302 2259 contra
1326 2194 1385 2260 ali·

63 2302 160 2363 quem
184 2282 282 2347 alium
306 2283 456 2348 iuvenem
481 2283 614 2348 laesisse
636 2282 796 2348 iustitiam
827 2282 1105 2351 commutativam.
1152 2282 1239 2347 Nam
1265 2282 1297 2363 1)
1320 2304 1385 2348 non

62 2374 195 2436 constat
227 2371 356 2452 quidem
392 2376 490 2439 ullum
521 2372 669 2437 iuvenem
702 2378 906 2455 assumptum
940 2392 1013 2437 esse
1042 2373 1114 2437 loco
1146 2371 1276 2441 Manlii:
1309 2393 1385 2437 nam

62 2459 205 2524 Manlius
222 2460 331 2537 etiam,
356 2466 529 2544 postquem
545 2460 661 2526 fuisset
680 2465 776 2545 aptus
796 2460 991 2537 declaratus,
1016 2462 1177 2542 potuisset
1201 2468 1283 2526 sorte
1305 2461 1385 2526 lihe-

62 2549 138 2614 rari.
172 2549 206 2631 2)
230 2550 337 2615 Minus
353 2550 452 2616 etiam
469 2553 607 2623 constat,
632 2553 762 2635 quinam
786 2553 908 2616 iuuenis
923 2571 1040 2615 revera
1056 2553 1244 2634 assumptus
1267 2550 1311 2615 sit
1325 2572 1385 2634 pro

62 2637 196 2716 Manlio,
221 2660 296 2703 nam
320 2640 348 2704 si
370 2639 404 2703 in
428 2643 499 2705 toto
521 2639 654 2720 negotio
677 2639 885 2705 examinandi
901 2639 1036 2705 iuvenes
1055 2639 1164 2704 omnia
1187 2639 1229 2704 ad
1244 2638 1386 2705 strictis·

62 2726 164 2792 simas
187 2727 278 2811 leges
301 2734 436 2811 peracta
460 2732 586 2805 essent,
617 2733 737 2804 sortes,
762 2728 878 2810 quibus
901 2728 1001 2811 aliqui
1024 2728 1155 2793 liberati
1178 2731 1264 2805 sunt,
1288 2728 1385 2810 longe

61 2815 161 2881 aliter
183 2816 269 2882 forte
292 2817 494 2882 cecidissent.
542 2818 576 2898 3)
600 2815 664 2882 Alii
688 2816 822 2882 iuvenes
845 2838 888 2882 ex
910 2817 1036 2884 iust'tia
1060 2816 1189 2898 quidem
1206 2822 1386 2884 commuta·

61 2905 134 2969 tiva
157 2905 207 2970 ius
230 2905 361 2984 habent,
385 2927 426 2970 ne
449 2915 559 2971 contro
582 2927 615 2971 ae
637 2905 770 2972 fraudes
793 2908 873 2972 fiant
889 2906 1005 2988 quibus
1021 2906 1157 2973 militiae
1174 2905 1385 2981 addicantur;

62 3015 178 3059 verum
202 3015 266 3059 non
289 2995 411 3060 habent
434 3016 476 3060 ex
499 2994 625 3061 iustitia
648 2996 883 3061 commutativa
906 2995 966 3072 ius,
991 2999 1027 3061 ut
1050 3014 1130 3077 prae
1153 2992 1226 3058 aliis
1250 2993 1311 3058 sibi
1335 2995 1350 3057 f
1370 3028 1385 3039 -

60 3087 190 3149 veatur.
238 3084 271 3150 si
301 3083 355 3167 qui
385 3084 487 3166 igitur
516 3083 571 3150 alii
601 3104 803 3166 quocumque
826 3083 922 3148 modo
945 3083 1095 3149 militiam
1127 3082 1303 3164 effugiant,
1334 3081 1384 3145 iu·

61 3172 156 3239 stitia
179 3172 307 3254 quidem
331 3173 456 3254 legalis,
480 3194 544 3237 non
562 3193 640 3237 vero
664 3173 898 3238 commutativa
914 3172 1044 3238 videtur
1060 3192 1132 3236 esse
1147 3171 1254 3245 laesa:
1279 3191 1384 3252 neque

60 3263 147 3326 hunc
171 3260 317 3326 favorem
350 3262 404 3326 uni
437 3283 517 3344 prae
547 3261 651 3327 altero
684 3283 726 3326 ex
756 3261 991 3327 commutativa
1020 3260 1147 3327 iustitia
1176 3261 1231 3325 lex
1254 3259 1385 3326 videtur

62 3351 252 3416 concedere.
300 3350 346 3416 ef.
375 3351 431 3415 tu.
456 3373 496 3415 m.
521 3350 545 3426 l,
570 3352 645 3416 988.

152 3449 204 3513 Ex
235 3447 351 3531 quibus
384 3452 514 3514 constat
544 3447 778 3513 confessarium
802 3447 917 3512 Manlii
947 3447 1066 3514 saltem
1090 3447 1186 3513 citius
1208 3445 1384 3530 protulisse

59 3558 155 3602 suam
178 3537 386 3602 sententiam.
418 3537 465 3603 uf.
491 3536 590 3603 etiarn
607 3537 717 3601 Marc
741 3559 771 3603 n.
789 3539 864 3614 973,
890 3535 944 3618 qui
967 3537 1161 3603 restituendi
1185 3557 1267 3601 onus
1290 3535 1385 3602 theo·

59 3626 165 3692 retice
188 3627 316 3709 quidem
340 3626 487 3710 imponit,
511 3627 569 3690 sed
585 3627 689 3690 solum
706 3625 738 3689 in
755 3646 833 3690 casu
850 3625 1067 3709 corruptionis
1083 3625 1215 3705 medici3
1239 3625 1385 3712 practice

59 3715 232 3781 etiamtum
256 3716 373 3782 suadet
396 3737 548 3797 maguam
573 3715 789 3798 prudentiam.

417 3967 678 4034 RESTITUTIO
703 3967 762 4031 EX
785 3965 1028 4034 HOMICIDIO.

616 4150 726 4217 Casus.
753 4157 830 4225 (218)

150 4319 278 4386 Brutus,
306 4317 393 4375 homo
422 4318 522 4388 ferox,
552 4336 616 4375 cum
645 4316 777 4375 audisset
798 4315 950 4375 Claudium
978 4316 1008 4374 in
1038 4316 1082 4374 ira
1104 4315 1173 4375 Caio
1197 4314 1381 4373 minitantem

59 4404 193 4469 mortem,
215 4399 272 4457 hac
294 4397 448 4456 occasione
471 4399 513 4456 uti
535 4397 650 4464 statuit,
672 4403 705 4456 ut
725 4397 872 4473 impunius
887 4396 988 4455 Caium
1011 4396 1134 4454 iamdiu
1156 4395 1212 4452 sibi
1232 4394 1382 4452 inimicum

59 4480 216 4540 occideret.
252 4479 350 4553 Atque
371 4478 413 4536 ita
434 4478 514 4537 fecit.
554 4476 617 4546 Quo
639 4484 670 4536 et
689 4477 803 4535 familia
824 4477 886 4536 Gaii
908 4482 1041 4551 egestate
1062 4475 1214 4552 premitur,
1237 4473 1300 4532 Caii
1322 4493 1382 4532 ore·

60 4560 169 4619 ditores
197 4578 251 4636 spe
271 4558 431 4634 recipiendi
453 4577 506 4615 sua
528 4558 744 4624 destituuntur,
773 4558 836 4633 ipsa
857 4556 995 4615 Claudius
1016 4556 1099 4614 necis
1120 4555 1222 4612 illatae
1249 4553 1382 4627 graviter

60 4646 218 4716 suspectus
238 4639 332 4698 tribus
355 4639 441 4697 annis
462 4657 581 4696 carcere
603 4638 759 4697 detinetur.

1113 4730 1168 4783 23·
