3106 5168
438 277 518 332 Fides
536 278 644 333 divina:
663 296 732 348 quoe
749 277 877 348 explicite
895 277 969 333 credi
987 278 1111 333 debeant.
1396 284 1435 347 91

200 455 239 522 lt,
264 459 295 521 4.
342 453 552 521 Necessitate
575 459 686 520 autem
717 457 884 540 praecepti
907 460 1081 539 praeterea
1104 455 1208 521 multa
1239 455 1303 521 alia
1334 455 1438 540 expli-

110 545 175 611 cite
199 545 352 627 cognosci
376 548 410 610 et
433 544 520 610 credi
546 544 680 621 debent,
705 544 858 611 videlicet
881 544 988 627 quoad
1011 545 1230 610 substantiam
1254 546 1386 623 saltem,
1411 544 1437 610 si

110 634 268 699 memoria
292 633 410 711 deficit,
438 633 470 715 1)
495 634 600 700 oratio
620 632 791 712 dominica,
816 634 849 716 2)
874 634 1057 717 symbolum
1074 633 1288 717 apostolicum
1306 634 1439 716 eiusque

110 722 321 789 elementaris
345 722 504 804 cognitio,
535 724 570 805 3)
597 725 724 806 septem
754 727 977 800 sacramenta,
1009 723 1126 789 saltem
1158 743 1198 788 ea
1228 728 1262 789 et
1292 727 1438 801 eatenus,

110 833 249 894 quorum
272 833 351 877 usus
373 813 415 877 ab
438 811 569 877 homine
593 812 719 893 dequo
743 811 853 894 agitur
875 812 945 877 fieri
970 812 1083 890 debet,
1110 813 1144 892 l)
1168 812 1351 877 communia
1375 813 1438 878 Ec·

110 902 231 966 clesiae
247 905 434 985 praecepta,
459 902 493 977 5)
517 902 576 965 sub
592 900 713 966 veniali
731 902 919 984 postulatur
934 900 1149 967 communiter
1165 901 1263 967 etiam
1281 901 1438 967 salutatio

110 990 272 1072 angelica.
324 991 379 1057 ll.
403 1012 444 1054 m.
468 989 494 1067 1,
520 992 582 1056 277
600 1010 671 1071 sqq.

201 1111 254 1177 An
277 1131 469 1188 qusnsrrnu
493 1114 532 1175 2²
555 1111 594 1179 R.
617 1113 645 1176 1.
693 1109 857 1193 Obligatio
882 1110 1032 1177 eliciendi
1055 1116 1148 1178 actus
1178 1112 1253 1178 fidei
1284 1112 1354 1177 sive
1380 1125 1500 1197 per179

110 1220 147 1265 se
171 1205 206 1266 et
229 1204 363 1284 propter
386 1220 437 1278 se,
471 1200 541 1265 sive
562 1220 623 1284 per
645 1199 796 1266 accidens
820 1204 854 1266 et
883 1205 1019 1285 propter
1042 1200 1105 1266 alia
1130 1202 1225 1268 adest
1247 1201 1437 1285 praecipue:

114 1289 147 1370 1)
172 1289 346 1372 aliquoties
375 1289 408 1354 in
439 1289 525 1364 vita:
562 1288 596 1371 2)
627 1290 756 1372 quando
787 1290 926 1373 primum
958 1294 1049 1356 certa
1079 1290 1198 1356 notitia
1227 1290 1439 1356 revelationis

110 1377 243 1443 divinae
258 1378 369 1444 factae
384 1378 497 1445 habita
512 1377 621 1457 fuerit,
646 1380 698 1444 vel
715 1378 847 1461 aliquod
866 1379 986 1462 dogma
1008 1381 1050 1445 ab
1074 1378 1222 1446 Ecclesia
1238 1379 1440 1446 sollemniter

110 1467 321 1550 proponitur:
347 1467 381 1550 3)
404 1467 432 1532 si
456 1467 538 1551 quis,
561 1467 595 1532 in
618 1466 780 1534 haeresim
804 1468 926 1553 lapsus,
950 1469 1047 1534 fidem
1068 1469 1194 1545 amisit:
1219 1469 1254 1552 4)
1278 1468 1306 1533 si
1329 1472 1439 1535 tenta·

109 1556 219 1623 tiones
248 1555 346 1623 aliter
368 1577 466 1638 quam
497 1578 558 1640 ope
587 1557 661 1622 fidei
686 1558 772 1623 vinci
795 1560 976 1640 nequeant:
1011 1559 1045 1640 5)
1068 1558 1198 1641 quando
1222 1557 1439 1640 obligationes

110 1646 175 1747 ⁸⁷9¹,
190 1647 575 1800 actusfipiuperneturales
598 1647 717 1730 agendi
740 1646 881 1725 instant,
913 1668 997 1730 quae
1027 1647 1090 1713 rite
1120 1647 1248 1732 impleri
1275 1651 1439 1730 nequeant

113 1756 177 1799 n1s1
201 1755 263 1818 ope
331 1756 370 1800 er.

201 1840 240 1907 R.
265 1843 296 1907 2.
343 1840 380 1905 In
411 1840 525 1906 ultimo
555 1861 634 1906 casu
663 1839 723 1905 sub
756 1840 790 1923 5)
814 1840 957 1907 indicato
981 1841 1103 1906 sufficit
1126 1841 1255 1907 omnino
1279 1842 1376 1907 fidem
1400 1863 1438 1908 eo

109 1931 207 1996 modo
231 1930 365 2008 elicere,
395 1951 490 2011 quem
519 1929 614 1996 multi
637 1928 750 1995 dicunt
772 1934 881 1995 actum
912 1930 987 1995 fidei
1017 1933 1214 2017 implicitum.
1261 1930 1352 2009 Quod
1376 1931 1439 1996 etsi

109 2021 144 2085 in
168 2040 204 2084 se
227 2041 342 2103 parum
366 2024 456 2085 recte
480 2018 608 2097 dicitur,
638 2024 751 2084 tamen
780 2018 904 2086 indicat
932 2019 1084 2084 sufficere
1114 2040 1187 2085 eum
1217 2019 1292 2085 fidei
1317 2025 1437 2098 actum,

111 2109 167 2191 qui
200 2108 233 2172 in
264 2108 456 2174 exercendis
479 2107 552 2174 aliis
576 2107 704 2172 actibus
727 2108 1030 2192 supernaturalibus
1054 2108 1237 2175 necessario
1262 2113 1296 2175 et
1320 2114 1439 2175 nature

110 2219 172 2263 sua
202 2202 393 2275 exercetur,
427 2198 490 2264 etsi
522 2197 563 2263 de
595 2196 753 2263 elicienda
784 2197 847 2264 fide
880 2197 1027 2263 formalis
1059 2203 1093 2265 et
1124 2199 1249 2265 reflexa
1281 2198 1438 2282 cogitatio

110 2286 245 2352 minime
268 2292 428 2354 occurrat.
475 2285 541 2351 Alii
567 2286 682 2351 melius
706 2286 818 2351 dicunt
840 2287 991 2353 sufficere
1014 2287 1110 2352 fidem
1141 2291 1322 2371 virtualem,
1354 2309 1438 2370 quae

111 2377 264 2442 nimirum
295 2397 333 2441 eo
363 2375 434 2459 ipso
465 2376 506 2441 ab
529 2375 713 2441 hominibus
739 2376 879 2441 habetur
902 2377 986 2458 quod
1010 2376 1043 2440 in
1067 2376 1195 2442 actibus
1224 2376 1292 2442 suis
1315 2378 1438 2444 motivo

111 2487 155 2531 ex
179 2465 242 2531 fide
265 2486 321 2531 seu
347 2464 549 2531 revelatione
572 2464 684 2530 diviua
706 2464 767 2530 sibi
790 2470 869 2532 noto
893 2465 1064 2533 ducantur.
1103 2464 1151 2531 Cf.
1173 2466 1228 2532 Tb.
1246 2489 1286 2532 m.
1311 2466 1437 2544 1,271;

111 2554 326 2633 Wilmers,
351 2555 400 2620 De
421 2555 486 2638 fide
510 2575 541 2620 n.
566 2557 631 2620 323
648 2575 717 2637 sqq.

203 2679 256 2742 An
279 2697 470 2754 quaeamus:
495 2680 533 2743 3¹²²
557 2677 595 2744 R.
619 2680 647 2742 1.
687 2678 818 2744 Dictum
835 2677 1032 2762 Serapionis,
1057 2678 1084 2742 si
1103 2677 1252 2755 sumitur,
1276 2681 1314 2744 ut
1332 2683 1501 2755 sonat,180

111 2767 222 2832 laxius
246 2786 318 2831 esse
341 2769 443 2850 patet.
492 2765 525 2831 Si
555 2767 639 2831 enim
670 2787 706 2831 re
736 2788 815 2832 vera
843 2767 999 2850 dogmata
1029 2767 1156 2832 creditu
1179 2788 1303 2832 summe
1327 2788 1439 2832 ueces-

110 2855 210 2934 saria,
234 2855 255 2922 i.
273 2875 301 2922 e.
318 2854 379 2920 Dei
402 2855 497 2921 unius
519 2855 746 2922 exsistentiam
766 2861 800 2921 et
818 2877 978 2921 summum
996 2856 1181 2934 dominium,
1207 2859 1440 2938 aeternamque

111 2945 188 3010 boni
212 2945 332 3011 malive
355 2944 618 3022 retributionem,
644 2944 699 3011 SS.
725 2944 936 3023 Trinitatem,
961 2945 1217 3028 redemptionem
1240 2966 1299 3029 per
1322 2945 1439 3010 Filium

112 3035 173 3099 Dei
207 3035 432 3111 incarnatum,
468 3034 661 3112 nesciverit,
696 3034 821 3099 absolvi
854 3033 985 3116 nequit:
1022 3055 1063 3100 ne
1096 3039 1186 3100 certo
1219 3033 1349 3116 quidem
1381 3034 1438 3099 ab·

112 3125 261 3188 solvetur
284 3123 409 3201 valide,
440 3123 649 3205 quantumvis
678 3123 711 3188 in
740 3124 912 3189 bonafide
935 3127 1101 3188 versetur:
1135 3123 1168 3189 Si
1192 3128 1303 3189 tamen
1328 3144 1437 3187 casum

112 3233 259 3278 summae
288 3211 496 3278 necessitatis
525 3233 652 3289 sumas,
684 3232 763 3277 sane
787 3234 858 3277 cum
887 3214 958 3277 sola
987 3213 1106 3279 notitia
1135 3212 1277 3297 priorum
1303 3211 1440 3277 duorum

112 3302 304 3384 dogmatum
328 3300 553 3366 condicionate
577 3301 795 3367 absolvendus
822 3301 877 3365 ille
907 3305 975 3378 cst,
1003 3302 1056 3384 qui
1081 3301 1218 3366 ulterius
1241 3301 1357 3365 instrui
1381 3321 1438 3366 ne·

113 3396 224 3473 queat.
263 3389 311 3456 cf.
335 3390 443 3455 thesin
468 3392 540 3454 blm
563 3391 604 3455 ab
628 3390 738 3456 innoc.
762 3391 808 3455 XI
832 3391 1037 3456 damnatam:
1067 3389 1309 3466 ,Absolutionis
1333 3411 1439 3475 capax

112 3486 165 3546 est
189 3479 294 3558 homo,
319 3480 529 3562 quantumvis
547 3478 676 3545 laboret
690 3479 878 3561 ignorantia
892 3479 1123 3562 mysteriorum
1142 3479 1228 3555 fidei,
1253 3482 1287 3544 et
1310 3479 1438 3544 etiamsi

111 3590 173 3654 per
194 3568 437 3652 neglegentiam
462 3567 560 3634 etiam
578 3569 772 3651 culpabilem
795 3569 921 3635 nesciat
945 3569 1135 3652 mysterium
1161 3568 1247 3634 SS¹²¹⁸
1268 3568 1439 3634 Trinitatis

112 3662 148 3724 et
171 3657 408 3723 Incamationis
432 3657 561 3723 Domini
585 3657 689 3723 nostri
712 3658 786 3724 Iesu
810 3658 958 3724 Christi.“
1006 3659 1095 3724 Bene
1112 3657 1212 3724 etiam
1230 3662 1327 3724 notat
1344 3657 1376 3722 N
1386 3658 1439 3722 ol·

112 3747 182 3812 din
206 3747 246 3823 ΙΙ,
271 3769 302 3813 n.
322 3750 362 3811 12
386 3747 419 3812 in
442 3748 522 3812 fine:
552 3746 602 3823 ,Si
627 3750 738 3812 essent
754 3746 900 3811 homines
916 3749 998 3813 adeo
1015 3748 1121 3824 rudes,
1145 3751 1180 3813 et
1203 3767 1263 3812 nec
1281 3746 1440 3830 mysteria

112 3837 201 3903 SS⁰¹⁸
219 3836 391 3903 Trinitatis
415 3840 449 3902 et
472 3836 710 3902 Incamationis
734 3839 894 3922 concipere
917 3841 951 3903 et
974 3836 1127 3921 explicite
1144 3838 1278 3902 credere
1294 3841 1438 3921 possent,

112 3925 154 3990 de
187 3946 297 3991 eorum
330 3926 436 3991 salute
471 3947 534 3991 non
570 3929 658 3991 esset
689 3926 936 4008 desperandum.
989 3926 1062 3992 Etsi
1096 3925 1180 3991 enim
1212 3925 1294 3990 fides
1326 3925 1439 3990 horum

112 4014 344 4097 mysteriorum
377 4014 498 4081 adultis
529 4014 725 4080 necessitate
758 4014 854 4079 medii
887 4014 1073 4080 necessaria
1105 4015 1248 4092 dicatur,
1284 4014 1440 4079 eiusmodi

111 4103 211 4168 rudes
227 4104 333 4185 quoad
356 4102 418 4168 hoc
440 4125 505 4168 non
528 4108 605 4169 sunt
628 4104 821 4169 accensendi
840 4104 961 4170 adultis
985 4104 1042 4169 sed
1065 4102 1255 4182 infantibus,
1281 4104 1334 4186 qui
1354 4103 1439 4168 circa

111 4193 194 4258 baec
218 4192 376 4277 mysteria
399 4192 494 4258 fidem
517 4192 633 4258 elicere
656 4214 720 4258 non
744 4197 909 4277 possunt.“
953 4193 1052 4259 Patet
1075 4199 1185 4258 autem
1208 4194 1437 4261 instructorem

112 4303 241 4348 omnem
272 4287 424 4348 conatum
455 4282 610 4347 adhibere
633 4282 761 4360 debere,
793 4286 839 4358 ut,
871 4288 1028 4364 quantum
1052 4282 1165 4366 possit,
1196 4282 1257 4347 has
1280 4280 1440 4345 veritates

111 4372 210 4437 modo
233 4372 343 4455 captui
368 4370 554 4455 baptizandi
577 4371 630 4435 vel
655 4371 845 4438 absolvendi
869 4372 1113 4437 accommodato
1137 4374 1307 4454 proponat.

202 4460 304 4525 Immo
322 4460 478 4545 Serapion
501 4461 561 4525 sub
584 4462 678 4542 gravi
702 4465 833 4527 tenetur
856 4460 955 4525 etiam
979 4459 1169 4543 ampliorem
1192 4456 1438 4525 instructionem

112 4549 290 4616 veritatum
311 4549 560 4614 christianarum
586 4549 647 4613 sibi
670 4550 855 4630 acquirere:
880 4569 975 4630 quam
1001 4549 1027 4612 si
1051 4550 1154 4613 nollet
1173 4548 1231 4612 sibi
1252 4566 1437 4629 procurare,

112 4639 213 4705 etiam
237 4659 279 4704 ex
302 4638 364 4703 hoc
387 4639 494 4722 capite
518 4638 722 4704 absolutione
744 4637 896 4718 indignus
920 4641 954 4702 et
976 4637 1117 4721 incapax
1140 4641 1238 4703 esset.
