3106 5168
184 285 249 349 454
321 282 362 337 De
380 283 528 338 virtutibus
546 289 575 337 at
592 285 690 340 officiis
708 303 773 354 arga
792 286 922 342 homines.
941 317 974 326 —
994 287 1046 342 Off.
1065 289 1138 344 circa
1155 289 1225 344 bona
1243 292 1367 345 externa.

273 460 340 524 Eos
362 459 424 525 bac
446 460 480 526 in
503 480 539 525 re
563 463 752 527 iniustitiam
780 461 999 540 committere,
1030 463 1189 529 elevando
1212 465 1396 531 mercedem
1420 467 1504 534 ultra

183 570 357 627 summam,
381 570 478 631 quam
501 548 628 615 iustitia
651 550 831 633 permittat,
856 572 898 616 ex
921 551 1085 617 hodiernis
1109 552 1365 633 condicionibus,
1391 555 1504 637 quibus

184 638 304 704 domini
335 639 432 721 longe
464 643 696 723 praepotentes
728 660 800 705 esse
832 640 956 718 solent,
992 662 1067 706 raro
1100 641 1253 724 possibile
1285 649 1346 710 est.
1403 646 1505 711 Potest

183 733 293 794 tamen
323 727 357 793 id
379 727 526 794 accidere
555 728 589 794 in
612 728 723 810 aliqua
745 729 916 795 subitanea
939 730 1058 795 domini
1088 731 1224 814 penuria
1246 737 1280 799 et
1309 734 1505 801 necessitate

183 817 389 896 transitoria,
420 817 448 882 si
478 818 564 883 forte
593 838 636 882 ex
666 820 837 884 contractu
866 819 985 885 debeat
1009 819 1101 884 brevi
1130 820 1251 887 multas
1281 842 1407 887 merces
1431 844 1505 889 cou-

182 906 289 972 fectas
317 906 544 974 transmittere
572 927 678 990 neque
701 912 834 990 praesto
858 907 924 974 sint
951 907 1007 973 alii
1030 908 1187 992 operarii,
1218 930 1300 992 quos
1322 911 1430 995 possit
1454 933 1505 978 ar·

182 1016 319 1062 cessere.

120 1107 171 1162 897
271 1108 323 1170 An
346 1126 537 1182 ouausrruu
560 1108 600 1170 3·
623 1105 662 1172 a.
682 1108 710 1170 1.
746 1105 949 1172 Postulatum
973 1105 1063 1182 illud,
1088 1111 1125 1173 ut
1148 1126 1273 1172 merces
1297 1107 1442 1174 sufficiat
1465 1111 1503 1174 ad

181 1195 332 1260 alendam
354 1194 528 1269 familiam,
554 1195 583 1259 si
607 1194 715 1260 sobrie
742 1193 880 1260 sumitur
904 1199 1003 1276 atque
1032 1194 1236 1278 intellegitur
1258 1196 1298 1260 de
1321 1197 1503 1264 ordinariae

180 1282 324 1349 familiae
347 1283 495 1366 personis
517 1283 567 1362 iis,
592 1304 677 1365 quae
697 1288 731 1350 et
746 1283 900 1366 quamdiu
922 1288 999 1349 sunt
1022 1283 1200 1349 laborando
1224 1284 1375 1368 impotes,
1400 1309 1502 1369 neque

180 1372 365 1440 excluditur
382 1373 643 1456 supplementum
667 1393 709 1437 ex
731 1372 897 1438 laboribus
920 1392 1032 1438 eorum
1055 1373 1257 1452 sumendum,
1281 1375 1336 1457 qui
1361 1397 1503 1441 commu·

180 1461 266 1527 niter
288 1462 321 1526 in
344 1462 469 1527 familia
492 1462 715 1527 adiumentum
739 1465 909 1545 praestare
932 1466 1084 1546 possunt:
1116 1462 1262 1529 iustitiae
1289 1487 1349 1550 per
1371 1487 1405 1530 se
1429 1485 1501 1530 con·

179 1550 278 1633 gruit.
319 1550 425 1628 Quare
448 1550 511 1615 nisi
534 1550 739 1617 condiciones
762 1551 946 1617 anormales
961 1551 1014 1616 vel
1038 1550 1221 1632 singulares
1238 1551 1403 1619 dominum
1428 1575 1501 1620 con·

180 1640 281 1705 iciant
309 1639 343 1704 in
372 1639 667 1723 impossibilitatem
704 1661 777 1705 eam
806 1641 987 1704 mercedem
1019 1640 1182 1705 solvendi:
1219 1639 1316 1706 huius
1345 1644 1501 1709 mercedis

180 1727 354 1810 denegatio
384 1749 426 1793 ex
450 1733 544 1812 parte
568 1727 688 1794 domini
719 1728 808 1795 iacta
831 1728 1004 1796 Catilinam
1034 1733 1171 1795 excusat
1201 1730 1242 1794 ab
1267 1730 1446 1811 iniustitia,
1476 1733 1499 1797 si

180 1837 307 1882 omnem
331 1817 472 1901 lapidem
495 1818 599 1884 movit
621 1817 845 1901 persuadendo
870 1822 904 1884 et
926 1817 1103 1896 monendo,
1129 1823 1166 1885 ut
1189 1818 1245 1884 alii
1268 1820 1370 1886 etiam
1394 1842 1499 1888 secum

180 1905 428 1972 conventionem
452 1906 485 1970 in
508 1907 594 1973 hunc
616 1908 713 1971 finem
735 1906 865 1984 ineant,
891 1910 927 1971 ut
950 1907 992 1971 ad
1016 1911 1143 1973 tautam
1165 1908 1350 1974 mercedem
1374 1911 1499 1976 solven-

180 1994 254 2060 dam
278 1995 442 2061 dominum
465 1994 644 2080 impellant.
684 1996 800 2077 Neque
823 1995 857 2060 in
881 1996 1019 2060 Marium
1044 1996 1230 2078 graviorem
1253 1997 1387 2064 videtur
1409 2017 1499 2065 exer·

180 2084 286 2150 cuisse
309 2084 478 2162 influxum,
503 2084 564 2150 nisi
589 2107 660 2150 eum
686 2105 781 2166 quem
805 2083 890 2151 iuste
913 2105 1067 2150 exercere
1090 2085 1227 2151 licuerit.

116 2193 169 2248 898
268 2190 306 2256 R.
325 2193 355 2255 2.
391 2190 472 2255 Tam
488 2190 629 2257 Catilina
647 2211 744 2273 quam
760 2189 884 2255 Marius
906 2189 1064 2272 implicati
1088 2194 1164 2256 sunt
1186 2190 1220 2255 in
1244 2195 1366 2257 conatu
1390 2214 1498 2275 eoque,

178 2282 215 2346 ut
238 2278 382 2356 videtur,
407 2279 549 2357 efficaci,
574 2284 611 2345 ut
634 2279 846 2345 excluderent
869 2280 922 2344 vel
945 2278 1140 2362 impedirent
1163 2280 1342 2346 adventum
1366 2281 1498 2347 aliorum

177 2369 411 2452 operariorum,
435 2369 490 2450 qui
513 2389 572 2452 pro
595 2367 711 2433 viliore
735 2368 884 2433 mercede
908 2368 1043 2432 conduci
1066 2372 1251 2451 potuerant.

267 2465 327 2542 Qui
351 2470 488 2530 conatus
510 2485 590 2530 sane
613 2464 826 2546 gravissimas
849 2464 963 2531 habuit
985 2465 1145 2546 sequelae.
1186 2465 1220 2530 si
1242 2465 1344 2547 igitur
1368 2468 1402 2550 a)
1427 2490 1498 2551 opa-

177 2555 255 2619 rarii
280 2553 408 2620 desides
431 2554 481 2618 ius
503 2575 568 2618 non
591 2553 765 2620 habuerint
788 2553 1003 2635 extorquendi
1016 2553 1181 2619 maiorem
1206 2555 1407 2621 mercedem:
1439 2557 1499 2622 ista

178 2643 297 2724 agendi
326 2643 412 2709 ratio
442 2643 563 2709 iniusta
587 2648 660 2708 erat
689 2648 759 2709 tum
783 2647 899 2709 contra
925 2643 1048 2707 alienos
1072 2642 1255 2726 operarios,
1286 2648 1357 2709 tum
1389 2651 1499 2712 contra

179 2731 360 2810 dominum,
391 2732 489 2796 immo
520 2731 619 2797 etiarn
649 2732 682 2796 in
713 2732 866 2796 damnum
896 2732 1059 2814 publicum
1089 2731 1249 2797 iniustitia
1279 2733 1497 2800 redundabat:

179 2820 295 2902 quibus
327 2821 474 2887 omnibus
507 2821 633 2886 damnis
666 2820 805 2886 Catilina
838 2825 871 2886 et
904 2821 1027 2885 Marius
1059 2842 1131 2886 cum
1164 2821 1237 2885 aliis
1269 2822 1382 2887 sociis·
1398 2824 1431 2888 in
1464 2845 1498 2889 ea

179 2911 362 2993 sumptione
386 2915 482 2976 erunt
505 2910 646 2976 obnoxii.

267 3008 301 3089 b)
326 3009 389 3075 Sed
406 3009 432 3072 si
448 3008 605 3073 sumimus
622 3012 769 3091 apertam
786 3007 887 3071 fuisse
910 3007 1101 3072 iniustitiam
1118 3013 1271 3090 exparte
1288 3009 1497 3081 dominorum,

179 3103 215 3163 ut
245 3098 406 3162 innuimus
436 3098 467 3161 in
492 3097 590 3181 Resp.
618 3100 652 3173 l,
682 3096 843 3161 iniust'tia
873 3117 936 3160 non
967 3101 1018 3161 est
1047 3097 1220 3161 commissa
1251 3119 1270 3161 a
1298 3097 1439 3163 Catilina
1469 3105 1497 3162 et

177 3186 282 3251 Mario
299 3209 369 3251 curn
387 3186 553 3252 sodalibus
568 3187 601 3250 in
618 3207 666 3263 eo,
692 3186 777 3267 quod
794 3185 912 3250 domini
930 3185 1035 3250 coacti
1058 3184 1125 3250 sint
1148 3186 1220 3268 plus
1244 3187 1375 3252 solvere
1399 3208 1498 3269 neque

178 3276 344 3359 potuerint
368 3276 491 3341 alienos
513 3275 681 3358 operarios
705 3275 876 3348 adducere,
900 3295 959 3357 pro
975 3274 1090 3338 viliore
1113 3274 1261 3339 mercede
1286 3276 1497 3342 laboraturos.

266 3375 297 3455 c)
321 3374 436 3454 Neque
453 3378 568 3439 contra
584 3373 657 3437 illos
674 3372 840 3455 operarios
862 3371 897 3435 in
916 3371 1095 3453 posteriore
1111 3371 1168 3436 illa
1184 3372 1370 3455 sumptione
1387 3395 1499 3439 censeo

177 3462 370 3528 iniustitiam
395 3485 467 3527 esse
491 3462 711 3537 commissam,
742 3460 769 3524 si
800 3460 904 3524 solum
935 3461 1140 3525 suasionibus
1170 3467 1204 3527 et
1228 3462 1499 3528 admonitionibus

178 3552 417 3627 detinebantur,
442 3552 494 3615 vel
519 3552 618 3616 etiam
635 3549 828 3631 quibusdam
844 3549 1094 3615 deterrebantur
1116 3550 1222 3624 minis,
1246 3551 1301 3614 sed
1327 3551 1368 3615 iis
1387 3554 1497 3622 solum.

178 3641 293 3721 quibus
317 3641 575 3705 excludebantur
605 3661 647 3704 ex
677 3641 771 3722 parte
795 3637 932 3703 aliorum
957 3639 1176 3722 operariorum
1201 3640 1242 3703 ab
1266 3660 1378 3704 eorum
1404 3643 1499 3707 bono

178 3751 249 3793 rum
273 3730 581 3806 communicatione,
614 3749 697 3810 quae
723 3728 788 3792 illis
812 3749 876 3792 non
901 3728 1049 3793 absolute
1074 3728 1261 3793 debebatur.
1309 3729 1395 3794 Erat
1418 3731 1498 3794 enim

178 3819 338 3898 quaedam
371 3818 491 3901 proprii
524 3818 604 3883 iuris
635 3816 799 3893 defensio,
834 3838 897 3899 qua
930 3818 1107 3882 utebantur
1137 3817 1178 3880 ad
1209 3815 1422 3883 obtinendum
1454 3820 1499 3883 ius

178 3929 281 3984 suurn,
306 3908 327 3975 i.
352 3929 378 3972 e.
404 3909 587 3972 mercedem
611 3907 740 3973 iustam.

268 4006 301 4087 d)
326 4007 357 4072 Si
383 4006 559 4070 violentiae
582 4011 681 4085 atque
705 4025 833 4086 pugnae
853 4004 1100 4079 exercebantur,
1126 4003 1157 4066 in
1182 4003 1242 4067 hoc
1259 4004 1391 4084 quidem
1416 4027 1499 4069 com·

178 4095 295 4159 missus
319 4101 369 4160 est
394 4116 557 4167 excessus,
583 4094 694 4157 sedin
720 4093 916 4157 necessitate
934 4092 1119 4156 vindicandi
1143 4092 1264 4174 proprii
1288 4093 1370 4158 iuris
1394 4116 1434 4159 ne
1458 4095 1499 4157 sic

178 4185 306 4265 quidem
331 4187 410 4266 puto
435 4184 592 4248 iustitiam
617 4183 664 4247 ita
688 4183 811 4246 laesam
836 4202 926 4258 esse,
960 4187 996 4247 ut
1020 4181 1180 4246 iniustitia
1205 4181 1365 4247 consistat
1390 4185 1422 4247 in
1447 4205 1498 4247 ex-

178 4274 321 4337 clusione
338 4274 560 4354 operariorum
578 4273 714 4337 istorum
732 4269 911 4334 alienorum
936 4273 976 4335 ab
994 4271 1132 4335 ineundo
1153 4275 1323 4336 contractu
1342 4273 1498 4356 operario,

178 4366 272 4446 quusi
297 4365 445 4426 deluere
471 4365 587 4425 uertisse
612 4363 701 4446 qiuari
720 4362 854 4442 possint.

115 4482 166 4538 899
266 4467 305 4530 R.
330 4470 358 4531 3.
406 4467 496 4542 Quod
521 4465 603 4528 alios
627 4484 780 4528 excessus
803 4464 933 4539 attinet,
958 4465 1011 4545 qui
1036 4485 1056 4527 a
1079 4464 1175 4528 turba
1199 4466 1424 4547 operariorum
1449 4469 1499 4532 de·

177 4555 283 4619 aidum
308 4555 469 4619 commissi
492 4558 584 4629 sunt,
620 4553 642 4617 ii
667 4553 794 4633 quidem
818 4553 865 4616 rei
888 4559 964 4619 sunt
988 4553 1057 4617 sive
1082 4553 1207 4635 peccati
1232 4554 1264 4617 in
1289 4576 1411 4636 genere
1433 4558 1498 4621 sive

177 4642 367 4720 iniustitiae,
386 4645 439 4726 qui
456 4665 512 4708 eos
528 4664 682 4707 excessus
698 4642 944 4715 commiserunt;
971 4643 1110 4707 Catilina
1126 4647 1160 4707 et
1175 4644 1369 4710 secundarie
1382 4647 1498 4712 Marius
