3106 5168
151 262 216 327 232
269 258 309 314 De
328 257 477 315 virtutibus
495 261 524 312 ot
541 255 640 312 officiis
657 271 723 324 erga
741 256 871 311 homines.
891 285 925 294 -
944 255 1070 310 Virtutes
1087 255 1208 310 institiae
1225 272 1357 311 annexae.

91 466 94 473 ·
149 432 267 501 habuit
295 453 338 498 ex
366 430 488 499 auditis
511 430 785 510 confessionibus,
816 435 916 514 atque
940 436 1055 498 contra
1084 429 1228 532 sigillum
1251 450 1313 497 con
1313 429 1474 497 f.eseionis

150 523 318 591 Summum
340 542 382 606 po
384 521 479 589 tuit
469 541 505 587 ιιι
528 541 568 587 ea
590 480 816 599 instructiode,
840 541 924 604 quae
940 519 1111 586 consuerit
1096 519 1247 586 thaberi
1269 541 1329 603 pro
1354 519 1475 604 pueris,

151 615 244 679 etiam
268 613 345 677 lmac
366 615 522 693 tangere,
551 609 600 677 ite
629 613 757 688 tamen,
787 614 826 676 ut
853 630 919 676 non
945 613 1122 695 appareret
1150 609 1217 675 ullo
1246 608 1342 675 modo
1374 630 1410 675 se
1433 630 1475 675 ex

151 699 246 768 notit‘
237 720 269 765 ra
222 698 498 767 tconfessionis
512 692 703 786 procedere.
731 699 816 766 Sane
834 699 943 784 potuit
961 699 1082 782 optime
1104 698 1137 765 id
1160 701 1326 802 perficere,
1350 699 1379 764 si
1394 719 1426 764 v.
1443 718 1475 781 g

151 811 194 856 ex
217 789 329 856 ordine
352 776 500 856 docuerit
522 808 656 873 pueros,
686 809 770 872 quae
793 788 860 855 sint
882 792 1019 871 peccata
1049 791 1083 854 et
1106 809 1204 870 quam
1227 789 1361 871 gravia,
1392 807 1476 870 quae

151 900 171 945 a
193 878 304 963 pueris
326 877 473 945 facilius·
470 877 607 965 possint
628 877 859 945 committi-
882 877 1039 944 Similiter
1057 876 1276 944 Gaudentium
1298 877 1476 960 reprehen-

151 967 245 1046 dere,
275 965 339 1034 nisi
367 966 535 1037 licentiam
556 966 710 1034 habuerit
738 987 758 1033 u
785 966 1033 1045 confitentibus,
1063 970 1136 1033 erat
1159 987 1202 1032 ex
1225 970 1320 1050 parte
1343 965 1476 1031 Arcadii

151 1061 267 1124 contra
287 1055 431 1140 sigillum
454 1054 682 1134 confessionis3
706 1055 739 1121 in
762 1076 884 1138 genere
906 1060 1017 1123 autem
1041 1054 1148 1122 dicere
1170 1055 1347 1137 magistros
1370 1059 1405 1121 et
1427 1055 1476 1119 in·

150 1148 332 1212 structores
355 1166 474 1213 cavere
496 1145 626 1213 omnino
650 1144 784 1222 debere,
816 1164 857 1210 ne
880 1144 984 1210 falsas
1006 1144 1131 1210 faciant
1154 1144 1370 1211 conscientias
1393 1164 1476 1209 neve

150 1234 324 1303 aedificent
345 1256 405 1319 pro
428 1233 595 1318 gehenna,
618 1233 698 1300 nihil
720 1233 867 1301 indicans
890 1253 933 1299 ex
956 1233 1213 1300 confessionibus
1235 1233 1338 1300 audit
1313 1238 1372 1311 t,re
1399 1232 1476 1298 mis-

150 1323 293 1391 sionan'o
315 1324 428 1408 utique
451 1323 621 1391 licuit.-
650 1323 801 1390 Ceterum
831 1323 871 1389 de
900 1321 952 1389 his
979 1322 1101 1401 confer,
1124 1343 1209 1406 quae
1233 1323 1321 1390 dicta
1344 1322 1477 1389 suntin

151 1414 215 1482 vol.
235 1413 267 1479 11
290 1413 385 1479 huius
409 1412 517 1497 operis
540 1433 559 1478 a
582 1433 613 1479 n
634 1413 698 1478 530
722 1417 757 1479 et
778 1411 941 1496 deinceps

492 1641 552 1707 DE
577 1641 895 1708 RESTRICTIONE
921 1641 1132 1709 MENTALI.

707 1798 818 1866 Casus.
845 1806 922 1876 (128)

239 1937 376 2009 Proclus‚
398 1936 448 2014 qui
468 1935 617 1996 inimicum
639 1936 760 2009 occidit,
782 1938 984 2014 interrogatus
1006 1940 1041 1999 de
1062 1938 1175 2009 vicino,
1197 1945 1408 2016 contraquam
1429 1960 1476 1998 su-

151 2017 245 2095 spicio
260 2022 326 2077 orta
341 2022 414 2088 erat,
436 2037 505 2077 num
519 2017 644 2077 vidisset
664 2017 746 2076 illurn
761 2017 815 2077 tali
836 2025 866 2078 et
887 2019 941 2078 tali
961 2020 1035 2079 hora
1049 2025 1194 2078 armatum
1209 2019 1294 2078 domo
1309 2026 1476 2088 exeuntem,

151 2096 180 2157 id
202 2097 363 2157 secundum
384 2098 427 2157 rei
447 2098 604 2158 veritatem
625 2097 755 2157 affirmet
778 2117 813 2157 ac
839 2105 999 2176 propterea
1024 2105 1057 2158 ιιι
1084 2099 1172 2158 testis
1193 2104 1318 2159 vocatus
1339 2099 1417 2158 idem
1439 2119 1476 2158 ex

151 2178 218 2238 odio
233 2178 347 2237 iuratus
363 2178 532 2238 confirmat:
555 2198 612 2254 quo
627 2178 670 2250 fit,
691 2184 726 2237 ut
738 2178 865 2251 vicinus,
887 2179 1038 2240 homicidii
1051 2179 1104 2239 vix
1124 2199 1184 2239 non
1204 2179 1291 2256 plene
1310 2179 1475 2251 convictus,

151 2259 188 2318 ad
209 2263 383 2336 perpetuum
404 2277 553 2318 carcerem
575 2259 792 2319 condemnetur.

238 2338 309 2397 Alia
333 2339 399 2398 vice
427 2339 563 2398 similiter
587 2339 789 2414 interrogatus
810 2339 846 2398 de
867 2340 974 2399 Iasone
1002 2338 1112 2411 amico,
1141 2338 1190 2414 qui
1217 2339 1289 2399 furti
1317 2345 1475 2416 suspectus

151 2425 216 2479 erat
237 2426 267 2478 et
287 2419 398 2478 furtum
418 2437 450 2477 re
470 2418 537 2496 ipsa
558 2419 673 2494 quidem
695 2419 891 2491 commiserat,
913 2425 945 2479 at
965 2439 1025 2479 non
1045 2420 1102 2478 hoc
1123 2419 1234 2478 furtum
1255 2420 1291 2479 de
1310 2438 1367 2494 quo
1389 2439 1476 2496 quae·

150 2501 285 2570 rebatur,
313 2499 366 2558 sed
386 2499 474 2574 longe
494 2498 642 2573 insignius
662 2499 693 2558 in
715 2498 774 2558 alio
794 2499 859 2559 loco
881 2505 1039 2576 patratum.
1080 2499 1164 2558 Iurat
1184 2499 1276 2575 igitur
1295 2498 1422 2559 Proolus
1443 2520 1475 2559 se

151 2578 288 2638 Iasonem
317 2584 473 2638 exeuntem
501 2598 560 2638 non
582 2578 710 2651 vidisse,
739 2598 805 2638 cunr
832 2599 865 2639 re
885 2599 957 2639 vera
977 2579 1100 2651 viderit;
1128 2579 1215 2639 immo
1243 2599 1276 2638 ee
1303 2579 1382 2638 circa
1404 2579 1476 2638 illud

151 2663 266 2734 tempus
293 2658 325 2718 in
352 2659 417 2718 loco
444 2659 532 2736 plane
554 2658 658 2719 dissito
680 2661 856 2719 observasse
877 2660 1040 2730 hominem,
1069 2678 1154 2735 quem
1181 2678 1241 2718 non
1269 2661 1478 2736 recognoverit

151 2739 276 2815 quidem,
297 2739 349 2798 sed
370 2739 517 2798 hominem
538 2738 640 2799 Iasoni
660 2739 748 2816 plane
770 2739 907 2799 similem:
931 2740 1042 2816 cogitat
1062 2740 1198 2799 nimirum
1219 2739 1298 2798 intra
1319 2760 1352 2799 se
1373 2760 1476 2800 omnes

150 2819 284 2878 homines
305 2819 362 2878 sibi
383 2838 450 2878 sese
472 2819 593 2879 similes.

151 2922 328 2994 Quaaarroa
349 2926 378 2982 1ο
404 2925 472 3001 quid
493 2925 533 2985 sit
553 2924 703 2985 restrictio
724 2925 872 2996 mentalis,
894 2944 969 3000 quae
991 2929 1021 2983 et
1035 2925 1150 3000 quando
1171 2924 1262 2984 licita.

349 3013 380 3070 2⁰
405 3013 473 3090 quid
493 3014 619 3074 iudicari
640 3014 747 3074 debeat
768 3014 803 3073 de
824 3013 916 3074 variis
937 3013 1036 3073 Procli
1057 3013 1242 3073 testimoniis

747 3205 882 3273 Salutio.

88 3363 141 3416 455
240 3349 293 3414 An
317 3369 507 3426 QUAESITUM
533 3352 571 3414 1¹²¹
593 3348 632 3416 R.
655 3352 684 3415 1.
716 3346 907 3414 .Restrictio
936 3347 1089 3413 mentalis
1119 3353 1170 3414 est
1199 3347 1386 3431 suppressio
1420 3350 1477 3414 ali·

152 3438 242 3504 cuius
266 3438 532 3505 circumstantiae
562 3458 620 3504 seu
648 3437 697 3503 rei
724 3436 892 3503 addendae
922 3436 1055 3519 eiusque
1082 3441 1117 3503 ιἰι
1139 3447 1241 3503 laerte
1263 3438 1420 3515 retentio,
1446 3440 1478 3503 vi

152 3528 243 3592 cuius
266 3527 314 3593 rei
337 3527 505 3594 addendae
528 3532 656 3595 tanturn
672 3527 775 3592 verba
798 3526 928 3609 prolata
950 3526 1199 3592 determinatam
1225 3532 1260 3594 et
1282 3528 1478 3610 completam

153 3616 327 3681 veritatem
352 3616 483 3684 habent.
530 3617 606 3683 Sine
628 3616 686 3682 illa
716 3615 882 3682 additione
905 3617 1007 3681 verba
1030 3615 1161 3698 prolata
1184 3617 1237 3680 vel
1267 3637 1332 3681 non
1355 3616 1479 3682 habent

152 3726 266 3770 verum
293 3725 424 3770 sensum
448 3708 501 3772 vel
530 3706 653 3772 habent
683 3726 813 3770 sensum
838 3726 976 3787 vagum,
1007 3725 1072 3769 non
1102 3702 1184 3771 satis
1214 3703 1478 3782 determinatum,

153 3814 211 3859 seu
234 3793 431 3875 ambiguum.

242 3882 494 3950 Circumstantia
524 3904 582 3948 seu
611 3883 870 3968 additamentum
900 3882 980 3947 illud
1003 3902 1213 3965 suppressum
1243 3885 1301 3947 aut
1333 3902 1376 3946 ex
1407 3882 1480 3948 aliis

153 3971 407 4038 circumstantiis
422 3973 565 4055 suppleri
581 3976 700 4056 potest,
725 3992 756 4037 u.
774 3993 806 4054 g.
828 3992 870 4036 ex
893 3971 1080 4036 condicione
1095 3970 1259 4051 loquentis
1275 3970 1328 4035 vel
1344 3971 1479 4036 audien-

153 4061 214 4138 tis,
246 4081 288 4125 ex
318 4061 405 4137 loco,
437 4065 584 4145 tempore
607 4066 687 4136 etc.;
719 4065 777 4126 aut
800 4061 941 4126 humano
965 4061 1059 4125 modo
1084 4059 1228 4143 suppleri
1250 4081 1308 4124 seu
1331 4060 1479 4142 intellegi

152 4150 275 4232 nequit.
323 4149 360 4214 In
382 4151 563 4234 posteriore
587 4171 664 4215 casu
688 4156 739 4217 est
762 4149 926 4216 restrictio
944 4152 1207 4233 peremptalia,
1232 4149 1265 4213 in
1287 4148 1396 4232 priore
1420 4153 1481 4214 loto

153 4240 309 4305 rrrerrtolis.

242 4344 281 4412 R.
307 4347 337 4411 2.
383 4344 560 4411 Restrictio
584 4365 664 4428 pure
687 4345 850 4423 mentulis,
873 4346 907 4410 in
931 4366 995 4427 qua
1019 4365 1134 4409 sensus
1158 4365 1255 4409 verus
1279 4347 1365 4410 nerllo
1389 4346 1481 4410 modo

154 4434 357 4517 exprimitur,
388 4433 523 4500 sedvel
553 4433 652 4500 insita
674 4434 848 4499 verborum
872 4434 980 4498 rivel
1012 4455 1054 4498 ex
1084 4432 1156 4498 aliis
1180 4433 1341 4498 adiunctis
1365 4455 1481 4499 sensus

153 4523 256 4624 falsus
281 4523 464 4590 necessario
489 4523 670 4605 colligitur:
701 4523 787 4588 idem
810 4528 861 4589 est
892 4528 990 4605 atque
1014 4523 1233 4599 mendaciumn
1264 4523 1340 4588 hinc
1363 4521 1483 4607 peccass

154 4634 323 4679 mmosunr.
