3106 5168
213 290 365 344 Translatio
383 291 434 346 iur.
454 309 479 360 p.
498 295 653 346 contractus
673 321 707 330 -
726 296 855 346 contract.
875 292 952 346 valor
970 294 1082 361 eiusque
1101 294 1232 349 defectus.
1318 299 1383 364 403

61 466 187 524 alterum
209 471 385 542 emptorem,
414 486 537 542 quocum
565 468 715 542 negotium
736 467 915 526 venditionis
942 468 1042 526 statim
1072 470 1204 546 perfecit.
1247 471 1310 541 Quo
1331 471 1383 529 vix

60 551 184 621 peracto
212 546 322 623 accipit
349 547 465 605 litteras
486 547 622 616 Roberti,
651 567 725 623 quas
753 548 821 606 ilico
842 549 1019 624 scripserat,
1049 550 1102 607 sad
1123 569 1197 625 quaa
1219 571 1291 609 casu
1315 552 1383 611 aliis

58 625 170 684 litteris
192 624 310 684 iunctae
333 627 390 685 alio
411 627 521 685 missae
542 634 629 686 erant
649 633 679 686 et
700 628 814 686 tardius
835 629 873 686 ad
894 628 1015 704 Lysiam
1037 636 1191 690 venerunt.

61 731 240 801 Quaaarrua
262 733 291 788 10
316 751 461 806 quaenam
488 732 519 790 in
548 734 749 791 contractibus
777 733 945 808 requiratur
966 734 1134 810 acceptatio
1163 741 1192 794 et
1216 737 1314 795 sactae
1336 757 1382 797 ac·

315 812 491 887 captationis
512 812 669 872 intimatio.

262 899 291 956 2⁰
317 900 434 975 quinam
457 907 627 959 contractus
648 900 756 977 Lysiae
777 902 885 961 valeat.

262 990 291 1045 3⁰
317 988 394 1063 quid,
417 989 443 1048 si
458 989 564 1065 Lysias
586 991 745 1048 secundum
767 996 927 1067 emptorem
948 991 1076 1049 nondum
1097 991 1263 1050 invenisset
1284 998 1381 1069 atquc,

317 1089 381 1126 cum
396 1069 542 1128 Robertus
560 1089 733 1146 responsum
749 1070 923 1139 distulisset,
946 1071 1061 1129 demum
1081 1077 1150 1148 post
1169 1072 1381 1132 hebdomadam

317 1168 382 1206 sese
404 1150 526 1208 liberum
549 1150 713 1208 declararet
734 1153 771 1209 ab
793 1150 871 1209 omui
893 1150 1081 1226 obligatione.

656 1311 789 1378 Salutio.

154 1434 206 1497 An
225 1440 414 1510 Quansrruu
442 1440 478 1500 1³¹
501 1437 543 1505 R.
568 1440 595 1502 1.
628 1437 678 1501 Ex
696 1441 815 1503 natura
831 1437 879 1502 rei
894 1436 1079 1519 requiritur,
1105 1442 1142 1503 ut
1157 1459 1239 1502 unus
1256 1440 1381 1514 offerat,
1393 1451 1444 1505 798

60 1521 336 1677 ἓὲῐξέῒθῖοοθρῐθῐς
368 1529 540 1607 utrumque
568 1531 705 1591 externo
738 1526 833 1591 modo
856 1525 925 1590 fieri
950 1526 1062 1602 debet,
1094 1530 1131 1591 ut
1160 1525 1200 1590 de
1224 1547 1383 1593 consensu

153 1709 190 1774 R.
217 1713 246 1778 2.
294 1710 328 1775 Si
352 1711 480 1792 quando
504 1710 590 1776 inter
613 1715 804 1795 praesentes
827 1716 1016 1778 contractus
1038 1713 1085 1788 fit,
1111 1712 1234 1777 nullum
1252 1713 1383 1778 dubium

61 1798 188 1863 moveri
210 1803 321 1882 potest
344 1800 384 1865 de
407 1810 517 1864 arutac-
540 1822 716 1865 consensus
740 1801 1019 1867 manifestatione:
1045 1820 1128 1882 quae
1152 1801 1214 1865 nisi
1238 1805 1308 1867 ilico
1335 1805 1382 1882 fit,

61 1891 180 1952 neuter
203 1888 334 1969 ligatur,
359 1893 458 1970 atque
474 1889 573 1954 etiam
590 1891 729 1954 offerens
745 1889 846 1954 libere
862 1894 972 1974 potest
987 1890 1148 1968 recedere,
1174 1890 1235 1954 nisi
1259 1897 1384 1958 certum

61 1979 194 2059 tempus
218 1977 459 2044 deliberationis
482 1978 551 2061 ipse
575 1978 782 2044 concesserit.

155 2074 193 2140 a.
219 2077 249 2140 3.
296 2075 329 2140 Si
353 2096 431 2140 vero
456 2080 645 2141 contractus
668 2078 705 2141 fit
728 2075 813 2140 inter
836 2076 1004 2149 absentes,
1034 2096 1097 2140 non
1122 2075 1276 2142 convenit
1298 2076 1385 2143 inter

63 2162 232 2240 doctores,
263 2167 372 2228 utrum
397 2164 539 2230 sufficiat
560 2169 636 2248 post
659 2164 809 2230 notitiam
833 2164 1007 2229 oblationis
1030 2164 1176 2229 habitam
1200 2166 1383 2249 acceptatio

62 2251 164 2328 facta,
189 2274 231 2317 an
255 2253 440 2334 requiratur
463 2253 557 2318 huius
579 2253 814 2336 acceptationis
835 2274 914 2334 erga
938 2255 1127 2318 offerentem
1151 2253 1322 2320 intimatio.
1340 2291 1384 2298 —

59 2341 167 2422 Leges
191 2341 352 2424 positivae
375 2342 556 2423 generatim
580 2343 641 2407 hac
663 2342 697 2406 in
719 2364 754 2407 re
775 2342 856 2408 certi
878 2341 1000 2424 aliquid
1024 2342 1265 2424 praescribunt,
1298 2345 1383 2424 quod
1412 2414 1424 2428 ,

58 2429 159 2495 etiam
184 2429 216 2494 in
241 2431 439 2497 conscientia
463 2432 506 2496 sit
530 2432 778 2498 observandum.
811 2431 972 2496 Nimirum
988 2431 1172 2513 generatim
1196 2433 1321 2509 volunt,
1346 2440 1383 2499 ut

58 2519 200 2583 offerens
224 2524 299 2602 post
322 2520 440 2585 missas
463 2521 592 2586 litteras
616 2542 679 2586 non
703 2520 808 2605 possit
831 2520 904 2585 ilico
928 2541 1100 2598 revocare,
1132 2521 1190 2585 sed
1213 2526 1304 2587 stare
1327 2521 1383 2587 de·

56 2609 147 2685 beat,
172 2608 233 2673 nisi
256 2608 425 2675 differatur
448 2610 631 2691 acceptatio
654 2610 742 2675 ultra
766 2613 912 2692 tempus,
946 2630 1009 2692 quo
1034 2609 1140 2675 soleat
1162 2609 1264 2694 recipi
1286 2632 1383 2694 posse

56 2697 238 2781 responsio.
270 2697 386 2780 Neque
401 2704 513 2764 tamen
529 2701 668 2763 offerens
683 2698 867 2782 impeditur,
893 2698 969 2779 quin
989 2698 1255 2764 retractationem
1272 2700 1384 2766 mittat

58 2786 142 2850 adeo
168 2787 316 2863 celerem,
343 2792 380 2852 ut
395 2787 639 2853 retractationis
663 2787 796 2852 nuntius
812 2787 925 2852 veniat
949 2791 1026 2852 ante
1042 2788 1191 2853 nuntium
1208 2788 1381 2854 oblationis

57 2875 112 2940 vel
137 2875 233 2939 simul
257 2896 328 2940 cum
353 2897 400 2941 eo.
448 2876 514 2956 (lta
538 2877 637 2942 etiam
661 2876 712 2940 ius
736 2876 865 2942 Germ.
891 2875 908 2956 ἓ
935 2875 1024 2956 130.)

150 2991 202 3054 Aa
218 3011 408 3066 ouausrvuu
426 2993 464 3054 2¹²¹
481 2991 519 3056 lt.
536 2995 563 3057 1.
595 2990 711 3073 Lysias
735 2997 853 3072 quarto
878 2991 930 3055 vel
954 2991 1068 3072 quinto
1085 2991 1136 3055 die
1159 3011 1276 3056 revera
1299 2992 1444 3061 libertas

58 3085 133 3144 erat
156 3080 331 3144 secundum
356 3081 406 3144 ius
431 3081 551 3144 Germ.
578 3081 595 3160 ξ
622 3082 683 3144 146
708 3102 798 3160 sqq,
830 3101 867 3144 aa
891 3079 984 3162 proin
1008 3079 1170 3144 secundus
1193 3085 1382 3145 contractus

58 3169 202 3244 valebit,
238 3169 380 3234 maxime
405 3191 477 3232 cum
501 3190 565 3234 non
597 3168 662 3234 ianr
694 3168 878 3251 stipulatio,
914 3168 972 3232 sed
1004 3167 1076 3251 ipsa
1111 3167 1245 3233 traditio
1270 3168 1381 3234 videa-

57 3263 114 3323 tur
137 3278 209 3321 esse
232 3259 389 3340 perfecta.

149 3354 188 3420 R..
214 3358 243 3420 2.
291 3355 325 3420 Si
348 3355 438 3419 cuius
455 3355 550 3437 culpa
565 3354 697 3438 probari
712 3357 833 3437 potest,
858 3374 900 3419 ex
916 3375 981 3436 qua
996 3353 1121 3419 factum
1138 3353 1182 3418 sit
1198 3359 1234 3419 ut
1249 3352 1381 3420 litterae

57 3465 77 3508 a
102 3443 247 3510 R-oberto
270 3445 389 3509 missae
412 3444 677 3510 retardarentur:
708 3442 871 3508 Robertus
895 3463 995 3525 agere
1026 3446 1137 3525 potest
1161 3443 1200 3506 de
1223 3441 1381 3508 indemni-

57 3536 129 3598 tate
153 3532 213 3597 sibi
236 3533 445 3617 praestanda,
471 3537 631 3614 quatenus
647 3531 778 3614 aliquod
794 3532 946 3596 damnum
971 3553 1012 3596 ex
1036 3530 1202 3613 emptione
1224 3531 1286 3597 sibi
1309 3532 1381 3599 utili

56 3622 217 3704 impedita
240 3644 356 3706 passus
380 3622 439 3699 sit;
464 3621 607 3703 alioquin
631 3621 711 3685 illud
733 3620 948 3686 infortunium
971 3621 1041 3703 ipse
1065 3620 1153 3686 forre
1176 3620 1283 3688 debet.

149 3739 201 3801 An
224 3757 414 3811 quansrruu
439 3739 477 3800 3¹²¹
501 3736 540 3801 lt.
564 3739 591 3801 1.
639 3735 801 3800 Videntur
824 3735 915 3817 leges
930 3734 1093 3818 positivae
1111 3734 1143 3798 id
1160 3735 1310 3803 offerenti
1334 3734 1443 3817 (inaoo

56 3829 171 3891 nostro
196 3846 273 3889 casu
296 3824 429 3907 Lysiae)
453 3825 638 3900 concedere,
664 3830 700 3889 ut
723 3827 798 3906 post
821 3824 966 3908 elapsum
990 3824 1175 3901 terminum,
1204 3826 1381 3906 quomodo·

57 3935 196 3996 cumque
226 3915 268 3978 ad
299 3936 334 3978 se
364 3914 527 3978 intimatio
557 3913 792 3995 acceptationis
822 3934 887 3977 non
915 3912 1121 3996 pervenerit,
1153 3913 1236 3977 liber
1265 3915 1309 3980 sit
1339 3917 1379 3980 ab

57 4003 268 4086 obligatione,
293 4025 350 4067 seu
375 4002 573 4068 oblationem
597 4002 719 4067 factam
743 4024 802 4085 pro
826 4023 884 4066 suo
909 4002 1045 4067 arbitrio
1069 4003 1121 4066 vel
1139 4003 1302 4069 sustinere
1325 4005 1379 4067 vel

56 4098 240 4159 retractare
264 4093 376 4176 possit.
423 4093 475 4156 lta
499 4091 616 4156 saltem
640 4092 690 4156 ius
715 4092 842 4157 Germ.
867 4092 887 4156 l.
913 4112 941 4157 c.
987 4092 1076 4173 Ergo
1102 4092 1163 4156 etsi
1187 4092 1303 4174 Lysias
1327 4113 1379 4156 se·

56 4183 197 4247 cundum
222 4187 402 4265 emptorem
426 4181 566 4244 nondum
597 4181 776 4257 invenerit,
811 4180 892 4244 liber
922 4185 1033 4245 tamen
1065 4186 1115 4245 est
1140 4180 1180 4243 ad
1205 4179 1378 4246 mutandas

57 4271 263 4338 condiciones
280 4271 333 4335 vel
357 4270 455 4350 etiam
480 4270 521 4334 ad
545 4270 749 4334 retinendum
772 4269 951 4352 praedium.

146 4377 186 4442 R.
211 4379 241 4441 2.
289 4375 410 4439 Verum
434 4376 609 4439 secundum
639 4376 725 4440 idem
749 4376 799 4439 ios
824 4376 970 4450 Germ,
1002 4373 1131 4455 quando
1155 4371 1238 4438 vidit
1261 4371 1377 4454 Lysias

55 4468 187 4534 litteras
210 4465 346 4529 Roberti
370 4486 410 4528 ex
435 4469 529 4547 parte
562 4465 629 4528 eius
654 4465 800 4544 legitimo
830 4469 978 4545 tempore
1009 4483 1081 4526 esse
1112 4463 1216 4537 datae,
1248 4460 1323 4524 ilico
1348 4461 1376 4525 ei

55 4556 254 4640 respondere
284 4554 381 4618 debet
411 4575 446 4617 se
469 4558 603 4636 propter
634 4573 823 4635 responsum
855 4573 918 4616 non
947 4556 1074 4615 mature
1105 4553 1274 4632 acceptum
1304 4571 1377 4615 sese

55 4668 119 4712 non
143 4644 284 4728 amplius
307 4643 427 4707 habere
450 4664 508 4725 pro
533 4642 693 4724 obligat0;
719 4641 860 4722 alioquin
885 4640 1050 4720 obligatur
1073 4639 1187 4704 denuo.

1111 4741 1164 4796 26*
