3106 5168
181 287 246 350 452
319 282 359 335 De
379 280 527 336 virtutibus
546 286 574 336 et
592 280 689 336 officiis
708 298 773 349 erga
792 279 921 334 homines.
940 310 974 317 —
994 279 1047 335 Off.
1064 280 1137 335 ciros
1154 280 1224 335 bona
1242 282 1366 336 externa.

180 459 214 524 in
244 457 449 542 possessione
479 456 540 522 soli
570 456 628 521 sed
657 455 690 520 in
719 454 965 520 industrialibus
995 455 1308 520 constructionibus:
1339 455 1373 520 id
1402 455 1502 522 iustos

180 547 302 613 limites
334 545 556 622 transcendit3
578 549 691 626 atque
723 544 771 610 ita
801 565 838 608 re
870 564 951 609 vera
982 564 1042 628 per
1073 544 1293 628 monopolium
1321 544 1376 609 vel
1399 545 1502 626 quasi·

180 635 399 720 monopolium
422 634 565 719 pretium
587 634 673 699 iusto
696 633 812 710 maius,
835 632 856 698 i.
881 653 909 699 e.
933 632 1098 711 iniustum,
1123 633 1208 700 effici
1231 637 1353 718 potest.

118 762 169 815 892
267 751 321 815 An
344 769 536 825 qusnsrrunr
559 751 598 812 2¹²
621 749 660 815 R.
687 752 716 814 1.
763 747 797 813 Si
819 746 960 831 pretium
984 747 1121 831 petrolei
1144 747 1178 812 in
1201 768 1238 812 se
1261 746 1442 823 sumimus,
1474 747 1504 812 id

180 860 239 922 pro
262 838 410 920 longiore
432 842 580 921 tempore
599 838 658 902 vix
681 835 803 902 elevari
827 840 937 920 potest
960 838 1002 902 ad
1026 858 1173 902 normam
1195 836 1315 903 iniuste
1340 857 1503 919 magnam.

180 927 259 992 Cum
283 928 368 993 enim
393 929 561 1011 complura
584 927 649 992 alia
671 925 738 992 sint
760 925 883 1003 media,
915 925 1032 1008 quibus
1061 927 1165 991 lucem
1193 926 1255 991 sibi
1284 926 1504 991 necessariam

179 1016 233 1082 vel
256 1017 397 1082 calorem
422 1016 463 1097 (si
479 1016 522 1081 ad
538 1037 611 1080 eum
634 1014 875 1099 producendum
898 1016 1080 1098 petroleum
1096 1014 1305 1097 adhibeatur)
1329 1036 1505 1100 procurare

179 1105 327 1171 homines
350 1106 493 1190 possint:
517 1105 657 1189 pretium
682 1104 777 1169 unius
800 1125 842 1169 ex
865 1103 976 1170 multis
999 1103 1114 1170 mediis
1129 1104 1183 1169 diu
1208 1104 1371 1170 excedere
1394 1104 1505 1186 nequit

180 1194 442 1261 aestimationem
465 1214 667 1260 communem
697 1193 785 1258 illius
814 1192 984 1269 utilitatis,
1014 1213 1113 1275 quam
1142 1193 1204 1259 sibi
1233 1193 1384 1259 homines
1408 1214 1505 1276 quae·

179 1289 273 1361 runt3
297 1283 441 1366 alioquin
464 1303 544 1366 prae
567 1282 714 1366 petroleo
730 1281 796 1348 alia
811 1281 919 1347 media
939 1281 1141 1348 adhiberent.
1179 1280 1381 1349 Aestimatio
1397 1285 1503 1348 autern

180 1373 360 1438 communis
384 1372 471 1438 circa
500 1372 548 1438 rei
578 1372 714 1437 alicuius
737 1370 916 1437 utilitatem
943 1371 1085 1454 pretium
1109 1371 1316 1438 determinat.
1366 1371 1504 1454 Ideoque

180 1482 222 1526 ex
245 1462 307 1526 hac
330 1466 424 1546 parte
446 1460 604 1538 Aurifex,
629 1461 692 1525 etsi
715 1480 841 1525 annuos
864 1460 988 1527 reditus
1012 1481 1097 1525 nuno
1120 1461 1218 1542 longe
1240 1461 1385 1526 maiores
1412 1481 1503 1543 quam

180 1554 279 1616 antea
308 1550 484 1634 percipiat,
516 1571 590 1614 cum
621 1570 676 1615 eos
706 1547 865 1633 percipiat
895 1570 938 1614 ex
967 1569 1003 1613 re
1033 1569 1093 1614 sua
1115 1548 1293 1631 frugifera,
1326 1549 1503 1616 iniustitiae

181 1639 327 1705 accusari
351 1639 408 1703 vix
432 1643 552 1721 potest.

269 1736 308 1802 lt.
334 1740 363 1802 2.
410 1735 627 1801 Nihilominus
657 1734 728 1800 fieri
758 1738 884 1818 potest,
916 1739 953 1801 ut
983 1739 1098 1800 contra
1127 1734 1288 1801 iustitiam
1315 1735 1502 1817 delinquant

181 1824 322 1890 Aurifex
345 1825 464 1907 aliique
480 1824 600 1889 demini
616 1824 755 1890 fontium
778 1823 917 1908 petrolei
939 1845 1019 1906 erga
1042 1824 1209 1907 operarios
1232 1845 1319 1889 snos.
1360 1824 1449 1890 Nam
1471 1832 1502 1890 ut

181 1915 362 1998 petroleum
386 1913 606 1979 condicionem
631 1913 741 1979 usibus
765 1913 915 1978 humanis
937 1912 1086 1996 proxime
1109 1913 1359 1979 convenientem
1382 1913 1499 1988 induat,

181 2023 281 2087 opera
296 2003 473 2069 multorum
489 2024 570 2086 opus
587 2007 647 2081 est,
672 2002 737 2084 qui,
762 2001 790 2066 si
806 2001 888 2067 adeo
904 2023 1059 2084 magnum
1075 2005 1126 2067 est
1149 2001 1275 2067 lucrum
1291 2002 1500 2080 dominomm,

181 2092 281 2158 etiam
305 2092 355 2157 ius
377 2091 501 2158 habent
524 2092 565 2157 ad
582 2092 764 2157 mercedem
779 2094 918 2169 tantam,
943 2113 1008 2173 qua
1028 2092 1184 2157 commode
1207 2111 1243 2156 se
1259 2112 1405 2174 suosque
1421 2092 1501 2158 alere

181 2186 215 2247 et
244 2181 406 2248 sustinere
436 2182 572 2265 possint.
620 2180 709 2257 Quae
739 2200 864 2244 merces
894 2180 957 2245 nisi
986 2181 1019 2244 in
1046 2179 1229 2246 huiusmodi
1253 2180 1501 2248 circumstantiis

181 2271 337 2349 solvatur,
363 2291 444 2352 erga
467 2270 634 2355 operarios
657 2268 873 2336 committitur
895 2268 1065 2335 iniustitia.

269 2368 308 2434 R.
334 2370 365 2434 3.
410 2368 547 2451 Insuper
569 2366 640 2432 fieri
668 2370 795 2451 potest,
827 2370 864 2432 ut
894 2370 991 2432 aucto
1015 2365 1121 2450 pretio
1144 2387 1187 2432 ex
1209 2367 1281 2432 sola
1303 2388 1347 2432 ea
1369 2368 1500 2442 ratione,

181 2460 218 2521 ut
247 2461 432 2538 augeantur
461 2456 632 2521 immodice
664 2455 762 2521 annui
792 2455 936 2532 reditus,
970 2455 1194 2522 committatur
1223 2455 1327 2521 laesio
1359 2456 1501 2523 caritatis

181 2566 261 2627 erga
277 2549 450 2628 emptores.
492 2545 632 2626 Aliquod
649 2545 733 2610 enim
750 2543 900 2622 medium,
926 2566 988 2626 quo
1005 2545 1191 2611 necessaria
1214 2544 1272 2609 lux
1288 2549 1500 2629 comparetur,

182 2634 223 2699 ad
247 2634 406 2699 humanos
429 2655 507 2699 usus
530 2635 630 2700 etiam
646 2633 843 2717 pauperibus
859 2634 956 2717 plane
975 2633 1177 2699 necessarios
1192 2633 1348 2717 pertinet.
1388 2634 1500 2712 Quodsi

181 2722 284 2804 igitur
307 2723 373 2789 alia
395 2723 502 2788 media
525 2726 692 2805 nequeunt
715 2723 777 2787 nisi
801 2723 900 2789 etiam
925 2724 1051 2787 cariore
1073 2722 1179 2806 pretio
1203 2723 1403 2806 comparari,
1429 2745 1501 2805 aug·

181 2813 338 2877 mentatio
369 2812 465 2895 pretii
496 2812 583 2879 ultra
611 2813 691 2877 illud
715 2814 800 2893 quod
831 2816 865 2877 et
888 2812 1025 2877 dominis
1056 2818 1090 2877 et
1120 2810 1279 2895 operariis
1310 2813 1500 2879 conveniens

181 2902 305 2966 lucrum
329 2905 479 2984 praestat
502 2905 601 2984 atque
625 2923 663 2965 eo
693 2922 794 2983 usque
824 2901 857 2965 in
889 2922 948 2965 usu
979 2905 1067 2979 erat,
1098 2905 1209 2983 potest
1232 2900 1410 2968 caritatem
1434 2923 1500 2985 gra·

181 2991 268 3056 viter
290 2990 421 3055 laedere
445 2990 491 3069 (S.
517 2990 632 3073 Alph.
657 2990 720 3067 lll,
747 2990 841 3071 817),
873 2995 973 3072 atque
997 3011 1113 3073 reapse
1137 2990 1184 3055 ita
1208 2990 1327 3067 laedit,
1359 2991 1405 3071 si,
1434 3013 1499 3057 con·

181 3079 336 3145 ventione
359 3079 416 3144 illa
439 3101 503 3144 non
527 3080 633 3157 facta,
665 3100 718 3143 res
742 3079 838 3144 vilius
862 3080 1069 3145 venderetur.
1115 3078 1289 3144 Difficilius
1313 3086 1448 3148 constat
1468 3080 1500 3146 de

181 3169 335 3242 laesione,
360 3169 488 3249 quando
513 3168 623 3251 agitur
646 3169 686 3233 de
710 3168 871 3233 rebusad
896 3169 1008 3232 luxum
1032 3167 1121 3235 vitae
1145 3169 1384 3252 spectantibus.

431 3394 639 3460 OPERARll
664 3395 909 3471 EORUMQUE
934 3394 1180 3460 CONDUCTIO
1206 3394 1257 3476 (l).

740 3532 850 3599 Casus.
879 3542 954 3609 (278)

273 3656 415 3726 Catilina,
444 3657 662 3716 socialistarum
683 3656 757 3714 ideis
779 3658 935 3732 abreptus,
965 3658 1043 3715 inter
1064 3658 1215 3733 operarios
1239 3658 1360 3718 sodales
1383 3661 1502 3735 agitatur

185 3737 304 3795 exsistit
325 3756 432 3810 eosque
454 3737 489 3794 ad
512 3737 739 3795 conventionem
760 3737 885 3807 excitat,
914 3743 946 3794 ut
968 3739 1167 3796 elaborando
1189 3738 1353 3811 desistant,
1383 3742 1443 3800 nisi
1463 3741 1502 3798 do·
1542 3740 1543 3745 ’

185 3818 254 3874 mini
276 3818 450 3886 mercedem,
473 3837 547 3891 quae
561 3818 611 3875 vix
634 3817 765 3875 sufficiat
786 3818 822 3874 ad
844 3819 978 3875 alendam
994 3818 1144 3888 familiam,
1168 3825 1307 3893 augeant.
1346 3819 1432 3889 Quod
1448 3840 1502 3880 cum

185 3897 294 3954 domini
322 3897 432 3966 nolint,
462 3897 572 3955 Marius
602 3898 662 3955 fere
691 3897 801 3955 invitus
831 3898 959 3970 cogitur,
989 3903 1021 3955 ut
1049 3898 1224 3957 feriantibus
1253 3919 1285 3958 se
1308 3900 1456 3977 adiungat
1481 3908 1502 3958 et

187 3983 362 4052 cooperetur
388 3977 419 4033 in
449 3978 641 4035 excludendis
669 3977 706 4034 iis
735 3977 892 4051 operariiS,
921 3997 994 4052 quos
1017 3979 1124 4036 domini
1154 3979 1271 4037 aliunde
1298 3980 1502 4040 invitaverant.

185 4059 331 4115 Diuturna
354 4057 507 4115 feriatione
530 4079 566 4114 ex
589 4057 731 4133 operariis
753 4057 811 4115 illis
827 4058 975 4116 desidibus
998 4059 1163 4133 complures
1185 4059 1221 4116 ad
1243 4060 1347 4120 varios
1370 4081 1502 4121 excessus

185 4138 408 4197 committendos
430 4138 638 4213 perducuntur,
664 4144 752 4213 atque
772 4139 910 4195 mercium
926 4139 1161 4210 necessariarum
1176 4139 1234 4197 iam
1250 4142 1381 4200 sentitur
1395 4144 1502 4218 publica

185 4218 307 4294 penuria
329 4238 394 4276 cum
417 4218 562 4276 communi
585 4220 689 4275 damno
712 4218 786 4275 satis
808 4238 929 4293 magno:
960 4239 1015 4293 quo
1036 4220 1154 4276 tandem
1177 4220 1322 4291 eflicitur,
1348 4229 1382 4281 ut
1405 4221 1501 4281 domini

185 4299 281 4356 eoacti
302 4300 464 4356 mercedem
488 4306 574 4355 sexta
596 4304 680 4372 parte
703 4304 839 4372 augeant.

186 4395 361 4464 Quanmrus
384 4399 412 4454 1⁰
439 4397 566 4453 liceatne
589 4396 631 4452 sic
654 4396 796 4453 desistere
819 4416 836 4453 a
858 4397 957 4454 labore
980 4416 1017 4454 ex
1040 4397 1182 4454 condicto.

383 4487 412 4542 2⁰
439 4486 624 4559 quandonam
639 4484 692 4541 tali
707 4486 813 4558 agendi
828 4486 911 4545 modo
928 4486 1127 4543 committatur
1138 4485 1295 4557 iniustitia,
1312 4490 1430 4563 quando
1444 4505 1499 4545 non.

384 4577 413 4631 3⁰
438 4574 504 4648 quid
529 4574 729 4631 confessarius
751 4574 881 4632 iudicare
898 4576 1010 4637 debeat.
1034 4575 1060 4632 si
1075 4575 1187 4632 Marius
1202 4575 1251 4632 vel
1267 4576 1399 4637 Catilina
1414 4575 1498 4654 paeni·

439 4654 550 4711 tentiae
572 4654 711 4712 tribunali
733 4674 764 4712 se
787 4655 904 4714 sistant.
