3106 5168
482 287 681 341 lursmantum:
700 285 760 341 eius
778 283 921 352 obligatio,
935 283 1028 340 laesio.
1355 290 1417 353 119

87 459 241 526 nimirum
274 460 307 543 1)
331 482 385 527 res
408 467 537 529 asserta
559 461 604 529 sit
626 485 702 528 veru
724 482 783 527 seu
806 462 969 528 habeatur
991 466 1082 527 certo
1105 481 1165 544 pro
1188 480 1285 538 vera;
1317 461 1351 544 2)
1381 464 1419 527 ut

88 549 309 616 iuramentum
332 552 393 618 fiat
416 572 489 616 cum
512 550 631 616 iudicio
653 555 784 617 maturo
807 571 872 616 non
887 549 1007 616 leviter
1029 553 1064 616 et
1086 548 1336 628 inconsiderate,
1360 551 1418 616 ad·

89 658 193 721 eoque
217 661 377 705 excausa
400 643 480 706 satia
500 643 615 726 φανὴ·
636 638 670 721 3)
694 644 731 706 ut
747 642 806 707 fiat
829 643 865 706 io
888 662 923 705 re
946 642 1031 704 iusta
1056 646 1082 705 et
1105 641 1245 724 honesto,
1269 660 1353 705 neve
1375 639 1420 706 sit

89 727 293 794 confirmatio
317 729 368 793 vel
394 728 560 795 vinculum
581 727 765 812 iniquitatis
788 750 847 795 seu
870 727 1009 812 peccati.

181 832 220 899 R.
238 835 269 899 2.
308 832 466 900 Defectus
488 836 640 918 audatia,
664 855 761 917 quem
780 833 853 918 quis
875 833 982 899 sciens
1005 831 1192 911 committit,
1216 853 1346 917 semper
1369 837 1420 899 est

87 924 261 1006 peccatum
290 922 448 1001 mortale,
479 923 556 1005 quia
579 925 648 989 Deo
672 923 808 990 valde
799 921 989 989 rniuriosum
1020 926 1072 988 est
1101 927 1270 1005 tamquam
1299 925 1419 989 testem

88 1010 251 1076 mendacii
274 1010 375 1077 etiam
399 1011 555 1078 levissimi
578 1011 698 1079 induci.

179 1107 337 1174 Defectus
360 1111 475 1176 iudicii
503 1130 561 1175 seu
584 1109 694 1175 iurare
723 1110 756 1174 in
784 1130 821 1174 re
843 1108 984 1186 leviore,
1015 1130 1113 1191 quam
1135 1129 1197 1192 par
1219 1113 1287 1186 est,
1318 1128 1361 1173 ex
1384 1129 1420 1175 se

88 1198 232 1263 mortale
260 1203 433 1281 peccatum
455 1219 521 1264 non
545 1203 612 1278 est,
643 1199 706 1264 nisi
729 1199 929 1281 adiungatur
950 1197 1131 1282 periculum
1153 1196 1336 1281 peierandi;
1368 1201 1421 1263 est

90 1290 203 1352 autem
219 1291 390 1371 peceatum
407 1287 546 1367 veniale,
571 1287 649 1370 quia
672 1288 818 1355 continet
840 1287 990 1353 inutilem
1013 1291 1047 1353 et
1062 1307 1184 1352 vanum
1208 1307 1301 1352 usum
1324 1307 1419 1353 sanc·

89 1375 208 1442 tissimi
232 1375 371 1441 nominis
395 1381 429 1444 et
452 1376 662 1444 auctoritatis
685 1377 826 1444 divinae.

179 1472 338 1539 Defectus
369 1477 529 1557 iustitiae,
562 1473 589 1539 si
620 1474 745 1540 veritas
777 1495 842 1540 non
873 1473 1000 1551 deficit,
1034 1473 1217 1556 generatim
1248 1472 1282 1538 in
1312 1493 1420 1539 asser·

88 1561 176 1629 torio
214 1562 396 1629 iuramento
435 1566 606 1647 peccatum
643 1564 783 1630 mortale
822 1568 880 1630 aut
914 1563 1043 1629 veniale
1078 1567 1148 1640 est,
1188 1567 1286 1646 prout
1319 1583 1420 1629 causa

88 1650 335 1735 peccaminosa,
368 1651 401 1717 in
432 1673 497 1735 qua
529 1652 718 1731 adhibetur,
751 1652 937 1719 mortaliter
967 1656 1026 1719 aut
1055 1651 1230 1718 venialiter
1259 1650 1420 1735 peccami-

90 1761 173 1806 nosa
198 1744 259 1807 est.

183 1837 236 1903 Sic
259 1837 378 1904 secreti
402 1838 503 1904 laesio
526 1838 710 1904 iuramento
734 1839 927 1905 confirmata
950 1838 1096 1905 continet
1122 1842 1257 1921 praeter
1280 1840 1421 1904 insidiae

89 1925 269 1993 laesionem
300 1927 459 1993 malitiam
489 1928 617 1994 ratione
646 1927 822 1994 iuramenti
853 1927 1043 2010 (laesionem
1074 1925 1251 2012 relipionis)
1282 1947 1420 2010 gravem

89 2020 150 2082 aut
172 2016 290 2095 levem,
314 2020 413 2100 prout
434 2017 581 2085 iustitiae
604 2016 706 2083 laesio
729 2016 763 2082 in
785 2017 847 2082 hoc
870 2039 948 2084 casu
971 2015 1084 2100 gravis
1108 2021 1166 2082 aut
1189 2015 1271 2081 levis
1295 2020 1356 2083 est.
1375 2055 1420 2064 —

89 2107 140 2171 De
156 2110 268 2172 cetero
292 2106 379 2171 circa
401 2107 486 2172 hanc
509 2127 578 2171 rern
602 2106 748 2171 nonnihil
764 2110 1011 2172 controversam
1034 2106 1075 2171 cf.
1101 2106 1272 2184 Suarez,
1296 2106 1418 2172 Daret.

89 2199 132 2261 tr.
159 2196 197 2272 5,
222 2195 241 2260 l.
269 2198 306 2273 3,
331 2216 358 2260 c.
386 2198 443 2273 12,
468 2217 499 2261 n.
526 2198 607 2275 728,
633 2199 667 2262 et
690 2216 744 2274 ea,
768 2215 853 2278 quae
875 2194 909 2260 in
932 2194 1081 2279 proximo
1105 2215 1183 2260 casu
1207 2193 1357 2261 dicentur
1379 2194 1420 2260 de

89 2284 279 2350 iuramento
300 2283 521 2368 promissorio

181 2399 235 2463 An
258 2419 449 2475 anausmmr
474 2402 513 2464 3¹³
536 2398 574 2464 R.
602 2401 631 2465 1.
677 2399 788 2465 Verba
817 2399 875 2466 illa
909 2420 986 2483 ,per
1012 2397 1154 2465 animam
1184 2402 1308 2465 meam“
1343 2403 1481 2466 sunt285

89 2489 194 2554 verba
216 2487 391 2568 iuratoria,
416 2488 492 2570 quia
514 2487 547 2552 in
571 2487 680 2554 anima
704 2488 746 2554 ad
768 2489 941 2554 fruendum
963 2488 1034 2553 Deo
1058 2492 1171 2555 creata
1196 2508 1296 2572 opera
1319 2486 1420 2552 divini

90 2576 219 2642 consilii
242 2577 375 2659 eiusque
399 2577 592 2644 attributa
582 2577 742 2661 rmprirnis
764 2578 983 2644 relucent-
1005 2576 1095 2642 Idem
1112 2576 1282 2643 dicendum
1305 2579 1357 2642 est
1342 2576 1420 2642 tde

90 2666 202 2732 verbis
231 2665 418 2750 ,perfidem
436 2669 577 2745 meam“,
602 2666 629 2730 si
652 2667 817 2750 intellegit
833 2667 929 2733 Caius
951 2667 1047 2731 fidem
1064 2688 1188 2744 veram,
1213 2665 1418 2742 catholicam,

89 2759 251 2838 quaeest
281 2754 529 2821 fundamentum
553 2755 657 2821 omnis
683 2755 939 2832 iustificationis;
970 2756 1101 2822 sivero
1131 2756 1315 2840 exprimere
1339 2754 1420 2820 velit

91 2845 210 2924 ,fidem
226 2865 323 2927 quam
347 2844 418 2928 ipse
441 2849 624 2911 mereatur“
653 2865 711 2910 seu
735 2846 977 2923 ,fidelitatem“,
1003 2845 1082 2910 nihil
1105 2845 1193 2912 inest
1214 2844 1364 2912 iuratorii
1385 2844 1418 2908 in

87 2934 156 3000 ista
179 2933 372 3000 assertione.

180 3031 292 3096 Verba
314 3030 372 3096 illa
400 3051 516 3112 ,quam
539 3051 618 3096 vere
641 3033 730 3097 Deus
757 3031 907 3098 exsisth‘
942 3035 1019 3098 sunt
1048 3030 1264 3114 exaggeratio
1288 3029 1418 3113 quidem
1478 3100 1480 3104 ,

87 3120 122 3186 in
145 3141 183 3186 se
205 3119 337 3197 illicita,
368 3119 584 3186 iuramentum
615 3141 681 3185 non
703 3124 796 3198 sunt,
828 3120 903 3203 quia
932 3120 1175 3187 invocationem
1205 3121 1345 3198 nullam,
1377 3139 1418 3184 ne

88 3209 248 3294 implicite
271 3208 418 3291 quidem,
443 3209 621 3275 continent.
668 3211 751 3275 Esse
773 3210 806 3275 in
831 3230 867 3274 se
889 3209 1039 3275 illicitam
1062 3209 1352 3292 exaggerationem
1376 3229 1419 3273 ex

89 3320 129 3365 eo
161 3302 272 3382 patet,
305 3299 392 3381 quod
421 3299 511 3363 Deus
543 3298 677 3381 eiusque
708 3297 904 3365 exsistentia
935 3298 980 3364 sit
1009 3299 1134 3364 veritas
1166 3297 1352 3364 necessaria
1384 3302 1419 3363 et

89 3386 287 3465 essentialis,
312 3407 384 3453 oum
408 3408 462 3452 res
484 3386 571 3466 illae,
595 3409 678 3469 quas
701 3388 797 3454 Caius
820 3388 1006 3453 asserit-
1029 3388 1063 3453 id
1086 3389 1172 3470 quod
1195 3388 1247 3454 hic
1270 3387 1340 3453 iure
1363 3407 1418 3451 su·

88 3497 179 3542 mere
209 3496 382 3559 possumus
411 3513 455 3524 —
487 3476 553 3542 sint
582 3477 743 3544 veritates
774 3476 1012 3559 contingentes.
1065 3478 1225 3544 Attamen
1257 3476 1300 3543 ad
1331 3476 1417 3542 hauc

89 3566 326 3648 aequalitatem
342 3566 395 3630 vel
412 3565 679 3648 inaequalitatem
696 3566 853 3643 homines,
878 3565 906 3631 si
921 3567 1002 3632 haec
1024 3566 1205 3650 proferunt,
1229 3587 1295 3631 non
1310 3566 1419 3632 solent

89 3655 281 3721 attendere:
309 3654 358 3720 ita
380 3657 418 3720 ut
440 3655 712 3738 peccaminositas
735 3654 805 3720 fere
828 3654 1004 3720 reducatur
1028 3655 1070 3721 ad
1093 3655 1264 3722 levitatem
1288 3675 1417 3732 causae,

88 3765 132 3810 ex
155 3765 221 3827 qua
243 3745 333 3810 Deus
356 3743 545 3821 inducatur,
570 3765 629 3809 seu
652 3743 693 3810 ad
718 3765 837 3810 vanam
862 3744 1001 3809 nominis
1024 3744 1084 3810 Dei
1107 3745 1365 3822 invocationem,
1390 3743 1418 3810 si

87 3834 186 3900 modo
217 3854 270 3899 res
300 3836 429 3899 asserta
451 3854 532 3899 vera
555 3838 615 3900 est.
662 3833 749 3899 Nam
778 3833 808 3898 si
836 3833 1039 3899 mendacium
1070 3833 1201 3915 aliquod
1230 3834 1292 3899 hoc
1322 3832 1417 3899 modo

88 3924 318 3989 confirmatur:
341 3921 375 3987 id
398 3921 544 3988 homines
561 3923 776 3988 communiter
798 3944 857 4007 pro
873 3921 1016 4006 periurio
1037 3922 1171 4001 habent,
1196 3927 1230 3990 et
1253 3924 1418 3989 subiectior

87 4014 173 4078 tunc
195 4011 356 4078 malitiam
380 4011 598 4089 committunt,
625 4012 676 4077 vel
693 4012 793 4078 etiam
817 4011 1064 4096 blasphemiam,
1088 4011 1188 4095 siqui
1211 4033 1304 4078 suarn
1327 4012 1418 4077 locu·

87 4101 214 4169 tionem
236 4101 426 4167 mendacem
450 4122 522 4166 cum
547 4101 690 4167 veritate
714 4102 863 4166 revelata
885 4122 943 4167 seu
967 4100 1078 4181 divina
1101 4100 1264 4168 locutione
1295 4104 1329 4166 et
1359 4121 1418 4166 ex·

87 4189 243 4258 sistentia
259 4194 472 4274 componant:
502 4192 557 4257 lh.
575 4213 615 4257 m.
633 4191 657 4267 I,
675 4193 750 4256 408.
790 4189 913 4255 Verum
936 4191 969 4255 in
989 4190 1052 4257 hae
1075 4212 1111 4255 re
1128 4189 1306 4256 dedocendi
1329 4192 1416 4255 sunt.

178 4288 291 4354 Verba
313 4288 371 4354 illa
391 4289 497 4366 ,Deus
521 4308 572 4352 me
595 4287 721 4371 puniat,
746 4287 809 4352 nisi
832 4309 944 4353 verum
969 4287 1031 4354 sit“
1059 4287 1181 4355 directe
1205 4291 1239 4352 et
1262 4286 1417 4370 explicite
1426 4298 1479 4353 236

87 4376 247 4443 invocant
262 4376 366 4443 Deum
390 4377 423 4441 in
444 4376 605 4441 vindicem
628 4376 806 4454 mendacii;
831 4377 1046 4442 communiter
1068 4380 1179 4443 tamen
1203 4375 1354 4440 dicuntur
1377 4395 1417 4440 ea

88 4467 287 4543 intentione,
319 4472 356 4533 ut
379 4467 468 4531 Deus
498 4465 657 4531 indirecte
687 4465 776 4549 prius
806 4465 978 4531 invocetur
1008 4470 1045 4532 ut
1074 4465 1170 4532 testis
1200 4462 1352 4528 veritatis
1382 4467 1416 4528 et

88 4559 328 4639 cousequenter
359 4560 396 4622 ut
428 4554 549 4621 vindex
581 4554 731 4638 periurii,
764 4554 813 4622 ita
846 4559 882 4621 ut
914 4554 1075 4620 habeatur
1106 4555 1324 4618 iuramentum
1357 4571 1416 4615 ex·

88 4643 313 4713 sacratarium.
