3106 5168
576 280 617 335 De
634 280 731 349 regula
748 284 859 336 actuum
876 279 1063 337 humanorum.

494 480 784 549 PRIVILEGIUM
807 481 999 560 EIUSQUE
1022 482 1142 551 USUS.

721 638 832 706 casus.
859 645 918 714 (36)

247 782 272 840 1.
294 781 463 840 Dorotheus
484 781 634 851 sacerdos,
656 785 756 840 aetate
777 784 807 837 et
827 777 999 839 infirmitate
1020 781 1144 852 fractus,
1166 779 1354 858 privilegium
1374 782 1487 859 accipit

156 858 283 919 habendi
297 861 420 920 oratorii
440 860 559 938 privati,
580 861 682 938 inquo
696 859 792 939 possit
806 860 965 920 celebrare.
998 861 1109 920 Verum
1129 880 1183 938 per
1197 880 1292 920 annos
1306 861 1420 921 nullum
1435 881 1485 921 ex·

156 940 267 999 struxit
292 945 382 1018 atque
408 941 452 1001 ita
479 941 649 1018 plerumque
677 941 766 1001 etiem
788 939 891 998 diebus
912 939 1066 1001 dominicis
1092 945 1122 1000 et
1147 941 1234 1000 festis
1256 945 1320 1000 tum
1340 940 1486 1001 dicendae

155 1024 219 1078 tum
239 1020 403 1080 audiendae
423 1021 537 1082 Missae
558 1022 667 1093 defuit;
694 1022 814 1081 tandem
835 1021 977 1079 sacellum
998 1020 1114 1097 quidem
1136 1021 1319 1093 construxit,
1342 1021 1395 1081 sed
1417 1041 1485 1082 cum

155 1100 261 1159 leviter
275 1105 413 1176 aegrotat
432 1102 476 1160 ita
497 1106 531 1161 ut
544 1102 628 1162 domo
650 1102 733 1160 exire
753 1104 891 1176 nequeat,
913 1099 1036 1161 Sacrum
1051 1101 1202 1161 celebrare
1217 1101 1306 1162 etiam
1325 1101 1358 1161 in
1372 1103 1484 1163 sacello

155 1181 262 1252 renuit,
284 1182 360 1258 quod
381 1181 538 1258 privilegio
559 1182 661 1242 utendi
681 1202 741 1240 non
762 1180 803 1240 sit
823 1178 974 1255 obligatio.

244 1262 271 1320 2.
309 1261 450 1321 Similiter
476 1260 616 1322 Claudius
650 1261 807 1339 religiosus
840 1260 1036 1321 ratiocinatur
1065 1282 1098 1321 se
1126 1261 1270 1322 audiendo
1296 1261 1422 1322 Missam
1452 1263 1484 1322 in

154 1341 264 1399 sacello
293 1340 453 1401 domestico
482 1348 646 1402 conventus
676 1362 736 1402 non
766 1339 942 1402 satisfacere
971 1348 1131 1420 praecepto
1158 1342 1314 1401 Ecclesiae
1341 1341 1400 1401 nisi
1430 1362 1485 1420 per

154 1419 349 1496 privilegium.
392 1423 455 1493 Quo
484 1423 528 1481 uti
555 1442 615 1482 non
642 1424 722 1494 vult;
753 1423 838 1481 domo
859 1422 941 1481 exire
968 1423 1102 1499 superior
1122 1427 1261 1498 rogatus,
1289 1422 1339 1499 qui
1361 1441 1482 1482 causam

154 1500 259 1572 nescit,
281 1501 398 1560 minime
420 1502 578 1579 permittit:
601 1522 691 1578 quare
712 1502 851 1562 Claudius
872 1503 984 1562 Missae
1004 1523 1064 1562 non
1085 1502 1209 1562 assistit.
1243 1503 1363 1573 Postea,
1385 1522 1483 1563 sacer·

156 1581 209 1639 dos
230 1581 329 1640 factus
350 1586 381 1640 et
401 1583 635 1642 confessionibus
657 1583 839 1660 excipiendis
867 1583 1017 1654 addictus,
1045 1584 1210 1643 duellantes
1231 1587 1262 1642 et
1281 1584 1483 1643 francomura·

155 1660 216 1798 niop
236 1661 423 1801 patenitenpes
451 1682 509 1722 non
531 1663 676 1734 absolvit,
704 1682 878 1739 quamquam
905 1668 1055 1741 potestate
1082 1683 1133 1723 eos
1155 1662 1328 1722 absolvendi
1350 1663 1483 1739 legitime

155 1759 395 1802 mmmm

156 1843 332 1915 Qusnmrnn
355 1849 384 1904 1⁰
408 1847 542 1923 possitne
564 1848 670 1924 aliquis
691 1868 744 1925 pro
765 1849 851 1908 libitu
871 1849 1027 1926 privilegio
1049 1848 1092 1908 uti
1113 1848 1178 1907 sive
1198 1847 1380 1909 renuntiare.

354 1937 384 1993 2⁰
409 1936 477 2013 quid
499 1936 535 1995 de
556 1938 676 1997 casibus
696 1938 856 2014 propositis
877 1938 1031 1998 dicendum
1052 1937 1101 1998 sit.

751 2120 886 2188 solutio.

94 2271 144 2326 128
245 2259 297 2323 dn
315 2279 508 2334 cuausrnun
534 2263 571 2325 1⁸¹
593 2260 633 2326 R.
656 2262 683 2326 1.
723 2260 841 2327 Perse
860 2260 1021 2343 loquendo
1039 2259 1223 2343 generatim
1239 2280 1333 2325 nemo
1350 2264 1484 2329 tenetur

155 2346 203 2413 uti
226 2347 398 2431 privilegio
421 2370 491 2427 suo,
515 2348 591 2431 quia
614 2349 823 2433 privilegium
845 2349 942 2415 favor
965 2354 1025 2428 cst,
1050 2370 1115 2415 non
1138 2370 1229 2416 onus.
1268 2350 1321 2416 Ita
1342 2350 1482 2432 quidem,

155 2435 184 2501 si
207 2441 259 2503 est
281 2439 453 2520 personale
469 2438 692 2523 privilegium;
716 2460 792 2505 narn
816 2439 844 2504 si
868 2460 933 2504 non
952 2459 1111 2522 personae
1126 2438 1287 2522 privatae,
1311 2439 1371 2504 sed
1394 2461 1482 2505 corn-

155 2525 318 2604 munitsti,
343 2527 457 2607 ordini,
482 2527 585 2595 statui
601 2527 732 2610 aliquod
748 2527 955 2612 privilegium
971 2528 1084 2594 datum
1106 2530 1167 2604 est,
1191 2525 1329 2610 singulis
1344 2527 1484 2595 liberum

156 2636 220 2679 non
243 2618 296 2680 est
318 2615 348 2680 ei
370 2617 576 2693 renuntiare;
601 2617 694 2700 proin
717 2618 788 2683 fieri
811 2622 930 2703 potest,
955 2621 993 2682 ut
1015 2638 1054 2683 eo
1078 2617 1126 2684 uti
1150 2617 1293 2683 debcant.

244 2720 283 2784 R.
304 2722 334 2786 2.
373 2721 437 2786 Per
461 2721 611 2787 accidens
635 2722 733 2788 etiarn
757 2723 828 2788 fieri
850 2728 971 2807 potest,
995 2726 1033 2788 ut
1056 2722 1212 2805 obligatio
1236 2722 1348 2805 aliqua
1369 2724 1483 2791 utendi

155 2808 326 2897 privilegio
343 2810 477 2889 oriatur,
501 2810 627 2877 scilicet
649 2811 686 2889 si,
712 2817 903 2879 occurrente
919 2832 1028 2891 causa,
1052 2812 1174 2878 caritas
1191 2832 1271 2895 erga
1285 2812 1482 2896 proximum,

156 2899 259 2963 honor
282 2898 412 2964 divinus
435 2905 497 2966 etc.
522 2921 616 2966 usum
640 2900 785 2983 exigant.
847 2973 849 2976 ,

95 3027 145 3081 129
245 3014 297 3078 An
321 3036 512 3091 cunnsrruu
537 3019 575 3080 2ΓΠ
599 3014 639 3082 n.
663 3019 690 3082 1.
730 3015 768 3081 In
791 3015 900 3099 rigore
923 3015 1109 3081 Dorotheus
1132 3036 1198 3080 non
1220 3014 1397 3082 tenebatur
1419 3015 1483 3081 eri·

154 3123 233 3185 gere
257 3104 436 3171 oratorium
459 3126 516 3170 seu
539 3104 702 3171 instruere
718 3110 832 3188 aptum
854 3106 960 3170 locum
978 3104 1086 3169 divino
1109 3108 1237 3171 tantum
1262 3104 1365 3169 cultui
1380 3105 1482 3171 desti·

154 3197 286 3270 natum;
323 3216 423 3276 quare
458 3194 487 3259 si
519 3194 648 3277 quando
680 3194 826 3276 legitime
860 3194 1035 3277 impeditus
1067 3199 1140 3259 erat
1172 3194 1261 3259 foras
1295 3192 1403 3272 exire,
1441 3195 1482 3260 ab

154 3283 353 3366 obligatione
386 3283 506 3349 Missae
539 3282 652 3348 diebus
687 3284 781 3350 festis
816 3305 873 3349 seu
906 3282 1075 3348 dominicis
1110 3288 1286 3348 excusatus
1321 3286 1404 3349 erat.
1438 3322 1483 3331 -

154 3371 276 3436 Verum
307 3372 333 3437 si
359 3372 422 3450 diu,
454 3393 656 3455 perannum
679 3374 732 3438 vel
756 3373 853 3450 ultra,
879 3373 926 3438 sic
953 3377 1026 3438 erat
1048 3371 1234 3455 impeditus,
1258 3371 1345 3437 dorni
1368 3376 1481 3438 tamen

155 3461 319 3525 celebrare
334 3465 476 3545 poterat,
502 3483 566 3527 non
589 3463 686 3547 plane
710 3463 751 3528 ad
775 3462 903 3528 libitum
926 3461 1018 3527 licuit
1036 3461 1211 3528 abstinere.
1246 3460 1482 3527 Ecclesiastica

155 3548 283 3630 quidem
307 3550 363 3614 lex
386 3571 460 3615 curn
484 3571 601 3616 revera
624 3572 687 3615 non
712 3551 831 3629 affecit,
857 3550 914 3615 sed
938 3551 1078 3633 urgebat
1107 3550 1161 3615 lex
1186 3549 1306 3627 divina,
1331 3570 1396 3633 qua
1421 3553 1482 3616 ali·

155 3641 272 3724 quoties
296 3640 460 3705 celebrare
483 3640 537 3705 vel
565 3640 683 3705 saltem
707 3640 828 3705 Missae
852 3640 1008 3706 assistere
1032 3639 1152 3705 debuit.
1199 3639 1356 3716 Quoniam
1380 3639 1482 3723 igitur

154 3726 325 3810 privilegio
355 3750 414 3794 suo
438 3729 521 3793 hanc
546 3729 689 3794 divinam
721 3729 827 3812 legem
857 3729 965 3813 potuit
994 3729 1139 3812 implere,
1169 3728 1267 3812 idque
1297 3728 1368 3793 sine
1398 3728 1480 3794 adeo

154 3837 275 3899 magna
298 3816 500 3896 difficultate,
525 3818 556 3883 id
581 3819 698 3885 saltem
722 3818 906 3884 faciendum
930 3824 1012 3886 crat.
1533 3823 1535 3827 ’

93 3935 145 3991 130
242 3923 281 3989 R.
307 3927 337 3989 2.
384 3924 562 3988 Exstructo
586 3924 716 4000 sacello,
743 3922 871 3987 facilius
895 3922 1024 4005 quidem
1047 3923 1223 3989 tenebatur
1246 3921 1360 3986 diebus
1383 3942 1481 4005 prae·

153 4012 258 4095 ceptis
281 4012 458 4088 celebrare,
491 4012 520 4078 si
543 4012 659 4096 potuit,
683 4013 731 4079 ita
755 4016 792 4079 ut
815 4013 932 4077 saltem
956 4033 1020 4077 non
1043 4017 1156 4097 posset
1177 4009 1382 4092 frequentius
1406 4012 1481 4076 abs·

152 4101 267 4167 tinere.
315 4101 477 4168 Videlicet
506 4101 664 4167 dissident
696 4101 822 4184 quidem
858 4101 920 4167 hac
954 4101 987 4166 in
1022 4123 1058 4167 re
1090 4100 1278 4183 gravissimi
1307 4100 1480 4165 Doctores.

154 4192 216 4256 Est
238 4191 417 4256 communis
441 4191 570 4255 omnino
594 4190 769 4267 sententia,
800 4211 935 4256 neccsse
967 4212 1031 4255 non
1061 4211 1134 4256 esse
1158 4208 1320 4272 expensas
1342 4188 1481 4255 alicuius

153 4280 309 4346 momenti
331 4279 441 4345 facere
465 4281 518 4345 vel
541 4280 676 4362 gravius
699 4280 936 4345 incommodum
961 4280 1080 4354 subire,
1111 4284 1148 4345 ut
1177 4299 1236 4364 per
1259 4299 1353 4343 usum
1377 4278 1480 4362 privi-

153 4369 231 4452 legii
254 4370 309 4433 lex
332 4369 564 4448 ecclesiastica,
590 4370 672 4435 alias
695 4371 872 4436 observatu
895 4368 1114 4452 impossibilis
1139 4389 1174 4432 re
1197 4368 1270 4451 ipsa
1292 4366 1479 4450 impleatur.

153 4459 275 4523 Verum
300 4458 327 4523 si
351 4458 421 4524 sine
443 4459 647 4523 incommodo
671 4460 723 4523 vel
748 4481 820 4524 curn
844 4459 909 4524 levi
931 4459 1132 4523 incommodo
1149 4457 1339 4538 levibusque
1357 4476 1481 4540 expen-

153 4548 198 4612 sis
221 4547 291 4612 fieri
314 4548 427 4631 possit,
452 4552 489 4614 ut
512 4569 571 4631 per
587 4570 680 4613 usum
696 4547 868 4632 privilegii,
894 4569 957 4630 quc
973 4548 1074 4625 fruar,
1099 4548 1206 4628 legem
1222 4545 1480 4611 ecclesiasticam

153 4638 274 4719 possim
295 4637 439 4721 implere,
464 4658 558 4703 secus
582 4659 644 4702 non
670 4639 806 4721 possim:
832 4640 863 4704 S.
881 4638 996 4721 Alph.
1021 4635 1092 4717 (ΙΙΙ,
1113 4636 1191 4719 324)
1216 4657 1289 4701 curn
1311 4636 1480 4701 Lacroix
