3106 5168
310 274 445 329 Bonorum
463 274 631 345 privatorum
649 274 845 345 acquisitio-
864 273 1013 345 occupatio,
1033 277 1143 329 venatio.
1322 278 1385 343 297

62 473 123 537 per
138 450 436 536 expropriationem
453 472 565 517 eorum
582 450 637 535 qui
658 451 723 518 iam
746 451 925 537 possident,
949 450 1040 517 facta
1062 455 1174 517 tamen
1197 439 1388 518 1111111111-

63 540 268 626 pensatione.

153 655 207 719 Au
230 675 422 730 quansmnu
453 657 491 719 3³¹
522 655 559 720 R.
588 658 616 721 1.
662 654 798 721 Terram
829 676 902 720 esse
931 675 990 738 pro
1021 654 1185 732 omnibus,
1216 654 1248 718 id
1279 653 1450 737 aliquotas

63 765 163 810 sensu
185 763 317 820 verum,
348 743 412 809 alio
441 764 539 809 sensu
562 743 680 809 falsum
704 748 765 810 est.
813 744 975 811 Videlicet
1005 744 1123 809 falsum
1157 748 1209 809 est
1238 764 1310 808 eam
1340 744 1389 810 ita

63 854 137 898 esse
160 853 220 917 pro
236 832 393 909 omnibus,
418 837 455 899 ut
478 853 590 898 omnes
613 832 646 898 in
668 833 777 899 omnia
799 832 850 899 ius
866 838 900 899 et
919 853 1058 914 acquum
1080 832 1132 896 ius
1154 832 1307 910 habeant,
1331 845 1390 900 aut

64 923 129 1000 ita,
154 926 191 988 ut
214 921 323 988 omnia
345 921 378 986 in
403 921 564 987 communi
588 942 660 987 esse
683 923 834 1004 decana
859 922 916 987 sed
942 942 1053 987 verum
1077 926 1128 988 est
1150 942 1222 987 eam
1246 921 1295 987 ita
1317 942 1390 987 esso

63 1032 124 1096 pro
148 1010 313 1088 omuibus,
337 1014 375 1077 ut
398 1011 545 1077 omnibus
567 1011 710 1077 facultas
733 1015 899 1095 competat
921 1010 1030 1092 aliquo
1053 1010 1172 1076 saltem
1195 1010 1290 1075 modo
1314 1031 1390 1094 par·

63 1099 221 1184 ticipandi
246 1120 354 1165 rerum
371 1100 413 1164 ad
429 1100 530 1165 vitam
555 1099 823 1178 necessariarum,
847 1100 900 1164 vel
924 1099 1110 1166 immediate
1125 1120 1183 1165 eas
1206 1098 1389 1180 colligendi,

64 1189 120 1254 vol
143 1188 286 1255 mediate
308 1189 350 1254 ab
374 1188 447 1254 aliis
470 1210 528 1272 per
551 1193 766 1269 contractum,
790 1190 936 1255 laborem
960 1194 1022 1256 etc.
1047 1209 1105 1254 eas
1127 1187 1326 1270 acquirendi.

155 1295 194 1361 R.
220 1297 250 1361 2.
297 1294 456 1361 Iniustum
480 1298 532 1361 est
554 1298 678 1360 terram
702 1296 743 1361 ab
767 1295 929 1378 aliquibus
952 1295 1104 1380 occupari
1127 1295 1189 1374 ita,
1213 1301 1250 1362 ut
1272 1294 1389 1377 reliqui

65 1384 196 1449 omnino
227 1384 460 1461 excludantur,
491 1383 662 1467 quominus
692 1389 820 1469 partem
843 1385 963 1450 habere
985 1385 1113 1469 possint
1142 1405 1273 1462 eorum,
1306 1404 1391 1466 quae

64 1479 158 1539 terra
179 1471 346 1558 progignit
369 1477 404 1539 et
427 1493 511 1555 quae
534 1473 576 1538 ad
600 1473 703 1539 vitam
726 1473 914 1539 necessasia
935 1478 1028 1539 sunt:
1057 1475 1208 1555 concedo;
1234 1473 1390 1540 iniustum

64 1566 128 1637 est,
153 1562 181 1628 si
204 1562 304 1644 aliqui
329 1562 437 1627 asola
459 1561 648 1629 immediata
672 1563 876 1647 possessione
900 1563 1117 1628 excludantur
1140 1566 1293 1629 manente
1316 1582 1391 1646 pos·

65 1651 225 1717 sibilitate
248 1673 302 1717 res
324 1650 528 1717 necessarias
551 1651 593 1717 ab
616 1652 689 1718 aliis
712 1651 916 1735 acquirendi:
939 1674 1025 1737 nepo.

156 1757 194 1823 R.
220 1759 251 1823 3.
293 1755 400 1833 Quare
423 1756 523 1822 etiarn
547 1777 680 1822 necesse
704 1778 768 1822 non
792 1761 844 1823 est
866 1756 993 1839 aliquos
1015 1756 1104 1822 fame
1126 1756 1242 1840 perire.
1288 1756 1391 1822 lmmo

64 1847 97 1910 in
130 1849 282 1911 extrema
310 1846 508 1911 necessitate
538 1846 587 1910 ius
617 1846 760 1911 divinum
792 1851 826 1911 et
855 1847 1006 1911 naturale
1036 1845 1168 1912 cuilibet
1197 1845 1392 1912 facultatem

65 1934 182 2001 tribuit
211 1934 271 1999 sibi
302 1955 342 2000 ea
372 1934 536 2012 sumendi,
569 1934 668 1999 etiam
691 1935 743 2010 vi,
775 1935 801 1999 si
832 1955 966 2000 necesse
987 1934 1107 2013 inerit,
1139 1955 1224 2017 quae
1247 1935 1289 2000 ad
1318 1955 1391 2000 eam

65 2024 299 2090 necessitatem
328 2024 563 2089 sublevandam
593 2023 811 2106 requiruntur.
859 2023 930 2089 Hoc
960 2045 1057 2089 sensu
1088 2028 1166 2090 sunt
1195 2029 1229 2091 et
1257 2028 1392 2090 manent

67 2135 177 2180 omma
201 2133 393 2178 communia.

155 2219 195 2287 R.
220 2221 251 2284 4.
298 2218 332 2284 Si
362 2222 565 2302 supponatur
593 2257 638 2267 —-
667 2219 700 2283 id
728 2219 813 2302 qnod
844 2240 1020 2301 numquam
1050 2219 1177 2286 accidet
1205 2257 1250 2267 -
1280 2235 1454 2290 0111111584

66 2308 214 2384 omnino,
238 2307 369 2390 quires
393 2306 541 2390 privatas
563 2307 747 2390 possident,
772 2308 955 2374 consentire
978 2309 1011 2372 in
1039 2308 1089 2386 id,
1120 2312 1158 2374 ut
1180 2308 1261 2374 haec
1284 2307 1393 2372 omnia

66 2397 99 2461 in
124 2416 293 2462 commune
317 2396 542 2475 conferantur,
566 2399 672 2463 aalide
694 2396 784 2464 facta
808 2400 896 2463 esset
918 2398 1082 2481 possessio
1105 2397 1138 2462 in
1161 2397 1340 2473 communi3
1365 2395 1392 2460 si

66 2506 146 2551 vero
163 2485 273 2567 aliqui,
298 2485 428 2551 etiamsi
450 2507 585 2551 numero
600 2486 770 2570 pauciores
786 2486 917 2565 fuerint,
942 2486 1148 2563 dissentiant,
1172 2506 1284 2551 eorum
1308 2486 1393 2550 bona

66 2595 108 2641 ne
125 2574 233 2640 valide
250 2574 380 2656 quidem
403 2575 585 2640 communia
601 2576 672 2640 fieri
694 2580 847 2659 possunt;
872 2579 1017 2641 ceterum
1039 2596 1081 2641 11
1104 2575 1246 2641 omnium
1262 2574 1393 2657 quidem

67 2663 237 2729 consensio
260 2663 359 2729 istam
382 2661 626 2729 innovationem
650 2667 733 2730 licite
755 2664 877 2747 poterit
906 2667 1078 2748 perficere,
1109 2686 1181 2730 cum
1212 2664 1254 2729 sit
1278 2667 1393 2729 contra

68 2753 269 2835 exigentiam
286 2752 361 2817 boni
378 2752 556 2817 communis
580 2759 719 2819 naturae
736 2753 899 2820 humanae
914 2754 999 2820 sicut
1022 2775 1058 2819 re
1079 2753 1152 2838 ipsa
1167 2774 1252 2818 nunc
1268 2752 1392 2830 existit,

67 2841 368 2926 imperfectionibus
392 2841 518 2908 scilieet
541 2846 575 2907 et
599 2842 831 2926 cupiditatibus
854 2843 956 2908 variis
979 2842 1208 2909 circumdat-ae.

484 3071 682 3137 VENATIO
707 3072 975 3140 ILLEGITIMA.

622 3228 733 3293 Casus,
761 3235 837 3303 (1141

159 3361 315 3429 Silvester,
338 3366 442 3419 contra
463 3360 544 3434 leges
566 3366 709 3428 venatus,
731 3379 830 3419 secum
852 3361 910 3418 fert
930 3360 1070 3436 praedam
1092 3359 1203 3434 aliquot
1223 3358 1392 3418 animalium

70 3440 242 3500 occisorum.
278 3439 416 3499 Occurrit
430 3440 522 3503 Titus.
546 3441 593 3515 qui
608 3440 736 3498 venandi
757 3441 803 3499 ius
819 3461 837 3498 a
852 3440 1060 3500 communitate
1081 3439 1265 3498 conduxerat
1286 3445 1316 3498 et
1336 3439 1393 3498 sibi
1453 3471 1456 3476 ·

69 3522 132 3579 iure
161 3541 214 3579 suo
236 3521 375 3597 praedam
397 3521 537 3596 postulat.
580 3521 662 3592 Quod
685 3521 829 3580 Silvester
856 3520 964 3579 iustum
987 3539 1054 3579 esse
1081 3524 1188 3595 negst;
1217 3519 1269 3577 sed
1297 3538 1335 3578 ne
1361 3519 1393 3578 in

70 3601 209 3659 iudicium
229 3600 376 3670 trahatur,
397 3601 537 3677 praedam
557 3620 643 3676 quam
665 3619 765 3659 secum
786 3601 845 3659 fert
866 3600 943 3659 cedit
967 3600 1043 3669 Tito,
1065 3606 1182 3659 retenta
1203 3604 1302 3657 tamen
1324 3599 1393 3670 alia,

69 3700 157 3757 quam
171 3680 202 3740 in
216 3680 322 3739 silvam
336 3682 540 3751 absconderat,
562 3686 652 3740 noctu
667 3685 881 3757 asportaturus,
904 3685 935 3739 at
953 3681 1039 3739 simul
1054 3699 1154 3738 secum
1169 3679 1275 3738 statuit
1289 3685 1394 3739 eontra

71 3761 168 3819 Titum
193 3766 342 3836 tamquam
363 3781 401 3819 11
426 3761 536 3820 iniusta
558 3760 796 3820 damnificatione
822 3761 967 3819 occultam
993 3761 1263 3837 compensationem
1285 3761 1393 3821 facere.
1432 3759 1436 3766 '

71 3866 247 3939 Quaamrrm
269 3868 297 3924 1ο
322 3866 465 3943 quomodo
480 3872 510 3924 et
525 3885 609 3942 aquo
624 3864 794 3941 acquiratur
804 3865 962 3925 dominium
976 3865 1059 3924 ferae
1074 3866 1191 3926 occisae
1204 3866 1253 3925 vel
1266 3866 1393 3943 praedae

324 3953 437 4022 captae.

268 4036 299 4094 2ο
324 4036 447 4094 Titusne
469 4054 506 4093 an
529 4033 673 4094 Silvester
693 4034 802 4094 iniuste
824 4035 926 4111 egerit.

664 4218 800 4285 Solutio.

160 4362 213 4426 An
236 4381 426 4438 qusasrruu
460 4364 495 4425 1¹¹¹
526 4361 565 4427 R.
592 4364 620 4426 1.
666 4361 704 4425 In
734 4361 917 4426 exercenda
947 4360 1121 4427 venatione
1151 4360 1256 4425 videri
1286 4360 1455 4437 debet‚585

73 4473 149 4517 num
172 4454 367 4517 exerceatur
391 4455 506 4516 contra
529 4449 683 4515 animalia
705 4450 769 4515 iam
794 4453 884 4515 certo
911 4451 1007 4516 modo
1031 4453 1128 4533 capta
1158 4454 1193 4515 11
1222 4452 1392 4530 occupata,

73 4540 168 4606 sicuti
191 4544 409 4622 occupantur,
440 4539 569 4620 quaudo
599 4538 808 4604 includuntur
836 4538 870 4603 in
900 4545 991 4605 arcto
1022 4539 1109 4616 loco,
1140 4539 1225 4602 unde
1253 4535 1393 4602 evadere

74 4651 137 4695 non
168 4629 313 4714 possint,
347 4627 537 4712 possintque
567 4627 655 4694 facili
688 4627 819 4711 negotio
850 4627 980 4709 singula
1009 4649 1067 4710 pro
1097 4626 1232 4692 arbitrio
1263 4624 1393 4707 attingi.
