3106 5168
410 282 530 339 bellum:
550 283 639 338 Causa
658 283 799 338 almodus
817 282 882 338 belli
901 284 1020 352 gerendi.
1314 286 1377 351 269

650 470 785 538 Salutio.

144 613 198 678 Ar>
227 632 419 689 quaasrrrrr
445 617 482 679 1¹¹¹
511 614 551 679 R.
577 618 606 680 l.
653 613 780 680 Bellum
811 613 985 696 aliquando
1015 613 1104 680 licite
1134 613 1254 698 suscipi
1285 633 1380 697 posse
1390 629 1440 683 527

57 705 150 786 patet
173 722 216 766 ex
239 703 452 781 necessitate,
484 724 557 768 cum
580 702 663 769 alias
686 704 719 768 in
742 702 901 770 societate
924 703 1071 787 perfecta
1095 706 1128 769 et
1151 701 1381 786 independeuti

57 811 121 856 non
144 790 227 856 satis
242 790 409 874 provisum
426 796 514 857 esset
529 792 698 858 securitati
715 797 749 858 et
764 792 848 857 bono
865 791 1035 858 communi.
1067 791 1256 874 Requiritur
1271 797 1380 859 autem

57 880 156 946 etiam
186 879 367 947 auctoritas
389 902 541 964 suprema
565 885 599 947 et
622 881 762 947 societas
785 881 934 965 perfecta
956 902 1014 946 seu
1037 880 1274 965 independens;
1305 902 1378 946 nam

57 968 90 1034 in
114 967 187 1034 aliis
210 988 310 1034 causa
334 969 374 1035 ad
398 969 520 1036 iudices
544 969 721 1036 deferenda
745 973 844 1053 atque
868 969 1091 1054 componenda
1114 975 1181 1046 est;
1210 968 1272 1035 nisi
1296 969 1379 1035 enim

56 1057 177 1124 bellum
200 1057 245 1124 sit
265 1059 482 1124 necessarium
499 1063 599 1142 atque
615 1059 756 1124 medium
773 1059 912 1138 unicum,
936 1059 1016 1125 illud
1032 1081 1097 1125 non
1113 1059 1190 1125 licet
1206 1058 1380 1143 suscipere,

58 1145 178 1231 quippe
201 1147 287 1229 quod
311 1168 384 1212 cum
408 1147 595 1230 ingentibus
618 1148 714 1214 malis
737 1148 963 1231 coniungatur.

147 1253 186 1319 R..
213 1255 242 1319 2.
289 1252 479 1336 Requiritur
502 1259 611 1321 autem
636 1276 736 1321 causa
759 1255 872 1337 gravis
895 1258 929 1321 et
956 1253 1101 1339 publiea,
1132 1274 1216 1336 quae
1247 1273 1382 1336 propor-

57 1342 180 1408 tionem
204 1342 305 1408 habet
327 1364 401 1408 cum
423 1346 475 1410 tot
498 1343 593 1408 malis
616 1343 852 1426 permittendie.
885 1343 1075 1425 Requiritur
1098 1343 1208 1419 etiam,
1232 1346 1269 1407 ut
1285 1345 1383 1408 antee

58 1431 190 1497 ineatur
212 1431 266 1496 via
289 1432 331 1497 ed
354 1453 422 1497 rem
447 1432 579 1516 pacifice
604 1433 869 1516 componendam.
916 1434 959 1498 Et
983 1433 1134 1515 quoniam
1162 1452 1384 1513 quaecumque

59 1519 201 1586 bellandi
225 1541 325 1585 causa
348 1521 436 1587 iusta
458 1521 622 1587 referatur
645 1522 687 1587 ad
710 1521 860 1587 iniuriam
885 1521 1100 1587 ulciscendam
1125 1525 1183 1587 aut
1199 1520 1240 1586 ad
1256 1519 1384 1586 iniusti-

59 1609 142 1674 tiam
173 1609 411 1692 repellendam3
442 1610 682 1694 praemittenda
710 1615 761 1677 est
791 1610 924 1677 monitio
955 1610 1059 1695 partis
1083 1610 1259 1686 adversae;
1290 1629 1384 1691 quae,

60 1699 88 1762 si
113 1698 252 1765 desistat
274 1699 316 1764 ab
340 1699 500 1766 iniustitia
524 1703 557 1765 et
580 1704 732 1783 paratam
748 1720 783 1765 se
800 1700 933 1766 exhibet
949 1700 991 1765 ad
1007 1699 1266 1765 satisfactionem
1289 1719 1385 1781 pree·

60 1786 222 1865 standan,
247 1787 332 1853 bello
355 1787 505 1854 infestari
529 1789 651 1870 nequit.

150 1903 203 1967 An
227 1922 417 1978 quarsrrusr
442 1905 481 1966 2³⁰
504 1902 542 1968 R.
567 1906 593 1968 l.
626 1902 660 1968 Si
683 1903 794 1985 egitur
817 1903 857 1968 de
880 1902 965 1968 bello
989 1901 1168 1979 defensivo,
1193 1922 1256 1983 quo
1279 1900 1447 1985 repelet&

61 1991 150 2056 latur
172 1992 341 2072 aggressio
366 1991 470 2075 partis
494 1993 670 2069 adversae,
701 1991 823 2057 sufficit
844 1991 959 2076 plene,
990 1994 1027 2057 ut
1048 2013 1112 2056 aea
1136 1999 1251 2056 constet
1274 1990 1314 2057 de
1337 1990 1387 2054 in-

60 2079 198 2157 iustitia,
222 2101 279 2145 seu
303 2083 426 2146 utnon
450 2086 579 2147 constet
602 2081 642 2147 de
665 2081 734 2146 iure
758 2085 848 2147 certo
873 2079 1087 2164 aggressoris.
1128 2079 1216 2145 Nam
1239 2084 1308 2146 tam
1332 2078 1387 2144 diu

62 2168 173 2234 licebit
197 2189 425 2250 aggressorem
449 2170 621 2253 repellere:
646 2169 751 2252 idque,
777 2169 847 2234 sive
863 2190 970 2234 sermo
987 2172 1038 2234 est
1054 2168 1094 2235 de
1110 2168 1212 2235 milite
1235 2169 1387 2250 gregario

62 2257 132 2322 sive
156 2256 344 2322 desummo
369 2257 450 2324 duce
473 2264 507 2325 et
529 2258 686 2343 principe,
710 2258 796 2344 apud
821 2279 916 2341 quem
940 2258 985 2325 sit
1007 2259 1058 2324 ius
1080 2257 1171 2342 pacis
1195 2262 1229 2324 et
1250 2257 1337 2324 belli.

151 2362 192 2430 R.
210 2366 239 2429 2.
273 2363 306 2428 Si
329 2364 439 2446 agitur
462 2365 502 2430 de
525 2365 610 2430 bello
634 2365 801 2441 offensivo,
826 2365 957 2431 videtur
979 2363 1100 2446 requiri
1123 2362 1285 2429 certitudo
1308 2362 1388 2428 iuris

64 2473 121 2518 seu
144 2452 305 2518 certitudo
322 2452 362 2519 de
377 2453 539 2521 iniustitia
554 2474 612 2519 seu
628 2453 744 2519 iniuria
760 2454 801 2519 ab
818 2453 959 2519 adversa
974 2456 1069 2536 parte
1083 2452 1186 2531 illata,
1211 2456 1248 2517 ut
1263 2472 1387 2516 summo

64 2540 138 2606 duci
161 2561 219 2605 seu
242 2541 379 2626 principi
403 2542 504 2608 liceat
518 2543 638 2608 bellum
654 2542 805 2610 indicere.
839 2544 959 2607 Verum
976 2563 1041 2607 non
1057 2542 1175 2607 desunt
1198 2541 1252 2623 qui
1271 2544 1389 2625 putent

64 2630 225 2708 sufficere,
249 2636 287 2697 ut
310 2652 382 2697 cum
406 2652 526 2714 magna
548 2632 780 2717 probabilitate
797 2632 836 2698 de
852 2631 978 2699 iustitia
993 2652 1112 2696 causae
1128 2634 1265 2697 constet.
1298 2628 1388 2706 Quod

65 2723 140 2803 post
151 2718 275 2785 factum
289 2720 527 2787 observandum
542 2726 602 2798 est,
615 2742 656 2786 ne
669 2721 797 2788 facilius
809 2721 1004 2786 damnentur
1017 2719 1070 2803 qui
1083 2720 1203 2786 bellum
1216 2719 1388 2802 gesserint.

154 2824 194 2891 R.
219 2829 249 2891 3.
286 2824 377 2901 Quod
400 2826 440 2892 de
463 2847 589 2891 summo
613 2826 694 2891 duce
717 2826 770 2891 vel
793 2826 937 2910 principe
961 2824 1089 2904 dieitur,
1114 2827 1203 2891 valet
1227 2824 1325 2890 etiam
1350 2826 1390 2890 de

66 2913 105 2978 iis
128 2913 285 2980 militibus
311 2914 482 2996 gregariis,
507 2915 561 2997 qui
585 2923 692 3000 sponte
714 2936 751 2980 se
774 2915 875 2998 copiis
898 2914 1097 2996 adiungunt;
1122 2915 1180 2979 sed
1203 2914 1310 2996 quoad
1334 2935 1390 2980 eos

67 3002 188 3068 milites
206 3002 259 3084 qui
278 3008 448 3085 coguntur,
473 3005 493 3070 i.
511 3026 538 3071 e.
557 3005 611 3087 qui
626 3005 690 3069 iam
709 3004 860 3070 conducti
876 3007 953 3069 sunt
968 3004 1022 3069 vel
1037 3003 1115 3068 iussi
1132 3003 1389 3081 conscribuntur,

67 3092 158 3157 velet
181 3093 361 3158 sententia:
392 3093 424 3157 in
449 3093 545 3159 dubio
569 3094 747 3177 parendum
772 3115 844 3159 esse
867 3092 1043 3176 superiori,
1073 3092 1219 3175 adeoque
1241 3096 1310 3158 tam
1336 3093 1390 3157 diu

67 3180 180 3246 licebit
208 3180 273 3246 illis
303 3181 514 3264 belligerare,
546 3183 699 3265 quamdiu
725 3183 763 3247 de
787 3182 863 3247 belli
886 3182 1046 3248 iniustitia
1069 3202 1133 3245 non
1157 3184 1301 3257 constet,
1333 3202 1391 3246 seu

67 3269 221 3352 quamdiu
244 3270 284 3335 iis
307 3291 372 3335 non
395 3275 524 3338 constet
547 3293 640 3336 suum
659 3271 860 3355 superiorem
877 3290 917 3335 ne
933 3269 1015 3336 satis
1039 3269 1168 3352 quidem
1190 3269 1390 3354 probabilem

69 3379 201 3424 causam
225 3359 356 3425 babere.

159 3456 198 3522 R.
222 3458 253 3522 4.
289 3456 375 3522 Hinc
396 3461 569 3542 panareton
593 3457 705 3524 licebit
727 3456 791 3521 illis
814 3455 888 3521 ilico
912 3455 981 3521 sine
1005 3454 1238 3537 disquisitione,
1263 3456 1391 3538 quando

69 3546 236 3622 iubentur,
270 3546 303 3610 in
334 3547 452 3611 bellum
484 3547 659 3630 proficisci,
693 3546 754 3610 nisi
783 3566 903 3627 magna
934 3544 1074 3628 suspicio
1104 3548 1243 3610 iniustae
1273 3567 1391 3611 causae

69 3642 234 3721 appareat.
268 3634 388 3712 Quodsi
412 3635 496 3701 ratio
520 3636 669 3717 graviter
692 3634 874 3718 suspicandi
900 3633 1073 3718 palpabilis
1096 3633 1149 3712 sit,
1174 3639 1273 3716 atque
1296 3633 1392 3700 simul

71 3745 145 3808 spes
175 3724 317 3791 exsistat
345 3725 432 3801 fore,
463 3728 500 3790 ut
530 3725 699 3790 moderata
729 3723 936 3806 inquisitione
960 3723 1092 3787 dubium
1115 3722 1278 3800 solvatur,
1311 3724 1392 3789 haec

71 3811 222 3879 facienda
252 3818 318 3885 est;
350 3833 470 3895 neque,
501 3813 529 3878 si
559 3818 648 3880 certo
680 3812 864 3878 constiterit
894 3813 933 3877 de
959 3812 1136 3890 iniustitia,
1167 3812 1393 3895 obtemperare

70 3901 226 3968 mandato
256 3903 395 3987 amplius
424 3902 518 3980 lieet,
549 3903 667 3968 saltem
697 3902 849 3979 nonita,
880 3907 917 3968 ut
939 3900 1087 3967 hostibus
1114 3921 1217 3984 grave
1241 3901 1392 3967 damnum

70 3990 250 4056 efficaciter
271 3991 448 4056 inferatur:
473 4012 573 4073 quare
597 3998 675 4057 aera
695 3991 870 4056 verberare
893 3991 1001 4074 potius
1025 4011 1122 4072 quam
1145 3990 1272 4056 bostem
1295 3991 1393 4056 ferire

72 4080 169 4145 debet
191 4079 255 4157 ille,
281 4080 330 4145 cui
356 4081 395 4145 de
418 4079 578 4146 iniustitia
601 4101 720 4146 causae
744 4084 833 4145 certo
856 4101 1047 4164 persua-eum
1071 4084 1131 4146 est.
1165 4080 1199 4145 Si
1218 4101 1294 4144 vero
1318 4100 1393 4162 spes

71 4168 219 4234 solvendi
247 4169 334 4234 dubii
358 4191 421 4234 non
445 4174 621 4253 appareat,
653 4168 851 4251 disquirendi
875 4169 1031 4250 obligatio
1054 4189 1118 4233 non
1142 4174 1209 4245 est,
1240 4172 1274 4235 et
1297 4168 1393 4233 dubio

72 4262 224 4323 manente
253 4257 365 4325 licebit
394 4258 589 4342 belligerare
611 4298 654 4308 —
679 4258 765 4340 quod
794 4278 873 4323 sane
902 4279 961 4341 pro
992 4256 1143 4339 gregario
1173 4257 1276 4322 milite
1306 4278 1393 4321 com·

72 4347 297 4413 manissimum
321 4352 381 4414 est.

161 4461 214 4526 An
238 4482 429 4538 ousasrruu
453 4466 491 4526 3¹¹¹
515 4462 553 4528 R.
600 4461 697 4527 (laius
726 4463 836 4544 potest
863 4459 990 4525 facilius
1014 4458 1244 4523 conscientiam
1268 4459 1456 4537 sedaraettl

73 4570 170 4632 quam
194 4551 255 4616 sibi
271 4551 410 4616 videtur.
443 4551 530 4615 Nam
555 4550 587 4631 1)
612 4556 735 4616 certum
760 4571 824 4614 non
848 4552 900 4613 est
923 4570 996 4613 cum
1020 4547 1090 4612 sola
1106 4547 1184 4612 iuris
1200 4547 1395 4613 certitudine

75 4638 193 4705 bellum
217 4640 314 4705 indici
337 4661 448 4724 posse:
478 4640 511 4721 2)
535 4639 605 4724 ipse
628 4660 692 4704 non
716 4642 826 4722 potest
848 4657 960 4702 omnes
984 4657 1118 4715 causas,
1150 4657 1234 4718 quae
1257 4636 1394 4713 subsint,
