3106 5168
658 292 699 347 De
717 292 824 362 legibus
842 292 988 348 Ecclesiae.

464 485 705 554 APOSTASIA
727 486 758 551 A
783 485 925 553 STATU
949 485 1188 552 amluloso

721 625 831 693 (lasus.
859 634 935 702 (313)

257 758 389 817 Miserae
411 757 611 816 confessarius
632 757 743 834 excipit
764 759 979 817 confessionem
995 757 1144 830 Lucullae,
1167 778 1242 834 quae
1256 765 1328 837 post
1343 762 1380 820 10
1396 781 1484 820 annos

167 838 197 897 in
211 838 352 913 religiosa
366 838 594 913 congregatione
615 843 753 914 peractos
773 838 929 913 religiosae
944 840 1024 898 vitae
1046 845 1184 914 pertaesa
1197 841 1367 916 aufugerat.
1400 841 1484 901 Cuius

167 938 265 1011 amore
292 923 397 1010 captus
418 918 549 977 Misenus
571 937 636 977 cum
658 938 694 977 ea
720 919 918 995 proficiscitur
938 919 968 977 in
990 919 1127 994 Angliam
1155 920 1254 997 ibique
1276 920 1366 980 civile
1387 921 1485 980 ineunt

166 1004 421 1137 matnldlridbumrix
449 1078 568 1154 elapso,
599 1078 731 1137 Misenus
758 1080 859 1137 morbo
888 1082 1042 1155 correptus
1070 1080 1186 1156 quaerit
1215 1080 1483 1141 reconciliationem

168 1178 233 1218 oum
254 1159 318 1217 Deo
341 1163 370 1217 et
390 1157 534 1217 Ecclesia.

168 1263 343 1335 Qasr-nurus
365 1264 394 1320 1ο
419 1282 489 1320 num
510 1283 548 1320 cx
569 1282 626 1339 qua
647 1281 739 1320 causa
761 1262 1025 1322 excommunicatio
1047 1262 1087 1322 sit
1107 1263 1236 1325 incursa.

364 1353 394 1410 2⁰
420 1351 562 1427 quomodo
583 1350 715 1409 Miserias
737 1356 767 1409 et
787 1351 911 1410 Luculla
932 1351 993 1410 sint
1013 1353 1169 1412 tractandi.

760 1531 893 1598 Salutio.

90 1665 157 1721 1035
256 1659 308 1721 An
336 1677 527 1732 quarsiruu
553 1646 590 1719 1⁶
619 1657 659 1723 R.
685 1660 713 1722 1.
760 1656 870 1722 Prima
899 1657 1191 1723 excommunicatio
1221 1679 1241 1723 a
1273 1660 1305 1725 S.
1332 1660 1484 1728 Pontificc

166 1748 346 1810 ordinariis
368 1754 528 1810 reservato
551 1750 603 1812 est
626 1743 682 1825 (ex
706 1749 808 1811 const.
828 1748 937 1830 apost.
956 1747 1047 1811 Sedis
1070 1767 1132 1813 ser.
1149 1746 1207 1823 ΙΙΙ,
1232 1753 1295 1814 art.
1318 1751 1350 1831 Ι)
1374 1755 1485 1817 contra

170 1833 322 1912 ,clericos
345 1835 379 1899 in
402 1835 505 1899 sacris
529 1833 724 1901 constitutos
747 1835 800 1899 vel
822 1835 990 1916 regulares
1014 1840 1072 1902 aut
1092 1836 1250 1906 moniales
1274 1843 1353 1921 post
1376 1845 1483 1906 votum

167 1923 322 1988 sollemne
355 1923 518 1990 castitatis
552 1923 793 1990 matrimonium
826 1923 1019 1989 contrahere
1052 1930 1320 2008 praesumentes,
1363 1949 1484 1995 necnon

166 2032 278 2078 omnes
310 2034 383 2077 oum
415 2012 525 2094 aliqua
557 2033 599 2077 ex
631 2011 806 2096 praedictis
837 2012 986 2095 personis
1018 2013 1260 2080 matrimonium
1292 2018 1484 2083 contrahere

164 2104 441 2185 praesumentes.“

254 2199 292 2265 R.
319 2203 349 2266 2.
382 2199 467 2266 Utut
489 2198 625 2264 Luculla
648 2197 798 2282 peccavit
821 2203 855 2264 et
878 2199 1020 2264 fortasse
1043 2200 1416 2268 excommunicationem
1439 2204 1483 2268 in·

166 2287 268 2354 currit
297 2293 431 2373 propter
459 2289 572 2372 sapam
601 2307 659 2352 seu
688 2287 888 2371 apostasiam
913 2309 933 2353 a
956 2287 1107 2370 religioso
1135 2292 1243 2355 statu:
1278 2290 1483 2358 nihilomiuus
1512 2304 1515 2310 “

166 2397 207 2442 ex
237 2377 298 2442 bac
328 2398 388 2441 sua
417 2377 585 2461 apostasia
615 2376 730 2441 titulus
761 2397 824 2441 non
853 2376 1008 2455 habetur,
1040 2398 1097 2442 cur
1119 2398 1162 2444 ex
1188 2378 1324 2445 laudato
1348 2382 1482 2447 articulo

166 2465 408 2532 constitutionis
420 2469 527 2549 Apost.
540 2467 633 2532 Sedis
649 2464 941 2532 excommunicatio
954 2465 1149 2544 incurratur,
1166 2466 1328 2548 siquidem
1344 2474 1483 2536 eodemne

165 2560 278 2620 votum
302 2576 367 2620 non
390 2555 506 2621 emisit.

253 2652 292 2719 R.
324 2655 355 2718 3.
407 2650 498 2727 Quod
530 2656 657 2728 autern,
691 2671 755 2715 non
788 2650 940 2716 obstante
969 2672 1062 2717 sacro
1093 2653 1345 2735 presbyteratus
1376 2656 1483 2721 ordine

165 2740 345 2816 Misenatis,
370 2739 513 2804 Miserias
537 2760 608 2804 cum
625 2739 759 2804 Luculla
783 2739 1024 2805 matrimonium
1048 2742 1274 2818 attentaverit,
1299 2743 1384 2809 haec
1403 2746 1482 2811 ratio

165 2833 226 2908 est,
251 2851 308 2894 our
331 2833 365 2895 et
388 2828 530 2893 Miserae
555 2835 588 2894 et
611 2829 746 2893 Luculla
770 2829 1104 2894 excommunicatione
1127 2831 1193 2895 sint
1217 2831 1379 2900 obstricti.

88 2962 155 3017 1036
253 2943 305 3008 An
322 2964 512 3019 quaasrrnu
529 2947 568 3007 2m
583 2943 621 3007 R.
638 2947 665 3007 1.
703 2942 734 3007 Si
751 2942 904 3017 Misenus,
922 2946 1008 3008 letali
1024 2944 1134 3008 morbo
1151 2950 1333 3028 correptae,
1357 2969 1481 3012 sacrum

161 3036 399 3121 presbyteratus
423 3033 566 3097 ordinem
591 3053 655 3096 non
671 3031 816 3109 haberet,
842 3031 896 3096 via
911 3032 1038 3097 facilior
1054 3032 1265 3098 difficultates
1283 3056 1399 3101 omnes
1423 3038 1482 3102 sol·

163 3124 261 3188 vendi
290 3123 431 3188 fortasse
462 3127 550 3187 esset
579 3121 720 3185 facultas
750 3121 823 3198 illa,
854 3142 951 3202 quam
982 3121 1013 3185 in
1044 3121 1200 3186 eiusmodi
1231 3123 1482 3191 circumstantiis

165 3212 319 3277 ordinarii
341 3213 462 3277 habent
486 3215 520 3276 et
543 3210 616 3275 aliis
639 3210 862 3274 sacerdotibus
878 3210 1080 3275 committere
1103 3217 1249 3293 possunt,
1275 3213 1482 3297 dispensandi

165 3322 184 3365 a
197 3302 363 3382 quibusvis
376 3301 445 3364 fere
460 3298 658 3365 matrimonii
674 3298 911 3381 impedimentis
928 3298 997 3363 iure
1010 3300 1230 3365 ecclesiastico
1244 3301 1481 3370 dirimentibus:

164 3390 313 3471 equibus
330 3389 482 3453 videlicet
506 3388 666 3469 excipitur
682 3408 775 3452 sacer
791 3388 868 3451 ordo
885 3389 1132 3470 presbyteratus
1156 3394 1190 3453 et
1213 3389 1362 3456 affinitas
1381 3394 1482 3459 lineae

165 3484 275 3544 rectae
299 3500 341 3543 ex
364 3477 509 3560 legitimo
534 3476 739 3541 matrimonio
764 3477 908 3541 oriunda.

252 3576 290 3640 R.
317 3579 345 3641 2.
400 3575 476 3638 Dixi
511 3575 687 3652 ,fortasse“
722 3575 755 3638 in
785 3574 845 3639 tali
878 3595 955 3638 casu
986 3573 1070 3638 hanc
1101 3595 1174 3639 esse
1205 3575 1294 3640 viam
1325 3579 1481 3644 evadendi

165 3663 384 3729 difficultates
438 3664 524 3727 Nam
555 3667 681 3727 restare
712 3667 848 3745 possunt
878 3662 1089 3728 difficultates
1120 3684 1161 3727 ex
1192 3670 1287 3747 parte
1319 3666 1479 3734 Lucullae.

164 3753 255 3817 Haeo
279 3754 373 3830 enim,
398 3773 457 3835 per
480 3774 515 3816 se
539 3752 708 3834 loquendo,
734 3751 848 3833 quovis
871 3756 1017 3835 tempore
1041 3756 1172 3818 tenetur
1195 3754 1301 3819 redire
1326 3757 1368 3820 ad
1393 3779 1479 3822 suam

164 3842 461 3922 congregationem,
487 3841 576 3906 euius
600 3842 649 3905 ius
673 3841 769 3906 laesit
785 3846 819 3906 et
842 3841 943 3905 laedit
967 3841 1129 3906 continuo.
1163 3841 1384 3909 Nihilominus
1408 3868 1478 3911 con·

164 3931 323 4013 gregatio,
349 3931 388 3993 dc
412 3929 450 3992 iis
474 3950 556 4009 quae
580 3930 768 3994 acciderunt
784 3930 909 4007 edocta,
928 3930 984 3993 vix
1000 3931 1069 3993 iure
1093 3952 1151 3994 suo
1168 3932 1215 3996 uti
1239 3932 1272 3995 in
1293 3934 1403 3998 animo
1427 3936 1478 3998 ha·

164 4020 268 4091 bobia
294 4027 392 4099 atque
417 4018 515 4083 otiam
546 4022 655 4100 potest
679 4018 766 4094 fieri,
799 4025 835 4083 ut
865 4019 1003 4082 actualis
1033 4020 1122 4083 vitae
1147 4020 1290 4085 condicio
1323 4024 1408 4087 hunc
1432 4045 1476 4087 re·

164 4111 265 4175 ditum
289 4109 391 4172 faciat
413 4108 643 4190 impossibilem
668 4112 766 4188 atque
790 4107 839 4171 ius
862 4109 1125 4189 congregationis
1150 4111 1351 4191 exstinguat.
1392 4112 1475 4188 Quod

164 4220 243 4264 sane
267 4198 423 4271 eveniret,
448 4199 475 4260 si
500 4198 643 4273 Luculla,
670 4197 760 4278 prole
784 4201 950 4278 concepta,
975 4198 1089 4262 matris
1106 4197 1214 4262 officia
1237 4221 1323 4264 nunc
1348 4202 1474 4266 haberet

164 4287 324 4370 imposita,
351 4287 464 4368 quibus
488 4286 572 4349 aliae
596 4287 812 4365 obligationes
836 4286 991 4351 deberent
1014 4288 1137 4352 cedere.

253 4377 373 4440 Verum
399 4376 567 4440 etiamtum
592 4376 708 4439 saltem
726 4379 838 4438 votum
855 4375 1018 4441 castitatis
1035 4378 1192 4450 obstaret,
1218 4377 1390 4456 quominus
1402 4377 1470 4443 sim·

164 4466 292 4548 pliciter
316 4464 520 4528 niatrhnonio
546 4486 617 4527 eum
642 4464 802 4529 Misenate
833 4464 921 4544 iungi
946 4471 1066 4546 posset.
1113 4465 1332 4530 Nihilominus
1355 4468 1384 4531 si
1401 4483 1471 4538 cor.

165 4555 319 4618 lessarius
343 4554 546 4635 privilegium
572 4554 779 4634 dispensandi
802 4558 913 4617 avoto
939 4555 1101 4620 castitatis
1125 4556 1261 4633 habeat,
1286 4577 1357 4620 cum
1383 4580 1520 4624 carisa·-

164 4643 371 4725 dispeusandi
396 4665 459 4706 non
476 4643 569 4719 desit,
595 4642 835 4725 dispensatione
852 4644 958 4708 danda
982 4645 1062 4708 haec
1079 4644 1255 4710 difficultas
1278 4646 1401 4728 poterit
1426 4670 1485 4713 au·
