3106 5168
430 280 575 335 Censurae.
595 310 630 318 -
648 280 825 335 Excommun.
843 283 936 334 contra
954 282 1080 338 duellum.

644 482 867 549 DUELLUM.

647 639 758 706 Casus.
785 647 860 714 (320)

184 779 333 839 Antonius
354 779 472 838 Petrum
495 779 664 839 vindicandi
690 781 810 840 honoris
832 799 921 839 causa
946 784 1088 858 provocat
1109 780 1146 838 ad
1168 779 1311 848 duellum,
1340 778 1416 854 quod

92 860 202 919 Petrus
224 864 362 935 acceptat
383 879 418 919 ea
440 859 622 930 condicione,
645 867 677 919 ut
698 861 735 919 ad
757 861 794 919 20
813 879 920 936 passus
941 859 988 918 bis
1009 859 1135 934 globulis
1156 857 1258 933 ignitis
1280 877 1346 917 sese
1367 878 1417 917 ex·

93 939 216 1016 cipiant.
250 939 400 999 Invitatus
416 939 569 1016 Adolphus
583 940 713 999 medicus
734 946 863 1008 recusat,
885 939 937 999 sed
953 941 1028 998 clam
1047 938 1163 998 accedit
1181 943 1211 998 et
1231 939 1261 997 in
1277 938 1360 997 domo
1374 938 1417 996 ri·

94 1020 163 1078 cina
178 1039 211 1079 se
226 1019 389 1090 abscondit,
405 1039 461 1095 quo
476 1020 571 1097 possit
584 1040 646 1079 rem
661 1023 820 1079 observare
835 1025 873 1087 et,
888 1019 1000 1078 infelici
1015 1038 1086 1079 casu
1101 1018 1264 1089 accidente,
1285 1018 1418 1094 graviter

93 1100 251 1160 vulnerato
273 1119 357 1177 opem
378 1101 472 1171 ferre;
500 1101 672 1160 Bertramus
693 1100 823 1159 medicus
844 1100 976 1160 Antonio
997 1105 1027 1159 et
1047 1100 1135 1158 Petro
1157 1099 1292 1158 comitem
1314 1118 1347 1157 se
1368 1098 1417 1157 ad·

93 1180 207 1255 iungit,
236 1180 289 1240 sed
309 1180 410 1240 studet
429 1198 490 1238 rem
513 1200 578 1239 cum
598 1180 725 1256 patrinis
746 1180 788 1239 ita
809 1199 999 1256 componere,
1027 1185 1078 1246 ut,
1106 1179 1164 1238 nisi
1192 1184 1261 1238 ante
1288 1197 1417 1255 pugnam

94 1260 283 1320 adversarios
310 1261 406 1337 possit
432 1260 641 1330 reconciliare,
671 1279 753 1319 arma
781 1261 844 1320 sine
872 1260 1000 1335 globulis
1023 1264 1129 1334 parcnt
1153 1265 1240 1336 atque
1261 1259 1304 1317 ita
1325 1259 1417 1318 solam

93 1340 224 1416 speciem
245 1360 363 1417 pugnae
384 1340 541 1400 innocuam
563 1340 702 1400 efficiant.

94 1453 274 1524 quuarrua
297 1459 324 1514 1ο
350 1455 417 1532 quid
441 1455 482 1515 sit
503 1455 630 1514 duellum
652 1455 857 1515 ecclesiastica
877 1455 942 1530 lege
964 1454 1150 1531 prohibitum.

295 1546 324 1602 2ο
349 1563 424 1620 quae
446 1545 486 1602 sit
506 1563 602 1621 poena
623 1544 744 1619 eiusque
765 1544 900 1602 extensio
922 1548 1025 1602 contra
1046 1543 1173 1602 duellum
1194 1543 1284 1602 facta.

295 1636 324 1692 3⁰
350 1633 418 1709 quid
440 1634 475 1692 ad
498 1633 679 1710 propositum
702 1651 803 1692 casum
825 1632 986 1692 dicendum.

689 1832 825 1900 Solutio.

185 1973 237 2039 An
261 1995 452 2050 eunusrruu
478 1977 515 2039 1m
539 1974 577 2040 R.
598 1977 626 2041 1.
665 1974 817 2039 Ducllum
840 1974 1054 2041 communiter
1077 1975 1229 2041 definitur
1252 1980 1418 2041 certamen
1429 1989 1463 2044 10

94 2063 262 2146 singulare
285 2084 328 2128 ex
351 2064 500 2130 condicto
525 2063 675 2139 deloco,
706 2067 869 2147 tempore,
896 2064 995 2128 armis
1017 2063 1132 2130 initum
1157 2085 1229 2128 cum
1253 2065 1353 2129 armis
1376 2065 1417 2129 ad

95 2152 307 2218 occidendum
330 2173 388 2218 seu
411 2152 560 2234 graviter
582 2153 818 2218 vulnerandum
841 2152 937 2237 aptis.

186 2249 392 2334 Quapropter
415 2249 631 2332 distinguitur
660 2251 692 2330 1)
725 2272 745 2315 a
774 2271 901 2333 pugna,
936 2271 1020 2331 quae
1043 2249 1112 2314 sine
1136 2249 1235 2315 armis
1265 2250 1419 2316 letalibus

95 2338 213 2407 initur:
240 2342 274 2421 2)
298 2360 319 2405 a
340 2360 464 2422 pugna,
489 2339 589 2404 etiam
613 2360 685 2403 cum
710 2339 810 2403 armis
833 2339 999 2415 letalibuS,
1023 2360 1107 2421 quae
1130 2339 1231 2405 initur
1253 2339 1285 2403 in
1310 2339 1419 2404 subita

94 2428 147 2493 ira
169 2427 202 2492 in
225 2429 307 2506 loco,
331 2428 385 2493 ubi
409 2427 590 2492 adversarii
613 2427 805 2493 consistunt.

187 2534 225 2600 a.
251 2537 281 2600 2.
328 2535 416 2616 Lego
439 2534 662 2599 ecclesiastica
685 2534 802 2600 feritur
826 2535 967 2600 duellum
986 2539 1166 2620 priostum,
1192 2535 1276 2618 quod
1300 2535 1418 2599 adver-

96 2622 176 2689 sarii
198 2645 258 2688 sua
274 2627 391 2707 sponte
414 2623 536 2697 ineunt,
561 2628 595 2689 et
610 2623 824 2689 communiter
841 2645 972 2689 causam
996 2625 1096 2690 habet
1118 2625 1151 2689 in
1174 2624 1292 2690 iniuria
1314 2624 1417 2691 illata.

97 2733 195 2795 quam
218 2713 279 2778 tali
307 2733 418 2796 pugna
441 2711 669 2777 vindicandam
693 2733 764 2777 esse
788 2718 920 2795 putent,
952 2713 1012 2778 nisi
1037 2714 1149 2778 haberi
1172 2714 1275 2779 velint
1297 2714 1419 2778 bonore

97 2801 257 2867 destituti.
273 2840 318 2850 -
340 2800 450 2883 Aquo
466 2801 602 2867 dissidet
624 2801 799 2883 singularis
822 2823 942 2884 pugna,
967 2823 1065 2884 quam
1088 2803 1200 2868 ineant
1222 2803 1419 2868 auctoritate

97 2890 228 2974 publica
257 2911 315 2955 seu
346 2911 387 2956 ex
419 2890 549 2974 publica
579 2911 696 2965 causa,
729 2891 756 2954 si
788 2890 841 2971 qui
873 2911 903 2956 v.
935 2911 967 2972 g.
999 2891 1198 2974 deputentur
1227 2892 1347 2974 singuli
1377 2912 1419 2956 ex

96 2984 237 3061 utroque
266 2979 413 3044 exercitu
442 2979 568 3056 hostili,
598 2983 636 3043 ut
663 3000 700 3044 eo
731 2980 825 3043 modo
849 2980 970 3043 bellum
993 2981 1149 3046 finiretur.
1196 2981 1286 3057 Quod
1310 2985 1419 3046 utrum

98 3072 132 3133 et
162 3068 291 3149 quando
320 3068 446 3134 licitum
476 3089 548 3133 esse
577 3067 696 3151 possit,
728 3067 803 3132 vide
833 3068 865 3132 in
896 3069 1069 3134 tractando
1099 3075 1274 3153 praecepto
1305 3069 1419 3151 quinto

98 3157 262 3239 decalogi;
287 3156 381 3222 hodie
404 3163 515 3223 tamen
539 3157 626 3221 omni
650 3178 710 3221 usu
733 3160 834 3223 caret.

187 3262 226 3327 R.
248 3265 278 3327 3.
312 3262 458 3329 Positiva
481 3263 554 3345 lege
578 3263 800 3328 ecclesiastica
824 3267 954 3328 cautum
979 3269 1039 3340 est,
1065 3269 1101 3331 ut
1124 3264 1214 3345 leges
1239 3270 1272 3330 et
1295 3284 1419 3347 poenae

98 3356 214 3418 contra
230 3351 372 3417 duellum
396 3352 672 3436 comprehendant
696 3352 795 3418 etiam
819 3374 859 3417 ea
874 3353 1054 3418 certamina
1077 3352 1266 3435 singularia.
1292 3373 1375 3434 quae
1399 3373 1419 3418 a

98 3440 252 3507 studiosis
283 3441 512 3507 ostentationis
543 3462 641 3506 causa
671 3441 745 3506 iniri
775 3442 882 3507 solent
905 3441 1005 3506 armis
1028 3442 1157 3522 quidem
1181 3441 1348 3517 letalibus,
1378 3440 1419 3505 iis

98 3534 208 3596 tamen
232 3529 385 3607 cautelis,
416 3535 454 3595 ut
483 3534 571 3596 tecto
597 3530 773 3595 maximam
797 3536 925 3614 partem
949 3551 1084 3614 corpore
1108 3531 1285 3615 periculum
1310 3530 1419 3596 letalis

98 3618 208 3685 exitus
231 3618 388 3684 remotius
411 3620 541 3685 evadat.
588 3620 640 3685 Ita
664 3620 695 3685 S.
718 3620 861 3702 Congr.
885 3621 1000 3685 Conc.
1026 3620 1252 3702 9Aug.1890
1276 3619 1307 3684 in
1327 3621 1419 3684 Wro-

97 3711 200 3774 tislco.
226 3706 281 3788 (ef.
305 3711 385 3773 Acta
410 3711 442 3775 S.
467 3710 561 3775 Sedis
584 3709 708 3785 xxm,
734 3709 823 3789 242).
871 3708 1033 3774 Existimo
1056 3714 1169 3775 tamen
1193 3729 1331 3792 poenam
1355 3729 1418 3774 non

97 3796 235 3874 incurri,
266 3795 294 3860 si
324 3818 419 3862 omne
448 3797 626 3880 periculum
651 3797 793 3863 cuiusvis
820 3797 982 3880 gravioris
1004 3798 1158 3863 laesionis
1181 3799 1349 3864 moraliter
1372 3799 1420 3862 lo-

98 3886 226 3969 quendo
250 3885 395 3962 exsulat,
428 3906 466 3951 eo
490 3887 576 3968 quod
605 3887 637 3951 in
661 3887 720 3953 tali
744 3907 821 3951 casu
847 3886 936 3952 notio
961 3887 1059 3952 duelli
1082 3887 1211 3952 omnino
1235 3909 1298 3952 non
1323 3886 1419 3961 adsit,

98 3975 155 4041 sed
180 3975 301 4040 evadat
323 3995 432 4040 meme
455 3976 549 4040 ludus
573 3976 626 4041 vel
649 3976 731 4042 artis
754 3976 970 4059 pugnatoriae
993 3976 1195 4042 exercitium.

187 4095 240 4161 An
264 4117 455 4173 Quassrruu
479 4102 518 4162 2¹¹²
548 4097 587 4164 R.
614 4101 642 4163 1.
690 4097 786 4163 Bulla
809 4102 917 4183 Apost.
944 4100 1037 4163 Sedis
1066 4119 1129 4165 991.
1153 4100 1201 4175 ΙΙ,
1226 4103 1288 4164 art.
1314 4100 1334 4162 3
1362 4110 1463 4164 911-10

98 4186 389 4251 communicatione
424 4186 587 4252 ordinario
622 4186 718 4252 modo
751 4187 898 4252 Romano
931 4187 1079 4252 Pontifici
1119 4192 1291 4252 reservata
1322 4186 1418 4252 ferit:

103 4275 263 4352 ,duellum
287 4280 515 4360 perpetrantes
538 4281 596 4342 aut
619 4276 810 4359 simpliciter
833 4276 873 4340 ad
897 4276 976 4341 illud
1000 4280 1218 4360 provocantes
1238 4276 1290 4340 vel
1314 4275 1418 4359 ipsum

99 4368 328 4448 acceptantes,
358 4367 392 4430 et
422 4365 584 4446 quoslibet
614 4366 787 4448 complices
817 4365 870 4429 vel
900 4366 1167 4448 qualemcumque
1199 4386 1331 4448 operam
1362 4369 1420 4429 aut.

100 4452 248 4520 favorem
278 4454 488 4537 praebentes,
519 4476 644 4520 necnon
675 4455 715 4519 de
744 4454 906 4521 industria
935 4459 1138 4537 spectantem
1171 4454 1315 4537 illudque
1345 4475 1419 4537 per·

100 4542 286 4620 mittenteS,
318 4543 388 4620 vel,
420 4547 576 4624 quantum
600 4543 632 4607 in
655 4543 720 4607 illis
743 4549 810 4619 est,
842 4565 906 4608 non
935 4544 1160 4627 prohibentes,
1192 4544 1420 4624 cuiuscumque

101 4631 271 4715 dignitatis
294 4631 370 4706 sint,
395 4633 494 4698 etiam
518 4633 638 4713 regalis
662 4633 715 4697 vel
738 4632 944 4716 1111119119119.κ

152 4743 581 4787 1911111111.0991919191191111119,
609 4745 626 4786 1.
1175 4736 1208 4790 35
