3106 5168
240 1079 523 1164 VIRTUTES
555 1078 814 1162 MORALES
845 1078 1000 1181 QUAE
1031 1077 1306 1162 ALTERUM

408 1205 763 1290 IMPERFEOTE
797 1202 1094 1288 RESPICIUN
1097 1203 1142 1286 T.

194 1425 496 1493 PRAEAMBULA
520 1426 578 1491 DE
603 1424 870 1492 VIRTUTIBUS
897 1422 1151 1490 MORALIBUS
1175 1423 1356 1491 INFUSIS.

670 1589 781 1656 Casus.
809 1596 885 1664 (126)

201 1729 355 1788 Ferrarius
382 1728 414 1788 in
437 1736 586 1789 conventu
615 1727 793 1789 sacerdotali
817 1729 950 1806 disputat
971 1734 1075 1788 contra
1098 1727 1225 1788 virtutes
1246 1728 1378 1799 infusas;
1407 1749 1439 1789 se

113 1828 172 1868 non
200 1810 356 1869 admittere
384 1810 442 1868 nisi
470 1809 656 1884 theologicas
683 1809 815 1882 infusas3
850 1809 906 1868 has
934 1809 971 1868 ad
1001 1809 1094 1868 vitam
1121 1808 1313 1868 christianam
1341 1828 1439 1887 super·

113 1890 277 1949 naturalem
300 1890 461 1948 ducendam
484 1891 637 1962 sufficere;
659 1889 788 1965 reliquas
808 1889 935 1948 virtutes
957 1909 1024 1947 esse
1046 1889 1207 1965 acquisitas
1228 1908 1323 1965 neque
1344 1890 1439 1949 amitti

113 1989 179 2029 cum
199 1971 297 2044 gratia
318 1970 533 2041 sanctificanti3
563 1970 593 2029 id
614 1969 704 2029 etiam
725 1969 909 2046 experientia
930 1970 1066 2045 probari,
1095 1989 1160 2029 cum
1181 1975 1355 2046 peccatores
1381 1990 1438 2030 non

112 2069 179 2109 raro
201 2050 231 2108 in
253 2050 351 2126 aliqua
370 2050 490 2122 virtute,
512 2069 540 2111 v.
559 2070 587 2125 g.
608 2050 733 2116 iustitia,
755 2050 927 2121 sobrietate,
950 2049 1107 2111 excellant.
1150 2048 1225 2120 Quid
1247 2050 1282 2108 de
1303 2051 1360 2110 hoc
1380 2050 1438 2128 opi·

112 2129 202 2188 nandi
223 2130 309 2189 modo
330 2130 493 2202 dicendum,
515 2131 564 2189 rel
585 2130 783 2189 enucleatius:

114 2235 289 2305 Quaenrrua
312 2237 341 2294 1⁰
366 2237 468 2376 sintnef
492 2257 525 2296 re
552 2237 619 2313 ipsa
643 2243 762 2314 praeter
782 2235 909 2295 virtutes
930 2234 1114 2311 theologicas
1135 2236 1212 2295 aliae
1233 2235 1360 2297 virtutes
1387 2256 1440 2315 per

367 2337 399 2377 se
421 2338 451 2376 m
467 2337 546 2377 usae.

312 2408 342 2464 2ο
366 2406 436 2545 pcipi·
457 2426 557 2499 earnm
574 2405 715 2465 virtrnum
737 2404 777 2465 sit
797 2424 913 2477 munus,
936 2409 966 2463 et
980 2424 1055 2481 quae
1070 2425 1088 2464 a
1104 2405 1266 2465 virtutibus
1287 2405 1439 2483 acquisitis

387 2506 413 2545 rs
428 2494 528 2546 rnotro.

313 2578 342 2634 3ο
368 2575 436 2652 quid
457 2576 493 2635 de
514 2574 707 2652 experientia,
729 2593 816 2650 quarn
837 2573 991 2633 Ferrarius
1013 2572 1112 2645 obicit,
1135 2573 1175 2632 sit
1195 2572 1359 2635 dicendum.

710 2756 845 2823 Salutio.

49 2917 103 2970 446
203 2900 256 2965 An
279 2920 471 2975 consentu
497 2902 534 2962 1⁰¹
558 2898 596 2964 R.
616 2901 644 2963 1.
691 2897 766 2963 Non
789 2898 852 2963 fide
876 2896 1005 2979 quidem
1029 2903 1152 2964 certum
1178 2903 1238 2976 cst,
1263 2900 1322 2966 sed
1344 2901 1440 2984 louge

114 2988 313 3056 communior
344 2988 570 3071 theologorum
604 2993 655 3054 est
689 2987 869 3064 sententia,
903 2987 984 3052 duce
1017 2987 1048 3052 S.
1073 2987 1223 3052 Thema
1250 2987 1334 3072 Aq.,
1368 3010 1440 3057 esse

113 3083 246 3163 praeter
269 3083 337 3145 tres
359 3077 563 3159 theologicas
587 3078 669 3142 alias
693 3077 833 3142 virtutes
856 3096 914 3141 seu
938 3076 1068 3142 habitus
1092 3079 1359 3160 supernaturales
1383 3099 1440 3164 per

113 3190 149 3233 se
172 3168 308 3233 infusae.
355 3167 392 3231 ld
416 3167 448 3232 S.
474 3168 598 3232 Doctor
620 3165 777 3249 imprimis
801 3165 897 3230 docet
923 3169 950 3241 1,
977 3168 1006 3242 2,
1032 3187 1062 3246 q.
1086 3169 1138 3242 63,
1163 3186 1192 3231 a.
1216 3169 1246 3244 3,
1271 3168 1439 3237 videlicet:

114 3257 206 3323 Sicut
228 3257 260 3321 in
285 3256 414 3321 homine
437 3256 504 3321 sint
527 3255 692 3321 naturalia
714 3254 890 3338 principia,
921 3255 942 3319 i.
967 3275 994 3320 e.
1020 3254 1230 3336 intellegendi
1261 3261 1295 3323 et
1323 3279 1438 3341 cogno-

113 3346 224 3412 scendi
240 3346 382 3411 facultas
401 3349 435 3410 et
453 3344 613 3411 naturalis
629 3344 795 3429 appetitus
819 3343 903 3422 boni,
929 3344 977 3409 ita
1000 3342 1106 3409 inesse
1128 3343 1250 3410 homini
1272 3345 1358 3413 iusto
1382 3369 1440 3432 per

113 3435 307 3500 infusionem
324 3434 590 3518 supernaturales
608 3434 738 3499 habitus
754 3433 912 3499 virtutum
929 3433 1197 3514 theologicarum,
1219 3434 1334 3516 quibus
1355 3441 1440 3503 tanr-

114 3545 211 3606 qnanr
235 3523 402 3607 principiis
432 3530 466 3590 et
496 3521 717 3589 fundamentis
741 3522 926 3588 ordinemur
949 3522 991 3587 ad
1021 3523 1125 3587 Deum
1149 3527 1186 3588 ut
1209 3525 1304 3589 finem
1329 3547 1439 3611 super·

114 3614 308 3679 naturalem.
360 3615 405 3678 At
437 3612 521 3677 sicut
554 3634 596 3677 ex
628 3612 832 3679 naturalibus
863 3611 927 3676 illis
959 3610 1125 3696 principiis
1158 3616 1374 3694 cognoscendi
1407 3622 1440 3682 et

115 3702 289 3785 appetendi
320 3722 378 3784 per
401 3701 549 3784 proprios
573 3705 666 3767 actus
689 3701 895 3782 acquiramus
919 3701 1013 3766 nobis
1037 3700 1184 3766 diversas
1207 3701 1348 3770 virtutes
1370 3726 1439 3770 mo·

114 3792 201 3856 rales
230 3790 416 3866 naturales,
449 3791 565 3873 quibus
594 3791 796 3856 tendentiam
827 3790 869 3855 ad
899 3789 1084 3856 naturalem
1114 3792 1210 3855 finem
1238 3794 1439 3859 exsecutioni

115 3881 244 3945 demus:
270 3881 317 3944 ita
335 3884 571 3961 consequenter
594 3880 635 3944 ad
658 3879 853 3943 infusionem
877 3879 1175 3963 supernaturalium
1199 3881 1438 3965 principiorum,

114 3969 272 4035 virtutum
285 3968 551 4050 theologicarum,
569 3969 671 4033 Deum
689 3969 782 4032 nohis
797 3968 968 4033 infundere
983 3968 1114 4035 habitus
1127 3970 1315 4053 operativos
1327 3993 1439 4057 super·

114 4059 299 4134 naturales,
324 4058 440 4139 quibus
467 4058 499 4122 in
524 4058 662 4122 divorsis
685 4059 846 4122 humanae
870 4057 959 4122 vitae
984 4058 1099 4123 officiis
1129 4063 1163 4124 et
1193 4061 1344 4143 operibus
1367 4068 1440 4129 ten-

115 4148 259 4213 dentiam
283 4147 314 4210 in
339 4149 436 4211 linem
460 4148 742 4230 supernaturalem
767 4168 999 4230 exsequantur:
1028 4147 1088 4212 has
1111 4168 1183 4213 esse
1206 4149 1347 4216 virtutes
1372 4173 1439 4216 nro·

115 4238 202 4302 rales
226 4237 360 4301 infusas

204 4344 243 4409 R.
265 4347 294 4409 2.
335 4342 368 4407 si
392 4363 470 4406 vero
495 4342 534 4407 de
558 4363 691 4406 nurnero
708 4341 823 4406 haruin
841 4340 998 4406 virtutum
1017 4342 1194 4423 quaeritur,
1218 4344 1315 4426 longe
1334 4347 1440 4412 minus

116 4438 204 4498 certe
235 4432 297 4497 dici
328 4436 453 4515 potest,
486 4436 565 4513 quot
594 4432 675 4505 sint,
708 4452 806 4512 qrranr
836 4451 911 4494 num
943 4431 1017 4496 sint.
1065 4432 1173 4495 Facile
1204 4433 1332 4514 quidem
1364 4459 1440 4501 con-

117 4522 251 4587 veniunt
290 4523 330 4585 ad
368 4521 610 4585 similitudinem
646 4520 802 4586 virtutum
839 4519 1070 4600 acquisitarum
1110 4521 1329 4588 admittendas
1368 4547 1440 4591 esse

117 4615 272 4691 quattuor
288 4611 554 4694 supernaturales
571 4610 766 4675 cardinales:
784 4609 1000 4693 prudentiam,
1017 4609 1186 4686 iustitiam,
1203 4611 1439 4694 fortitudinem,
