3106 5168
445 293 589 349 Censores.
608 324 643 332 —
662 295 802 361 Pereorim'
820 295 908 362 quood
927 312 1065 349 censuras.
1352 297 1415 363 507

92 476 211 556 postea
234 491 313 537 vero
336 471 523 536 admonitus
546 491 582 536 se
605 470 830 548 submitteret,
855 492 935 536 sane
959 470 1328 537 excommunicationem
1351 494 1417 538 non

92 562 293 645 incurreret,
304 560 402 642 idque
417 581 458 625 ne
475 564 543 625 turn
558 559 696 641 quidem,
714 560 842 640 quando
859 560 1045 643 ignorantia
1057 561 1174 627 fuisset
1190 561 1337 642 graviter
1350 563 1417 627 cul·

92 650 212 734 pabilis
236 650 289 714 vel
313 649 413 716 etiam
436 651 602 726 affectata,
627 669 665 713 eo
689 649 774 731 quod
791 669 831 713 ne
847 655 917 716 tum
934 649 1063 731 quidem
1079 650 1233 734 pertinax
1256 649 1416 716 inerrare

93 745 212 805 contra
226 739 323 803 fidem
333 738 459 813 luisset,
477 759 581 820 neque
592 738 762 802 formalem
775 738 935 803 haeresim
949 739 1172 805 commisisset.
1197 738 1244 804 cf.
1259 740 1291 805 S.
1304 739 1416 823 Alph.

94 830 114 894 l.
142 830 159 893 7
185 849 217 893 n.
242 830 317 893 301.
363 827 593 892 Hellucinatur
624 826 726 908 igitur
748 826 970 905 Andronicus,
1002 828 1131 910 quando
1161 848 1197 892 se
1227 849 1247 892 a
1279 849 1418 893 censura

93 917 232 983 liberum
256 920 398 999 reputat.

185 1022 224 1087 n..
250 1024 280 1087 3.
326 1023 382 1086 Aa
407 1024 533 1086 tertiam
556 1043 673 1086 casura.
720 1021 871 1104 Suppono
895 1021 1024 1086 interim
1049 1021 1104 1103 agi
1135 1022 1175 1086 de
1207 1042 1243 1086 re
1274 1021 1333 1086 sub
1357 1032 1479 1086 ex·993

101 1111 395 1177 communicatione
418 1110 565 1174 Romano
589 1108 738 1174 Pontifici
769 1110 901 1193 speciali
925 1111 1020 1174 modo
1044 1115 1215 1176 reservata
1239 1110 1416 1175 secundum

94 1201 219 1266 bullam
241 1203 349 1284 Apost.
374 1200 467 1264 Sedis
491 1218 553 1264 ser.
580 1201 596 1262 l
623 1203 685 1266 art.
712 1200 741 1276 7,
765 1199 877 1281 quaeri
902 1204 1011 1264 autem
1036 1200 1076 1264 de
1099 1199 1170 1263 sola
1193 1198 1416 1277 excusatione,

95 1309 172 1354 num
196 1289 279 1353 haec
300 1287 334 1352 in
358 1308 436 1352 casu
460 1286 610 1366 exsistat,
634 1287 705 1351 sive
720 1293 854 1371 propter
870 1293 991 1353 metum
1015 1288 1085 1353 sive
1097 1291 1233 1372 propter
1255 1287 1417 1353 actionem

94 1377 238 1443 nondum
262 1377 467 1459 completam.

187 1465 356 1531 Generalis
378 1465 435 1530 illa
457 1463 542 1529 ratio
566 1464 716 1547 placendi
739 1464 896 1546 gubernio
913 1466 965 1530 vel
982 1465 1082 1532 etiam
1098 1465 1262 1548 generalis
1285 1463 1417 1547 quidam

97 1559 215 1632 metus
239 1575 280 1619 ne
304 1552 495 1636 gubernium
518 1553 568 1631 iis,
593 1554 646 1635 qui
671 1553 830 1618 catholice
853 1554 999 1620 sentiant
1023 1560 1057 1621 et
1076 1560 1187 1637 agant,
1211 1576 1276 1620 non
1292 1555 1416 1632 faveat,

96 1642 307 1727 aequiparari
329 1641 442 1724 nequit
465 1642 560 1724 gravi
583 1642 684 1707 metui
708 1663 812 1724 neque
837 1663 995 1709 excusare
1025 1648 1135 1727 potest
1158 1665 1178 1709 a
1201 1643 1418 1726 gravissimae

96 1733 181 1816 legis
204 1731 423 1809 observantia,
448 1753 489 1796 ne
512 1732 572 1795 sub
595 1731 723 1795 ratione
746 1731 875 1812 quidem
898 1732 980 1814 legis
1003 1733 1174 1798 humanae.
1213 1732 1419 1816 Quapropter

96 1823 160 1887 hoc
182 1821 277 1886 modo
300 1820 445 1886 Iulianus
468 1841 531 1884 non
556 1819 642 1885 texrit
665 1820 726 1884 nisi
750 1821 978 1885 excusationes
1008 1821 1040 1884 in
1069 1821 1223 1904 peccatis.
1267 1821 1418 1887 Ceterum

96 1911 190 1976 illum
224 1910 371 1975 favorem
402 1908 551 1991 gubernii
582 1908 710 1974 detrahi
743 1909 926 1985 catholicis,
959 1910 1150 1975 acatholicis
1183 1913 1217 1974 et
1251 1910 1418 1976 Ecclesiae

95 1998 236 2064 inimicis
259 1998 438 2082 praestari,
464 2002 563 2078 atque
587 1997 779 2079 gubernium
809 1998 868 2063 tali
891 1998 1009 2079 agendi
1033 1998 1128 2062 modo
1152 1999 1238 2063 velle
1262 1998 1419 2063 officiales

96 2088 257 2170 instigare
281 2091 315 2153 et
338 2107 456 2169 urgere
488 2087 530 2152 ad
562 2093 655 2153 actus
687 2086 847 2154 catholico
878 2087 948 2152 viro
978 2087 1110 2153 illicitos
1140 2091 1175 2151 et
1204 2088 1244 2152 ab
1268 2086 1419 2152 Ecclesia

97 2177 248 2261 graviter
271 2176 461 2260 prohibitos,
486 2181 600 2259 aperte
623 2176 733 2257 vergit
748 2176 781 2240 in
798 2176 905 2240 odium
921 2176 1106 2251 Ecclesiam
1131 2176 1217 2258 quod
1240 2175 1268 2240 si
1290 2176 1337 2241 ita
1356 2181 1417 2252 est,

99 2288 142 2333 ne
166 2265 280 2348 gravis
303 2264 431 2348 quidem
455 2271 562 2329 metus
586 2266 702 2346 alege
726 2265 892 2330 Ecclesiae
916 2271 953 2331 ut
975 2264 1035 2330 tali
1058 2270 1205 2331 excusat.

188 2360 360 2426 Difficilius
383 2364 435 2426 est
457 2360 574 2437 dicere,
598 2366 707 2426 utrum
730 2361 874 2426 Iulianus
896 2361 961 2427 iam
985 2383 1070 2427 nunc
1091 2360 1265 2427 incurrerit
1288 2382 1419 2426 excom·
1429 2370 1482 2423 994

97 2450 365 2527 municationem,
390 2471 433 2515 an
456 2449 585 2515 demum
607 2455 724 2533 postea
746 2451 933 2515 incursurus
957 2451 1014 2527 sit,
1039 2451 1167 2533 quando
1191 2450 1322 2517 litterae
1345 2471 1419 2534 per·

98 2540 251 2607 venerint
265 2540 308 2605 ad
323 2539 536 2622 praefectum,
560 2537 652 2620 isque
667 2539 742 2604 illas
758 2540 958 2605 exsecutioni
975 2540 1110 2606 dederit.
1127 2576 1171 2585 -·
1194 2538 1285 2616 Quod
1308 2543 1419 2623 poste-

98 2629 168 2695 rius
198 2650 261 2693 non
292 2627 423 2692 videtur
453 2647 526 2691 esse
556 2628 790 2695 necessarium:
827 2631 883 2695 Tb.
911 2653 952 2696 m.
983 2630 1032 2707 II,
1064 2631 1138 2696 929.
1185 2630 1307 2695 Verum
1338 2628 1420 2695 satis

99 2717 267 2803 probabile
291 2721 343 2783 est
366 2716 732 2782 excommunicationem
756 2740 821 2783 non
844 2718 1009 2798 contrahi,
1041 2719 1103 2784 nisi
1128 2722 1301 2802 postquam
1325 2738 1420 2801 prae-

99 2808 208 2873 fectus
231 2827 267 2871 re
291 2826 371 2870 vera
393 2805 522 2871 litteras
546 2806 719 2888 acceperit.

190 2904 270 2968 Inde
293 2903 496 2969 concluditur
519 2923 560 2967 ex
584 2903 749 2969 sententia
771 2903 930 2986 probabili
953 2904 1123 2981 Iulianum,
1148 2904 1175 2969 si
1204 2906 1332 2969 interim
1355 2903 1422 2968 sin-

102 3014 178 3060 cere
202 2992 313 3058 doleat
336 2995 435 3074 atque
459 2994 653 3057 confiteatur
684 2998 854 3076 peccatum
877 3014 988 3071 suum,
1022 2993 1149 3057 absolvi
1177 3013 1274 3076 posse
1307 2992 1347 3057 ab
1372 3013 1421 3069 eo,

100 3083 157 3166 qui
181 3081 325 3163 ahoquin
353 3080 388 3144 in
411 3101 566 3145 censuras
588 3081 729 3164 Papales
759 3086 957 3164 potestatem
990 3081 1175 3163 delegatam
1205 3102 1270 3146 non
1302 3081 1421 3147 habet:

106 3173 162 3238 Tb.
187 3195 228 3237 m.
253 3170 294 3248 II,
320 3171 394 3235 868.
427 3171 548 3234 Verum
565 3171 606 3235 ad
622 3171 784 3236 sincerum
801 3170 944 3235 dolorem
961 3170 1138 3252 requiritur
1153 3171 1186 3234 in
1202 3191 1280 3235 casu
1296 3172 1420 3247 nostro,

101 3265 139 3327 ut
162 3260 307 3325 Iulianus
329 3259 424 3323 novis
446 3259 566 3324 litteris
596 3259 683 3323 datis
713 3259 891 3325 efficaciter
913 3263 1073 3325 retractet
1102 3280 1196 3324 suum
1219 3259 1421 3335 mandatum,

99 3350 167 3415 imo
191 3354 228 3415 ut
251 3348 300 3425 id,
334 3347 362 3412 si
385 3347 602 3412 necessarium
626 3348 741 3426 fuerit,
773 3348 876 3414 faciat
905 3348 1136 3431 telegraphice.
1182 3347 1256 3412 Nisi
1279 3347 1364 3411 enim
1388 3346 1421 3411 id

101 3441 212 3504 facere
235 3436 326 3514 velit,
351 3436 554 3502 absolutione
577 3437 718 3520 incapax
742 3442 809 3513 est;
834 3436 895 3502 nisi
919 3458 955 3501 re
978 3437 1050 3519 ipsa
1073 3437 1191 3513 faciat,
1216 3435 1423 3519 culpabiliter

100 3526 212 3613 pergit
234 3526 391 3591 mandare
414 3525 581 3607 praefecto
614 3526 703 3590 urbis
735 3547 881 3608 eaquae
916 3529 1015 3591 antea
1037 3525 1187 3609 scripsit,
1222 3530 1321 3607 atque
1351 3524 1421 3590 sine

101 3616 201 3682 dubio
224 3619 339 3698 postea
360 3614 395 3678 in
412 3614 780 3680 excommunicationem
802 3615 933 3681 incidet.
965 3615 1087 3691 Solum,
1111 3614 1139 3680 si
1162 3619 1238 3699 post
1261 3615 1422 3680 sinceram

101 3703 340 3773 confessionem
364 3703 557 3769 retractatio
581 3705 737 3769 evaderet
765 3703 973 3787 impossibilis
1003 3707 1102 3786 atque
1125 3703 1194 3769 eius
1218 3703 1349 3771 omissio
1373 3703 1423 3769 in·

101 3792 285 3878 culpabilis,
309 3791 453 3856 lulianus
476 3792 517 3855 ab
541 3792 735 3857 incurrendo
759 3814 896 3857 censura
920 3799 1144 3859 excusaretur.

191 3882 295 3947 Prout
318 3902 413 3946 casus
436 3880 505 3964 ipse
529 3887 692 3959 narratur,
716 3882 860 3946 Iulianus
883 3881 992 3964 potius
1016 3883 1150 3948 subdole
1174 3903 1271 3966 quam
1294 3880 1420 3946 sincere

102 3971 331 4038 videturesse
355 3969 533 4048 confessus,
558 3991 597 4035 ac
620 3970 756 4053 proinde
778 3971 967 4035 incursurus
991 3993 1171 4039 censuram.

424 4188 666 4255 PEREGRINI
690 4189 841 4266 QUOAD
865 4190 1104 4257 CENSURAS.

660 4346 770 4412 (lasus.
798 4353 873 4422 (303)

193 4484 344 4544 Iucundos
365 4485 504 4544 sacerdos
526 4483 719 4554 coloniensis,
740 4485 933 4544 recreationis
955 4504 1045 4544 causa
1066 4483 1097 4542 in
1113 4483 1251 4558 Angliam
1272 4483 1424 4560 profectus

102 4566 232 4628 Londini
254 4565 379 4624 interest
399 4565 544 4624 scaenicis
565 4565 760 4641 spectaculis;
790 4584 847 4641 qua
867 4585 899 4624 re
921 4566 1037 4636 audita,
1067 4563 1305 4641 archiepiscopus
1327 4565 1424 4625 West·

102 4646 347 4708 monasteriensis
368 4646 499 4705 lucundo
522 4645 631 4704 litteris
651 4645 786 4704 mandat:
816 4665 881 4704 cum
901 4645 967 4720 lege
989 4647 1165 4705 dioecesana
1186 4644 1340 4721 suspensio
1361 4646 1425 4706 lata
