3106 5168
162 278 226 344 208
319 274 359 328 De
378 274 527 330 virtutibus
545 277 573 329 et
590 273 688 329 officiis
705 291 771 343 erga
788 273 920 329 homines.
937 304 973 313 -
992 274 1099 331 Caritas
1117 275 1145 330 iu
1163 275 1324 347 proximum.

161 451 242 517 haec
272 450 416 517 dimissio
446 450 571 534 punitio
601 455 653 518 est
680 450 810 536 peccati
838 472 923 517 nunc
952 471 1011 534 per
1039 450 1189 517 fraudmn
1218 450 1398 530 commissi,
1429 451 1485 519 sed

161 541 250 606 iusta
272 541 406 622 sequela
435 540 562 619 indolis,
586 561 684 622 quam
707 540 918 607 habitualiter
940 545 1069 622 gerunt,
1093 561 1152 606 seu
1173 539 1346 608 infirmitas
1370 540 1485 607 volun·

162 630 251 708 tatis,
277 651 342 713 qua
364 629 542 697 ostendunt
564 650 601 695 se
623 629 721 695 facile
744 630 787 695 ab
809 629 916 696 officio
938 650 998 695 suo
1023 630 1161 695 deficere
1183 650 1289 713 posse.

309 852 586 920 PROVOCATIO
609 852 670 918 AD
694 851 854 918 MALUM
875 848 1162 919 EXPLORANDI
1184 850 1334 921 CAUSA.

717 1008 828 1076 Casus.
854 1016 930 1086 (114)

250 1140 389 1212 Faustus,
411 1139 458 1198 vir
471 1138 619 1217 policista,
640 1146 674 1199 ut
694 1141 895 1217 superioribus
915 1141 1057 1219 placeret,
1078 1141 1234 1216 explorare
1253 1139 1361 1200 statuit
1374 1140 1485 1201 amicos

162 1239 272 1290 eorum,
294 1220 342 1296 qui
363 1220 421 1279 sibi
441 1219 574 1296 suspecti
588 1220 765 1280 videbantur
779 1221 815 1280 de
834 1219 1002 1281 socialismo
1024 1227 1054 1280 et
1074 1218 1185 1280 infensi
1205 1221 1357 1296 gubernio.
1389 1221 1485 1292 Quare

161 1300 226 1377 ipse
256 1306 418 1360 scommata
448 1306 552 1359 contra
582 1301 756 1376 gubernium
785 1303 899 1378 profert
928 1306 1017 1378 atquc
1047 1299 1182 1378 querelas
1213 1300 1248 1359 de
1283 1301 1485 1377 operariorum

162 1381 370 1457 oppressione,
398 1399 455 1456 quo
482 1380 638 1440 audientes
664 1381 839 1441 audaciores
865 1381 971 1441 reddat
999 1385 1029 1441 et
1049 1381 1086 1440 ad
1114 1380 1222 1440 similia
1243 1380 1364 1440 excitet.
1405 1380 1484 1450 Quos

162 1466 260 1520 eutem
282 1461 325 1519 sio
347 1461 522 1536 cognoverit
544 1461 776 1537 perturbationis
798 1462 932 1539 publicae
953 1467 1088 1521 amantes
1116 1480 1183 1520 esse
1211 1466 1242 1519 et
1269 1461 1306 1519 ad
1336 1462 1485 1539 conspira-

161 1541 272 1600 tionem
293 1540 450 1617 proclives,
473 1540 529 1600 sibi
550 1542 674 1601 adnotat
696 1548 725 1601 et-
745 1542 889 1616 gubernio
904 1541 1067 1612 denuntiat,
1089 1545 1178 1618 atque
1198 1546 1304 1618 postea
1324 1540 1356 1600 in
1377 1541 1484 1602 iudicio

163 1626 266 1680 contra
288 1640 338 1680 sos
359 1621 560 1680 testimonium
581 1622 660 1694 dicit,
682 1628 716 1682 ut
737 1623 903 1698 puniantur.

163 1724 340 1794 Quunnirna
362 1733 458 1786 utrum
480 1728 592 1787 Fausto
613 1727 656 1787 ita
677 1728 795 1787 licuerit
815 1748 915 1804 agere,
936 1747 975 1787 an
996 1728 1138 1788 scandalo
1159 1726 1338 1806 peccaverit.

757 1900 893 1968 Solutio.

100 2040 152 2095 409
251 2022 304 2087 Ao
327 2044 518 2099 ouassmuu
541 2025 580 2092 R.
604 2029 631 2091 1.
679 2027 714 2092 Si
736 2028 876 2093 Faustus
900 2026 999 2104 alios,
1032 2025 1096 2092 etsi
1117 2025 1323 2110 specietenus
1346 2029 1484 2095 tantum.

161 2112 333 2195 instigavit
357 2113 399 2177 ad
429 2113 702 2197 conspirationem
728 2116 869 2197 aliquam
898 2115 1062 2193 illicitam,
1094 2114 1163 2180 sine
1193 2114 1289 2180 dubio
1318 2114 1484 2198 peccavit:

162 2223 238 2267 nam
270 2201 427 2280 invitare,
461 2202 644 2269 formaliter
674 2225 854 2288 provocare
889 2205 931 2270 ad
962 2203 1094 2286 aliquod
1125 2204 1263 2282 malum,
1296 2204 1485 2269 scandalum

163 2291 322 2357 directum
346 2295 412 2369 est,
442 2290 539 2374 idque
562 2293 711 2375 graviter
734 2295 871 2372 malum,
903 2315 976 2360 cum
998 2292 1051 2358 bic
1081 2293 1122 2359 de
1150 2314 1187 2358 re
1210 2292 1359 2375 graviter
1383 2297 1418 2358 et
1440 2292 1485 2357 in·

163 2380 323 2446 trinsecus
346 2379 461 2446 illicita
484 2386 613 2464 agatur.

252 2468 408 2534 Similiter
437 2469 504 2548 dic,
536 2471 564 2535 si
593 2471 734 2538 Faustus
764 2470 806 2537 ad
835 2492 955 2554 graves
986 2469 1200 2537 contumelias
1223 2470 1277 2535 vel
1307 2469 1485 2535 calumnias

163 2557 244 2622 alios
268 2557 442 2624 excitavit:
467 2580 663 2642 quamquam
682 2560 820 2626 dicteria
835 2582 918 2643 quae
941 2561 1023 2628 fiunt
1042 2564 1156 2626 contra
1174 2560 1328 2625 absentes
1351 2579 1418 2623 non
1439 2558 1487 2624 ita

162 2646 260 2711 facile
282 2646 400 2728 gravia
422 2647 593 2716 habentur.

101 2760 154 2813 410
252 2744 291 2808 R.
312 2746 341 2809 2.
383 2744 416 2810 Si
439 2745 581 2810 Faustus
597 2746 720 2812 directe
743 2768 808 2811 non
830 2745 1024 2833 provocavit
1047 2746 1089 2812 ad
1112 2744 1270 2810 eiusmodi
1292 2765 1356 2825 res,
1380 2765 1486 2827 neque

164 2833 231 2897 suis
254 2832 426 2898 fallacibus
449 2833 594 2900 dicteriis
612 2836 799 2901 ‘hominibus
823 2836 1006 2902 ordinariae
1030 2834 1227 2901 condicionis
1250 2855 1366 2900 ansam
1390 2855 1485 2918 prae·

163 2922 290 2988 biturus
322 2927 394 2988 erat
426 2924 693 2990 contumeliarum
726 2930 788 2990 etc.
821 2925 1105 3009 proferendarum,
1139 2924 1196 2989 sed
1227 2924 1332 2989 solum
1362 2922 1403 2988 iis
1433 2923 1487 3005 qui

163 3011 295 3095 pessimi
328 3011 427 3076 animi
459 3018 555 3079 erant
586 3013 787 3079 occasionem
819 3014 908 3080 dedit
940 3013 1083 3079 animum
1115 3034 1208 3078 suum
1238 3010 1485 3078 manifestandi:

164 3101 337 3166 venialiter
360 3101 488 3182 quidem
511 3102 662 3186 peccavit
685 3104 904 3187 compluribus
927 3102 1123 3180 rationibus,
1156 3106 1226 3167 tum
1256 3101 1405 3167 mendaci
1427 3122 1487 3167 sua

164 3189 282 3270 agendi
312 3191 456 3269 ratione,
489 3194 558 3255 tum
591 3191 688 3257 facile
719 3193 829 3275 aliqua
861 3192 960 3258 etiam
993 3191 1120 3258 ratione
1151 3189 1312 3266 scandali;
1346 3194 1382 3256 at
1415 3211 1486 3256 curn

164 3278 300 3343 baberet
323 3299 455 3343 causam
480 3301 543 3345 non
566 3282 782 3364 spernendam
807 3280 1017 3363 dignoscendi
1040 3280 1187 3346 homines
1209 3283 1389 3364 suspectos,
1424 3301 1486 3345 non

163 3371 243 3451 puto
267 3388 340 3431 eum
364 3368 512 3450 graviter
533 3390 697 3453 peccasse,
721 3370 782 3434 nisi
806 3407 849 3414 -
872 3369 904 3434 id
928 3371 1014 3452 quod
1032 3369 1128 3435 facile
1147 3369 1274 3435 accidat
1296 3407 1341 3416 -
1363 3371 1487 3435 deside·

165 3460 284 3522 roserit
306 3456 443 3521 aliorum
466 3460 711 3540 peccaminosas
735 3459 948 3524 contumelias
971 3478 1147 3540 eorumque
1169 3457 1381 3541 punitionem.

252 3545 391 3629 Applica
413 3546 486 3625 huc,
511 3549 596 3629 quod
615 3548 871 3625 Tamburini,
897 3550 937 3613 ln
959 3550 1056 3614 dcccl.
1080 3548 1134 3613 lib.
1153 3550 1182 3625 5,
1200 3567 1270 3630 cap.
1290 3550 1318 3623 l,
1336 3546 1354 3627 ἓ
1371 3549 1402 3626 4,
1420 3568 1451 3612 n.
1469 3548 1487 3611 3

165 3634 245 3699 dicit
268 3635 307 3698 de
331 3636 466 3699 custode
489 3637 544 3718 qui
567 3658 602 3702 se
626 3637 811 3714 abscondit,
837 3646 871 3702 ut
893 3638 926 3702 in
951 3636 1200 3702 defraudatione
1223 3636 1276 3701 vel
1300 3635 1488 3701 damnifica·

164 3724 254 3789 tione
277 3723 495 3806 deprehensos
519 3730 648 3810 prosiliat,
680 3726 804 3793 scilicet
827 3748 899 3792 oum
923 3747 1069 3811 peceare,
1099 3725 1193 3808 ,quia
1215 3745 1321 3808 poena
1344 3724 1402 3791 illa
1425 3745 1486 3789 non

166 3817 275 3895 pot-est
298 3812 431 3890 intendi,
456 3814 517 3879 nisi
540 3816 730 3881 intendatur
752 3820 933 3899 peccatum,
958 3817 999 3882 ad
1015 3814 1101 3898 quod
1119 3834 1225 3898 poena
1242 3814 1299 3878 illa
1318 3814 1488 3895 consequi·

165 3904 254 3975 t-ur“;
289 3922 361 3965 eum
391 3923 455 3966 non
485 3924 637 3987 peccare,
673 3906 718 3982 ,si
748 3927 812 3970 non
841 3905 992 3971 intendat
1021 3924 1176 3988 poenam,
1207 3902 1265 3968 sed
1295 3923 1405 3967 rerum
1429 3902 1488 3967 sibi

165 3989 425 4055 concreditaruin
460 3994 740 4058 conservationem
775 3999 874 4076 atque
908 3994 1050 4059 rariores
1083 3991 1379 4070 damnificationes,
1417 4013 1487 4057 cuni

165 4079 312 4143 homines
334 4080 450 4145 timere
472 4081 640 4164 incipiant,
665 4104 705 4146 ne
729 4105 749 4147 a
772 4085 897 4149 latente
917 4083 1233 4166 deprehendantur“.
1273 4081 1362 4162 Ergo
1383 4101 1488 4162 neque

164 4169 219 4232 ille
243 4173 373 4251 peccat,
405 4169 459 4251 qui
483 4170 623 4236 intendit
645 4173 856 4238 securitatem
880 4172 1043 4255 publicam
1067 4172 1119 4236 vel
1143 4171 1197 4252 qui
1221 4170 1327 4253 cupit,
1360 4174 1399 4236 ui
1422 4191 1487 4246 eoa,-

165 4258 219 4340 qui
243 4264 332 4324 certo
357 4259 509 4324 delictum
534 4262 753 4343 perpetraturi
776 4262 850 4339 sint,
876 4265 943 4347 ipae
966 4260 1228 4344 comprehendat.

254 4365 292 4430 R.
313 4368 342 4431 3.
383 4365 415 4430 Si
439 4367 580 4432 Faustus
604 4368 730 4448 aliquos
753 4368 945 4451 provocavit
969 4370 1010 4433 ad
1033 4390 1082 4443 ea,
1107 4367 1147 4432 ad
1173 4387 1256 4449 quae
1279 4365 1326 4431 illi
1351 4386 1395 4430 ex
1418 4385 1489 4430 sese

165 4454 305 4518 nondum
330 4460 425 4520 erant
448 4456 655 4522 determinati
686 4462 719 4523 et
748 4458 871 4540 parati,
904 4458 1001 4523 etiam
1026 4457 1152 4541 peccati
1181 4477 1257 4521 reus
1281 4458 1333 4520 est
1355 4459 1489 4539 propter

165 4563 303 4624 poenas,
335 4566 417 4626 quas
446 4546 510 4610 illis
541 4546 698 4621 intentat,
731 4568 803 4610 cum
833 4548 903 4630 ipse
934 4547 992 4624 sit,
1028 4547 1082 4629 qui
1114 4546 1230 4611 fraude
1259 4565 1320 4610 sua
1351 4543 1384 4609 in
1415 4544 1488 4608 illas

165 4653 286 4714 poenas
311 4656 366 4698 eos
389 4634 564 4699 induxerit.
