3106 5168
138 284 181 348 58
559 274 601 330 De
618 274 714 344 regula
732 279 842 330 actuum
860 275 1048 330 humanorum.

138 455 349 535 abstinentia,
373 455 407 520 in
430 453 533 519 Missa
556 451 670 517 diebus
692 450 822 517 festivis
837 450 998 516 audienda
1023 454 1084 517 etc.
1101 488 1146 498 -
1168 450 1272 515 Immo
1294 450 1330 516 in
1352 453 1405 518 bis
1427 472 1470 518 ex

140 544 373 612 consuetudine
396 542 460 627 ipsi
482 539 617 626 parochi
640 542 747 607 solent
771 539 960 624 dispensare
982 559 1090 624 posse.
1126 539 1254 622 Singuli
1276 539 1469 607 confessarii

140 640 250 701 autem
272 655 337 699 non
359 636 499 718 possunt
519 630 719 715 dispensare,
744 628 807 694 nisi
829 628 870 694 iis
893 628 1082 713 specialiter
1102 629 1185 694 haec
1207 632 1357 714 potestas
1381 652 1470 697 com·

138 724 239 790 missa
255 723 370 800 fuerit;
394 724 533 807 possunt
548 724 660 787 tamen
676 719 855 795 declarare,
871 717 900 783 si
916 717 1189 802 deprehenderint
1205 717 1321 785 adesse
1336 742 1469 786 causam

141 820 348 879 accusantem.

228 917 267 983 R.
285 919 315 982 3.
348 916 386 981 In
402 915 499 981 rebus
513 914 731 998 gravioribus,
748 917 785 980 nt
800 912 834 978 in
849 912 1089 997 impedimentis
1103 912 1313 993 matrimonii,
1324 912 1470 980 maxime

140 1004 383 1084 dirimentibus,
407 1024 560 1070 recursus
583 1003 625 1069 ad
655 1003 687 1068 S.
712 1002 904 1069 Pontificem
933 1023 992 1085 per
1015 1022 1052 1067 se
1075 1003 1269 1086 requiritur:
1300 1023 1344 1069 ex
1365 1003 1469 1088 privi-

139 1095 360 1251 ffiqttqengen
384 1093 528 1178 episcopi
556 1113 616 1176 pre
640 1092 778 1157 diversis
801 1091 988 1175 regionibus
1012 1091 1159 1157 diversas
1182 1090 1331 1177 accipere
1361 1092 1471 1160 solent

79 1317 129 1372 116
228 1307 281 1371 An
304 1326 496 1382 qnassrnnn
521 1304 622 1370 2111.
646 1305 673 1371 1.
709 1304 756 1371 Ut
779 1302 867 1371 licite
890 1304 950 1369 fiat
972 1302 1182 1387 dispensatio,
1206 1325 1337 1388 semper
1359 1304 1470 1387 requi·

140 1396 223 1462 ritur
241 1395 352 1477 aliqua
369 1394 575 1461 rationabilis
594 1413 710 1469 causa;
734 1391 768 1458 in
790 1393 861 1477 ipso
884 1392 1075 1475 legislatore
1098 1392 1180 1459 baec
1202 1392 1385 1477 generatim
1404 1416 1471 1461 non

139 1486 199 1551 sub
215 1484 311 1568 gravi
326 1482 518 1567 requiritur3
543 1483 575 1547 in
599 1481 682 1558 aliis,
708 1483 836 1564 quando
860 1481 998 1564 delego
1021 1483 1116 1565 gravi
1138 1481 1259 1566 agitur,
1283 1484 1344 1549 sub
1362 1484 1469 1567 gravi.

144 1576 199 1641 ib.
224 1597 265 1641 m.
290 1574 416 1652 1,162;
442 1573 473 1638 S.
498 1570 614 1655 Alph.
638 1570 749 1650 1118
773 1576 807 1637 et
831 1571 931 1636 Homo
955 1579 1054 1656 oport.
1079 1571 1121 1650 ΙΙ,
1145 1574 1197 1639 46.

228 1688 267 1754 R.
298 1691 328 1754 2.
381 1685 494 1763 Quoad
528 1685 676 1751 valorem
710 1685 964 1770 dispensationis
997 1687 1171 1771 legislator
1204 1708 1262 1754 seu
1297 1710 1470 1772 supremus

140 1777 299 1861 superior,
330 1779 359 1842 si
389 1779 435 1841 ita
458 1778 532 1857 orell,
562 1778 674 1858 potest
697 1775 806 1840 valide
835 1775 905 1840 sine
935 1796 1035 1841 eausa
1058 1777 1264 1862 dispensare;
1295 1776 1470 1845 inferiores

141 1888 205 1932 non
232 1868 370 1951 possunt
392 1864 501 1930 valide
531 1863 601 1929 sine
632 1884 741 1940 causa,
766 1863 842 1946 quia
871 1864 1014 1931 facultas
1043 1887 1107 1931 non
1138 1871 1290 1933 censetur
1318 1867 1359 1933 iis
1389 1868 1470 1934 data

141 1955 183 2021 ad
206 1977 331 2020 merum
354 1954 482 2022 libitum
505 1954 564 2019 sed
587 1953 629 2018 ad
653 1953 840 2020 utilitatem.

229 2060 268 2126 R.
293 2064 323 2126 3.
369 2060 476 2125 Causa
507 2063 627 2137 autem,
658 2079 743 2141 quas
771 2057 916 2123 sufficiat
948 2058 990 2123 ad
1013 2058 1158 2124 validam
1180 2060 1469 2144 dispensationem,

141 2171 205 2215 non
228 2154 324 2216 tanta
347 2149 444 2214 debet
467 2169 549 2225 esse,
574 2168 658 2230 qnae
683 2169 800 2232 perse
824 2150 976 2225 excuset,
1001 2148 1060 2213 sed
1084 2151 1189 2214 minor
1210 2149 1344 2227 sufficit,
1368 2156 1470 2233 atque

140 2240 238 2305 etiam
264 2238 298 2303 in
320 2237 417 2302 dubio
441 2237 481 2302 de
505 2237 702 2303 sufficientia
717 2258 836 2303 causae
853 2237 1054 2320 dispensatio
1077 2237 1145 2321 peti
1162 2243 1272 2322 potest
1295 2243 1330 2306 et
1353 2240 1468 2325 accipi.

141 2330 172 2395 S.
198 2327 315 2411 Alph.
340 2326 416 2392 ibid.
441 2328 566 2392 n.186.
588 2329 661 2393 192.

80 2454 130 2508 117
229 2441 267 2507 lt.
288 2444 319 2508 4.
358 2441 545 2523 Legislator
563 2462 621 2506 seu
640 2461 810 2524 supremus
826 2441 983 2525 superior,
1008 2441 1072 2506 etsi
1087 2441 1196 2508 valide
1218 2443 1333 2527 possit,
1358 2447 1470 2510 tamen

140 2552 204 2596 non
220 2531 305 2595 solet
321 2529 509 2613 dispensare
525 2529 596 2595 sine
612 2550 727 2605 causa;
752 2550 853 2612 quare
873 2528 907 2594 in
927 2530 1085 2613 petitione
1102 2531 1354 2615 dispensationis
1370 2555 1472 2599 causo

141 2620 257 2685 adesse
280 2624 315 2685 et
338 2619 458 2702 exponi
482 2619 595 2685 debet:
621 2619 735 2701 quodsi
759 2619 859 2685 luerit
881 2618 968 2684 falsa
992 2640 1093 2685 causa
1115 2621 1249 2700 motiva,
1274 2621 1296 2689 i.
1320 2642 1348 2690 e.
1373 2642 1415 2688 ea
1438 2623 1470 2688 in

141 2730 206 2792 qua
227 2708 354 2774 nitatur
378 2708 589 2791 dispensatio,
614 2707 814 2792 dispensatio
838 2713 889 2775 est
912 2709 1013 2774 nulla.

229 2813 268 2882 R.
290 2816 320 2880 5.
360 2814 459 2880 Aliud
475 2813 645 2879 dicendum
670 2817 722 2881 est
745 2814 785 2879 de
809 2834 909 2880 causa
924 2814 1109 2898 impulsiva,
1133 2816 1168 2880 in
1186 2836 1251 2897 qua
1269 2838 1334 2882 non
1353 2817 1471 2885 nititur

141 2902 352 2986 dispensatio,
377 2903 435 2968 sed
451 2924 536 2986 quae
559 2903 761 2968 solummodo
776 2903 881 2970 movit
896 2904 1166 2988 dispensatorem,
1191 2909 1228 2971 nt
1251 2905 1380 2972 facilius
1404 2906 1470 2972 dis·

140 2996 297 3076 pensaret
321 2992 373 3058 vel
402 2992 620 3078 perpenderet
651 3013 783 3058 causam
806 2992 964 3058 motivam
992 2993 1187 3077 expositam.
1235 2993 1269 3059 Si
1295 2994 1380 3061 haec
1409 2995 1470 3061 im·

140 3082 269 3166 pulsiva
292 3102 393 3148 causa
423 3081 508 3147 falsa
538 3103 611 3147 esse
634 3082 897 3166 deprehenditur,
929 3082 1128 3165 dispensatio
1160 3084 1238 3148 dolo
1266 3104 1331 3149 non
1362 3085 1470 3153 evasit

140 3171 246 3248 nulla;
271 3176 308 3238 at
330 3175 506 3253 antequam
530 3192 647 3236 revera
670 3171 750 3237 data
773 3175 833 3250 est,
857 3171 923 3249 ille,
948 3172 1003 3253 qui
1019 3171 1279 3238 commissionem
1296 3179 1471 3258 acceperat

141 3260 393 3344 dispensationis
418 3263 558 3343 dandae,
591 3260 619 3325 si
643 3260 767 3327 factum
792 3261 993 3342 cognoverit,
1018 3260 1115 3327 debet
1138 3262 1256 3327 iterum
1280 3283 1340 3346 pro
1363 3263 1469 3329 facul·

140 3354 211 3416 tate
234 3349 322 3416 licite
346 3349 455 3415 danda
477 3371 655 3416 recurrere.
702 3350 883 3416 Exactiora
905 3350 938 3414 in
961 3350 1100 3432 singulis
1123 3351 1262 3419 casibus.

80 3485 132 3539 118
231 3474 282 3536 An
306 3494 497 3548 onansrrnu
521 3477 560 3540 3¹²¹
584 3475 622 3541 R.
645 3476 673 3541 1.
720 3473 756 3537 ln
788 3477 892 3560 primo
922 3495 999 3540 casu
1031 3495 1095 3539 non
1125 3474 1221 3541 adest
1251 3475 1339 3541 iusta
1369 3497 1470 3542 causa

142 3561 365 3644 dispensandi:
400 3583 517 3643 quare,
550 3584 586 3628 re
618 3562 652 3627 in
684 3583 719 3628 se
752 3563 913 3629 obiective
936 3567 1103 3648 spectata,
1135 3568 1169 3631 et
1192 3564 1323 3630 Laelius
1352 3570 1469 3648 petens

141 3651 318 3733 parochum
351 3655 385 3716 et
413 3652 575 3734 parochus
599 3652 823 3717 obsecundans
846 3653 994 3734 graviter
1017 3652 1176 3736 peccavit,
1209 3675 1314 3736 neque
1337 3675 1374 3719 re
1397 3655 1470 3739 ipsa

141 3739 272 3804 Laelius
296 3739 505 3822 dispensatus
528 3745 589 3806 est.
614 3780 658 3788 —
688 3740 798 3806 Facile
828 3745 939 3807 tamen
970 3763 1042 3807 esse
1072 3746 1192 3826 potest,
1224 3748 1261 3809 ut
1289 3744 1376 3810 bona
1405 3744 1469 3809 fide

142 3829 185 3895 sit
209 3833 328 3894 actum.
371 3828 474 3894 Immo
497 3829 525 3894 si
549 3829 679 3895 Laelius
702 3831 736 3894 in
759 3830 930 3895 bonafide
954 3835 1026 3896 erat
1050 3835 1084 3896 et
1108 3831 1272 3897 difficilius
1296 3833 1402 3898 visum
1425 3833 1470 3900 sit

142 3940 215 3982 eum
246 3918 287 3983 ad
317 3917 480 4000 integram
511 3918 593 4001 legis
618 3919 860 3984 observantiam
884 3919 1056 3996 adducere,
1081 3920 1243 4003 parochus
1266 3921 1374 4005 potuit
1404 3944 1468 3988 non

142 4006 359 4089 dispensando
383 4007 440 4071 sed
463 4007 695 4073 dissimulando
718 4029 787 4072 rem
811 4009 1046 4085 transmittere,
1071 4009 1217 4074 Laelium
1237 4011 1406 4087 monendo,
1432 4016 1470 4078 ut

142 4095 258 4160 saltem
290 4117 349 4180 pro
373 4095 496 4161 viribus
526 4101 636 4179 atque,
669 4096 697 4162 si
728 4097 877 4178 nequiret
900 4097 1043 4179 quolibet
1068 4098 1128 4174 die,
1153 4099 1270 4163 saltem
1295 4099 1469 4181 aliquoties

140 4184 295 4250 ieiunium
318 4189 477 4251 servaret.
526 4185 573 4251 Cf.
598 4186 808 4268 Laymann
836 4187 857 4251 l.
882 4190 917 4262 4,
947 4191 989 4253 tr.
1016 4189 1049 4262 8,
1082 4208 1109 4255 c.
1134 4190 1169 4266 3,
1201 4209 1231 4254 11.
1258 4190 1292 4267 6,
1324 4189 1379 4270 qui
1403 4189 1468 4257 ait:

145 4273 309 4352 ,Tametsi
333 4274 423 4339 nulla
452 4295 494 4339 ex
518 4274 613 4341 dictis
637 4275 743 4340 causis
767 4275 1001 4342 excusantibus
1030 4276 1160 4361 reipsa
1184 4278 1279 4353 adsit,
1304 4278 1332 4342 si
1357 4283 1468 4344 tamen

140 4364 227 4428 bona
250 4362 313 4427 lide
337 4386 375 4427 cc
392 4364 556 4447 probabili
571 4368 694 4430 ratione
717 4364 832 4429 adesse
856 4365 1071 4442 existimetur,
1097 4369 1197 4448 atque
1212 4366 1332 4432 idcireo
1348 4367 1468 4449 aliquis

141 4473 206 4517 non
230 4451 352 4516 ieiunet
374 4452 428 4516 vel
452 4452 485 4517 in
510 4458 670 4519 nocturna
693 4454 829 4519 coenula
853 4459 1042 4521 consuetam
1066 4454 1284 4537 quantitatem
1309 4457 1467 4534 excedat3

142 4561 205 4605 non
230 4545 340 4624 potest
363 4541 478 4624 culpae
509 4542 626 4608 saltem
651 4544 943 4610 condemnari...
983 4544 1187 4620 Quamobren
1218 4549 1329 4611 monet
1354 4546 1468 4612 Cais-

141 4635 281 4706 tanns,
306 4632 343 4694 ut
366 4629 558 4696 confessarii
573 4632 779 4715 paenitentes
795 4654 871 4698 suos
887 4655 952 4699 non
967 4633 1062 4699 nimis
1079 4638 1229 4717 urgeant,
1254 4635 1282 4699 si
1305 4635 1468 4702 rationem
