3106 5168
165 287 319 342 Domininm
338 292 367 342 st
383 289 444 342 iura
462 287 577 342 liliorum
590 288 710 343 familias
729 317 764 328 -
782 287 930 358 occupatio,
949 289 1091 341 thesaurus
1108 295 1132 340 et
1149 289 1272 340 domatio.
1316 289 1381 354 305

364 490 628 557 THESAURUS
653 490 739 555 VEL
763 487 979 556 INVENTIO
1008 486 1078 570 (ΙΙ).

617 649 727 715 (lasus.
755 655 831 723 (180)

140 786 310 847 Gaudentia
331 788 441 847 famula
462 808 480 847 a
497 788 569 849 Gaio
591 788 662 847 emit
682 807 820 863 magnum
841 788 952 867 piscem
973 809 1026 866 pro
1048 789 1143 866 epulis
1164 808 1182 846 a
1203 789 1320 848 domino
1342 789 1383 848 in·

57 867 226 928 stituendis.
262 866 354 938 Quam
369 888 434 927 eum
449 875 647 940 exenteraret,
668 874 824 945 spectante
838 870 963 940 domino,
984 869 1135 928 invenitur
1149 870 1255 928 anulus
1276 888 1383 929 aureus

58 948 184 1024 gemmis
206 954 339 1019 ornatus,
360 948 391 1007 in
412 968 468 1025 quo
490 949 615 1007 incisum
637 953 703 1008 erat
724 950 866 1008 emblema
887 949 994 1009 nobilis
1015 949 1144 1008 familiae
1165 954 1263 1009 notae.

60 1055 239 1126 Qosnmrna
261 1056 290 1113 1⁰
314 1054 362 1192 {rui
377 1055 495 1192 ῚττττιτΙιτε
504 1054 711 1194 1ξτῖἰτίἰτεττᾶτιε,
741 1054 812 1115 Gaio
834 1074 872 1114 an
895 1054 1095 1126 Gaudentiae,
1123 1076 1162 1115 an
1183 1055 1316 1126 domino,
1345 1075 1383 1114 an

327 1154 385 1192 amr
398 1154 444 1193 rae
466 1154 503 1194 no
526 1155 565 1194 rr.

259 1225 291 1282 2⁰
315 1223 393 1298 quid,
416 1223 442 1282 si
462 1224 574 1282 familia
594 1224 646 1283 illa
667 1224 773 1283 nobilis
794 1243 859 1283 eum
881 1224 1036 1299 agnoverit
1056 1242 1109 1301 pro
1131 1224 1218 1283 anulo
1238 1224 1291 1283 filii
1312 1229 1385 1283 natu

314 1302 449 1373 maioris,
473 1304 521 1379 qui
543 1305 733 1363 antedonem
755 1322 849 1363 annos
870 1304 900 1363 in
922 1305 1079 1380 naufragio
1100 1305 1244 1381 perierat,
1266 1305 1330 1364 vel:
1357 1304 1384 1364 si

315 1383 417 1442 dacem
438 1385 524 1443 annis
545 1391 612 1460 post
631 1385 785 1443 inventum
806 1385 926 1444 anulum
946 1385 975 1443 id
996 1384 1127 1443 familiae
1148 1384 1323 1444 constiterit.

656 1565 791 1634 Solutio.

153 1710 204 1773 An
228 1728 419 1785 oosnsrrnrr
447 1711 482 1773 1ΙΙΙ
506 1708 544 1774 R.
570 1711 598 1777 1.
630 1707 736 1787 Caius,
760 1708 911 1776 venditor
933 1707 1042 1792 piscis,
1066 1708 1191 1773 nullum
1212 1706 1313 1775 habet
1335 1707 1386 1773 ius
1395 1719 1447 1773 599

61 1800 94 1862 in
119 1799 261 1863 anulum.
295 1797 482 1880 Numquam
506 1797 590 1862 enim
615 1818 686 1862 eum
711 1802 931 1882 occupaverat
953 1817 1058 1880 neque
1081 1817 1234 1880 nmquam
1258 1801 1331 1864 erat
1352 1797 1386 1862 in

62 1887 133 1952 cius
157 1886 306 1953 dominio.
354 1886 388 1952 Si
417 1886 606 1953 retinuisset
635 1886 757 1969 piscem
785 1891 819 1952 et
842 1886 911 1970 ipse
934 1887 1115 1954 invenisset
1137 1886 1285 1964 anulum,
1316 1885 1386 1970 ipso

61 1980 167 2062 primo
186 1976 237 2040 ius
251 1976 429 2051 habuisset,
453 1975 481 2039 si
497 1976 583 2057 quod
599 1980 774 2057 utcumque
789 1975 840 2040 ius
856 1981 938 2054 erat,
962 1975 1150 2059 occupandi.
1182 1975 1305 2041 Verum
1325 1976 1386 2041 hoe

63 2065 232 2141 confecit,
257 2065 314 2130 sed
331 2064 477 2130 vendidit
500 2063 631 2147 piscem,
656 2064 710 2146 qui
730 2069 864 2148 propter
879 2064 1064 2146 ignoratum
1080 2065 1211 2129 anulum
1228 2065 1385 2131 latentem

63 2158 97 2219 et
120 2157 255 2238 propter
276 2154 380 2218 solam
403 2151 656 2236 possibilitatem
680 2152 854 2235 aliquando
877 2152 910 2218 in
934 2152 1003 2218 eius
1021 2152 1186 2221 intestinis
1201 2153 1387 2219 inveniendi

63 2265 131 2308 rem
156 2242 334 2326 pretiosam
359 2241 490 2307 maioris
513 2242 610 2325 pretii
633 2262 696 2306 non
721 2247 804 2309 erat.

152 2348 192 2413 a.
217 2350 247 2412 2.
294 2347 327 2413 si
360 2368 445 2413 nnnc
478 2347 634 2412 sumimus
666 2348 798 2412 anulum
829 2368 865 2412 re
895 2346 967 2431 ipsa
995 2368 1061 2412 non
1093 2346 1194 2412 luisse
1223 2347 1257 2412 in
1290 2346 1386 2414 ullius

64 2436 215 2511 dominio,
240 2435 397 2513 dominus,
421 2457 480 2519 pro
504 2457 568 2518 quo
592 2437 776 2502 Gaudentio
799 2436 920 2521 piscem
945 2441 1080 2512 emerat,
1104 2457 1145 2501 ne
1167 2435 1237 2521 ipse
1256 2437 1386 2519 quidem

63 2546 123 2610 per
145 2524 245 2609 piscis
267 2525 463 2608 emptionem
488 2523 538 2590 ius
556 2525 589 2589 in
605 2526 737 2590 anulum
754 2525 944 2608 acquisivit;
968 2545 1073 2608 neque
1096 2525 1146 2590 ius
1169 2525 1283 2592 habuit
1299 2526 1386 2592 Gau·

63 2614 210 2681 dentiam
239 2613 376 2680 invitam
406 2614 439 2678 in
470 2615 657 2698 occupando
688 2615 889 2697 praevenire.
936 2614 1023 2680 Nam
1046 2615 1073 2679 si
1098 2615 1282 2681 Gaudentio
1304 2615 1387 2682 vidit

63 2704 196 2770 anulum
220 2723 357 2785 eumque
380 2702 441 2768 sibi
464 2724 591 2768 sumere
615 2703 734 2780 voluit,
766 2724 804 2769 eo
828 2705 898 2787 ipso
922 2704 1007 2786 quod
1037 2704 1159 2787 piscem
1187 2725 1259 2769 oum
1289 2706 1387 2771 anulo

63 2794 95 2859 in
119 2792 268 2858 manibus
291 2791 427 2858 retinuit
450 2813 524 2857 cum
547 2792 655 2857 animo
678 2792 738 2857 sibi
762 2793 895 2858 anulum
918 2792 1106 2874 acquirendi
1131 2793 1212 2859 satis
1236 2814 1309 2858 eum
1332 2815 1387 2859 oc·

64 2881 209 2966 cupavit.
255 2881 377 2946 Verum
407 2880 434 2946 si
463 2880 536 2965 ipsa
565 2901 634 2945 rem
664 2901 727 2946 non
751 2881 943 2948 adverterat
965 2882 1019 2947 vel
1042 2881 1185 2947 animum
1209 2882 1387 2965 occupandi

65 2993 129 3036 non
152 2969 276 3047 habuit,
300 2970 458 3048 dominus,
482 2969 510 3033 si
526 2991 599 3036 eam
623 2969 804 3053 praevenit,
827 2970 959 3036 anulum
975 2971 1187 3054 occupatione
1203 2971 1387 3053 acquisivit,

64 3060 125 3125 nisi
150 3059 266 3125 anulus
289 3058 456 3124 habendus
479 3058 523 3125 sit
546 3079 604 3142 pro
627 3061 786 3126 thesauro.
818 3059 855 3124 In
877 3079 939 3141 qno
956 3080 1034 3124 casu
1052 3060 1085 3142 1)
1101 3059 1268 3125 dimidium
1290 3059 1388 3143 pretii

65 3149 144 3215 hero
169 3148 371 3214 Gaudentius
395 3148 540 3225 debetur,
565 3148 627 3213 etsi
652 3147 838 3214 Gaudentia
861 3169 933 3213 eum
950 3148 1139 3232 occupando
1162 3148 1386 3232 praevenerit:

66 3241 100 3320 2)
125 3237 224 3303 etiam
248 3237 450 3303 Gaudentius
480 3243 633 3303 servatur
662 3237 712 3302 ius
742 3237 783 3301 ad
814 3236 979 3301 dimidium
1008 3236 1166 3320 pretium,
1197 3237 1260 3303 etsi
1289 3239 1388 3303 herus

65 3349 137 3393 eam
154 3326 341 3409 occupando
357 3326 574 3410 praevenerit,
599 3347 640 3391 ex
658 3329 727 3391 iure
744 3327 938 3391 Germanice
953 3325 1092 3404 indubie,
1117 3347 1159 3391 ex
1175 3326 1248 3392 aliis
1264 3326 1388 3393 iuribus

65 3438 128 3482 non
153 3415 271 3497 ubique
294 3415 341 3479 ita
365 3419 464 3481 certo.

154 3521 194 3587 R.
219 3524 250 3585 3.
285 3521 332 3587 Ut
354 3521 527 3585 thesaurus
551 3525 659 3585 autem
683 3519 937 3585 considerandus
960 3523 1021 3598 est,
1045 3519 1073 3585 si
1095 3523 1233 3604 apparet
1256 3521 1389 3587 anulum

65 3633 138 3677 esse
162 3618 323 3693 uetustum,
348 3631 406 3674 nec
431 3610 613 3694 quempiam
637 3609 776 3693 probare
800 3630 905 3692 posse,
930 3630 1003 3674 oum
1027 3629 1047 3675 a
1069 3629 1106 3674 so
1129 3630 1201 3674 esse
1223 3609 1388 3676 amissum.

65 3701 151 3767 Nam
177 3700 263 3782 quod
285 3699 318 3764 in
342 3720 377 3763 re
400 3699 526 3775 mobili,
558 3699 663 3783 pisce,
694 3698 737 3764 sit
760 3697 929 3776 inventus,
960 3698 1124 3763 notionem
1155 3697 1302 3764 thesauri
1324 3721 1388 3765 non

66 3790 185 3856 aufert.
233 3788 280 3856 Cf.
305 3787 593 3865 Kuhlenbeck‚
620 3790 735 3854 Comm.
760 3790 794 3853 io
817 3789 884 3853 cod.
910 3787 1016 3853 Germ.
1041 3787 1083 3853 ad
1107 3787 1124 3869 ἕ
1148 3789 1224 3855 984.

156 3913 208 3978 An
224 3933 415 3990 Qusnsrronr
432 3914 470 3976 2¹²
486 3911 526 3976 R.
544 3915 572 3976 1.
597 3911 701 3975 Huius
717 3910 917 3994 quaestionis
933 3910 1112 3995 suppositio
1129 3911 1240 3988 efficit,
1256 3912 1389 3977 anulum
1399 3920 1452 3975 600

66 4023 131 4067 non
164 4002 414 4085 computandum
448 4021 520 4065 esse
552 4000 757 4075 thesaurum
791 4020 892 4082 quare
922 4000 962 4065 de
992 4000 1191 4083 obligatione
1222 4002 1390 4067 diuidendi

67 4090 163 4174 pretii
187 4112 251 4156 non
275 4095 479 4174 potestesse
502 4109 619 4154 sermo
643 4121 688 4130 -
711 4089 826 4171 Neque
849 4094 960 4155 tamen
983 4089 1039 4155 illa
1063 4110 1131 4167 res,
1163 4090 1248 4171 qnod
1272 4090 1389 4155 nobilis

67 4179 212 4245 familiae
236 4180 394 4245 emblema
417 4178 600 4262 reperiatur
622 4177 655 4242 in
679 4197 717 4241 eo
740 4176 894 4257 incisum,
924 4178 989 4244 iam
1015 4199 1074 4262 per
1096 4199 1132 4244 se
1155 4178 1284 4244 videtur
1313 4199 1390 4262 pro-

67 4269 147 4333 bare
170 4268 345 4334 dominium
368 4268 520 4345 familiae,
546 4266 608 4332 nisi
632 4266 827 4343 constiterit,
851 4266 1006 4333 eiusmodi
1031 4288 1099 4332 rem
1124 4268 1165 4332 ab
1183 4266 1241 4332 illa
1263 4266 1389 4332 familia

68 4378 243 4439 numquam
266 4357 299 4421 in
323 4357 404 4422 alios
427 4357 606 4423 transiisse.

157 4463 196 4530 R.
221 4465 251 4528 2.
297 4464 334 4527 In
361 4466 470 4548 primo
494 4463 625 4529 secundi
649 4462 794 4540 Quaesiti
819 4461 1042 4546 suppositione
1066 4462 1182 4527 anulus
1204 4459 1389 4525 reddendus

69 4555 135 4628 est3
164 4557 216 4620 est
239 4552 323 4617 enim
347 4573 399 4617 res
423 4553 573 4630 inventa,
597 4553 687 4616 ouius
711 4552 859 4617 dominus
882 4572 959 4616 mox
982 4555 1128 4635 apparet.
1176 4549 1235 4626 Qui
1259 4569 1330 4614 cum
1352 4569 1390 4614 se

68 4641 257 4724 probaverit
273 4641 446 4719 dominum,
471 4641 522 4706 ius
537 4641 637 4706 habet
652 4640 825 4725 recipiendi
841 4639 1079 4724 possessionem
1096 4639 1153 4716 rei,
1179 4639 1270 4704 ouius
1286 4637 1390 4703 dorni·

122 4752 376 4801 Lehmknhl,cssus
390 4752 548 4795 comclsntlss.
575 4752 592 4794 1.
1141 4743 1175 4798 20
