3106 5168
147 296 211 361 508
574 341 577 346 .
638 289 680 344 De
697 288 805 356 legibus
824 287 970 342 Ecclesiae.

147 468 238 529 sitin
259 467 429 528 sacerdotes
450 464 588 524 scaenica
609 465 780 542 spectacula
803 464 951 534 adituros,
979 463 1111 523 Iucundo
1132 463 1241 523 abhinc
1261 464 1466 523 abstinendum

147 569 213 608 esse
236 551 274 608 ab
295 547 477 624 excipiendis
505 545 739 605 confessionibus
766 545 817 615 (ad
837 565 911 621 quas
932 544 1019 604 aliter
1040 545 1205 604 retinuerat
1225 545 1412 619 facultatem)
1439 553 1467 604 et

146 629 347 689 functionibus
368 626 614 698 sacerdotalibus,
635 626 762 684 maxime
784 625 834 685 SS.
855 624 949 684 Missa
970 625 1125 685 sacrificio.

148 742 323 813 Qunaarrue
345 744 375 800 1⁰
400 740 450 817 qui
470 741 502 800 in
522 761 595 817 quos
616 741 733 817 possint
753 742 831 799 ferre
852 759 1003 800 censuras.

345 832 376 888 2⁰
401 831 550 908 peregrini
569 830 674 907 quibus
696 829 830 889 censuris
851 830 1033 889 subiaceant.

346 922 376 979 3⁰
401 920 469 995 quid
491 921 526 979 de
549 940 619 978 casu
641 925 743 978 nostro
764 917 960 978 iudicandum.

740 1118 875 1185 Salutio.

87 1277 139 1329 995
236 1264 290 1329 Ao
314 1284 504 1340 uuaasrruu
531 1266 566 1327 1¹²¹
590 1263 629 1329 R.
657 1266 684 1330 1.
733 1263 812 1328 Cum
842 1284 979 1328 censura
1002 1263 1046 1328 sit
1069 1283 1190 1346 poena,
1221 1263 1280 1329 illa
1303 1264 1385 1329 ferri
1407 1286 1468 1330 non

147 1357 258 1437 potest
280 1351 342 1418 nisi
365 1373 385 1416 a
408 1351 574 1435 superiore
597 1352 630 1415 in
653 1373 729 1416 suos
752 1352 899 1418 subditos
922 1353 975 1416 vel
1006 1351 1076 1416 eius
1105 1352 1244 1418 nomine.
1292 1352 1370 1431 Qui,
1398 1375 1468 1419 cum

149 1442 296 1526 superior
326 1440 543 1522 delinquentis
572 1462 636 1505 non
666 1440 728 1515 sit,
760 1440 888 1507 nomine
918 1440 1093 1524 superioris
1123 1462 1296 1507 censuram
1326 1442 1409 1522 fert,
1439 1442 1470 1507 id

149 1531 230 1597 facit
252 1533 418 1614 potestate
441 1529 604 1610 delegata,
629 1533 794 1612 potestate
817 1530 951 1614 propria
973 1529 1042 1613 ipse
1066 1530 1222 1614 superior.

238 1636 278 1703 R.
302 1639 333 1702 2.
378 1633 463 1699 Hinc
493 1634 644 1698 Summus
666 1634 820 1701 Pontifex
849 1635 902 1699 vel
933 1634 1103 1700 concilium
1133 1635 1288 1716 generale
1315 1656 1469 1701 censuras

149 1729 296 1792 statuere
320 1727 456 1807 possunt
486 1744 544 1806 pro
577 1726 647 1790 tote
678 1725 755 1789 orbe
786 1727 900 1789 contra
930 1724 1092 1805 quoslibet
1114 1724 1366 1800 Christifidelee3
1398 1746 1470 1789 con·

151 1814 260 1880 cilium
290 1812 488 1896 provinciale
523 1833 582 1895 pro
614 1816 687 1877 tota
715 1813 900 1895 provincia,
932 1811 1103 1896 episcopus
1139 1834 1198 1895 pro
1228 1834 1290 1878 sua
1320 1813 1468 1891 dioecesi,

152 1902 336 1985 superiores
366 1902 535 1982 regulares
565 1901 659 1967 iuxta
681 1902 804 1985 proprii
820 1901 942 1966 ordinis
966 1901 1215 1968 constitutiones
1238 1903 1273 1967 in
1295 1923 1376 1968 suos
1398 1904 1470 1968 sub·

150 1991 246 2069 dites,
278 1990 421 2072 delegati
443 1990 619 2055 secundum
643 1990 800 2056 ambitum
823 2012 902 2055 suae
925 1990 1150 2072 delegationis.

239 2097 277 2161 R.
303 2100 333 2161 3.
373 2095 760 2178 Quapropter'censurae
782 2097 928 2179 papales,
952 2096 1015 2161 nisi
1037 2096 1070 2161 in
1093 2096 1165 2179 ipsa
1179 2117 1286 2180 poena
1309 2097 1471 2165 restrictio

150 2185 241 2250 iacta
274 2186 334 2262 sit,
370 2184 579 2249 incurruntur
609 2184 848 2266 aquibuslibet
882 2185 1030 2250 fidelibus
1061 2186 1196 2250 ubilibet
1227 2187 1471 2254 exsistentibus.

151 2274 314 2339 Censurae
344 2274 546 2356 episcopales
576 2273 813 2339 contrahuntur
835 2294 856 2338 a
879 2274 1016 2340 subditis
1045 2275 1078 2339 in
1102 2274 1242 2340 dioecesi
1271 2297 1472 2342 commoran-

151 2363 255 2442 tibus,
286 2363 437 2444 quoniam
462 2382 579 2446 perse
604 2363 695 2443 leges
718 2363 919 2447 episcopales
944 2369 1140 2429 censeantur
1162 2385 1235 2428 esse
1257 2365 1473 2432 territoriales

152 2457 249 2518 extre
264 2451 464 2516 territorium
483 2472 547 2515 non
570 2450 729 2532 ligantes;
754 2473 867 2516 verum
891 2453 976 2517 sicut
998 2453 1169 2537 personale
1180 2458 1405 2538 praeceptum,
1428 2455 1472 2520 ita

152 2542 251 2607 etiam
276 2540 456 2624 personalis
479 2561 585 2622 poena
608 2540 709 2606 statui
737 2545 848 2623 potest
877 2542 909 2606 in
933 2542 1097 2607 subditum
1120 2541 1183 2619 ita,
1214 2546 1253 2608 ut
1276 2563 1352 2607 eum
1376 2543 1471 2610 etiarn

152 2649 289 2713 peregre
313 2628 526 2694 exsistentem
549 2629 731 2705 comitetur,
756 2631 873 2695 saltem
889 2631 1019 2713 quando
1042 2651 1096 2695 res
1118 2631 1284 2714 propriam
1300 2632 1470 2698 dioecesim

152 2721 283 2801 spectat
306 2718 380 2798 (Tu.
405 2740 444 2782 m.
470 2717 515 2794 Il,
542 2717 630 2799 871),
655 2752 699 2759 -
722 2718 885 2783 Censurae
909 2741 928 2783 a
952 2720 1143 2802 provinciali
1166 2719 1302 2785 concilio
1327 2725 1471 2788 statutae

152 2828 264 2871 omnes
282 2810 469 2890 prouinciae
492 2806 615 2871 incolas
638 2806 753 2888 ligant,
778 2807 826 2872 ita
849 2813 885 2872 ut
908 2809 1130 2891 peregrinatio
1154 2807 1186 2872 in
1210 2809 1309 2873 aliam
1330 2810 1469 2875 eiusdem

151 2895 340 2978 provinciae
356 2895 528 2960 dioecesim
551 2916 724 2960 acensura
748 2917 821 2961 eum
844 2919 908 2960 non
939 2897 1071 2973 eximat,
1096 2896 1151 2978 qui
1174 2896 1218 2962 ibi
1234 2898 1414 2981 delinquat.
1431 2935 1470 2944 -

152 2985 316 3050 Censurae
346 3006 367 3049 a
393 2984 602 3066 superoribus
632 2985 830 3067 regularium
861 2987 949 3052 latae
980 2992 1154 3051 censentur
1177 2987 1325 3053 subditos
1356 2989 1471 3070 ubique

152 3073 315 3149 comitari;
340 3074 388 3140 ita
411 3078 448 3137 ut
472 3095 536 3138 non
558 3095 617 3156 pro
633 3074 884 3140 territorialibus
908 3075 965 3139 sed
988 3097 1047 3158 pro
1063 3075 1290 3158 personalibus
1305 3077 1471 3142 habendae

151 3163 232 3240 sint,
264 3162 326 3227 nisi
356 3163 389 3226 in
419 3184 497 3227 casu
528 3162 716 3244 particulari
749 3169 877 3229 constet
900 3165 940 3228 de
968 3165 1148 3234 contrario:
1181 3165 1221 3230 cf.
1247 3165 1470 3231 Ballerini·

151 3252 349 3317 Palmieri
385 3256 426 3318 tr.
455 3255 513 3329 11,
547 3255 686 3327 n.103;
722 3252 754 3318 S.
787 3253 909 3336 Alph.
933 3253 1014 3330 Vll,
1049 3257 1109 3325 20;
1144 3253 1326 3318 Lacroix
1360 3255 1413 3321 lib.
1443 3258 1469 3330 7,

151 3362 182 3406 n.
209 3344 261 3406 28.

240 3447 277 3510 R.
303 3449 333 3511 4.
366 3447 557 3528 Regulares,
582 3447 609 3511 si
632 3470 695 3512 riou
719 3446 841 3511 fuerint
866 3452 1005 3532 exempti,
1030 3469 1109 3513 sane
1132 3448 1303 3515 subiacent
1327 3450 1470 3515 censuris

152 3534 407 3617 episcopalibus
441 3535 587 3600 simodo
611 3536 786 3600 secundum
811 3557 1012 3601 communem
1035 3538 1144 3619 legum
1168 3537 1469 3621 interpretationem

152 3624 202 3686 lec
224 3623 323 3687 etiam
354 3645 410 3688 eos
439 3624 701 3707 comprehendat.
749 3626 931 3706 Regulares
964 3629 1073 3690 autem
1105 3631 1237 3711 excrepit
1261 3666 1304 3675 -
1329 3628 1470 3712 exempti

154 3716 263 3776 autern
289 3717 365 3776 sunt
388 3712 445 3775 vix
469 3734 533 3777 non
558 3734 669 3777 omnes
692 3753 736 3760 —
760 3714 905 3778 censuris
935 3715 1022 3779 affici
1052 3716 1093 3779 ab
1123 3714 1274 3798 episcopo
1304 3737 1370 3781 non
1401 3739 1472 3801 pos·

152 3805 244 3876 sunt,
277 3801 338 3863 nisi
369 3800 437 3882 ipse
467 3802 515 3865 ite
545 3823 643 3884 agere
667 3803 770 3884 possit
794 3807 828 3867 et
851 3808 931 3885 agat
959 3807 995 3867 ut
1019 3804 1189 3886 delegatus
1213 3804 1307 3870 Sedis
1330 3805 1470 3889 Aposto-

153 3888 244 3953 licae.
293 3888 327 3952 ln
353 3890 451 3954 certis
475 3891 561 3955 enim
585 3891 713 3955 casibus
736 3893 816 3956 haec
839 3897 988 3975 potestas
1012 3913 1083 3955 cum
1108 3893 1267 3958 facultate
1292 3895 1392 3959 etiam
1417 3917 1471 3978 per

152 3999 308 4042 censuras
332 3979 486 4043 mandata
510 4001 569 4043 sua
593 3981 728 4061 urgendi
753 3981 913 4064 episcopis
929 4003 949 4045 a
965 3982 997 4046 S.
1016 3982 1097 4046 Sede
1115 3982 1193 4047 data
1209 3987 1269 4049 est.
1306 3983 1355 4048 Cf.
1376 3985 1470 4049 Lau·

152 4067 317 4132 centius
342 4069 362 4132 l.
388 4089 414 4132 c.
440 4090 471 4134 n.
497 4072 578 4144 3663
604 4070 911 4135 Bellen-Palm.
936 4071 958 4136 l.
983 4093 1008 4134 c.
1034 4093 1064 4135 n.
1092 4074 1219 4152 blsqq.

90 4201 142 4254 996
243 4192 295 4253 Au
319 4211 509 4265 ouaasrruu
535 4195 572 4254 2³¹
597 4192 635 4257 R.
664 4197 692 4258 1.
738 4193 923 4273 Peregrini,
955 4215 1028 4257 cum
1056 4194 1267 4276 probabiliter
1291 4188 1398 4278 neque
1423 4194 1467 4259 sui

155 4279 310 4343 territorii
335 4301 439 4360 neque
462 4279 621 4345 territorii
645 4281 783 4345 actualis
807 4282 933 4364 legibus
958 4287 1149 4356 teneantur,
1175 4305 1332 4348 censuras
1357 4289 1469 4350 dioece-

153 4391 251 4431 sanus
275 4389 338 4431 non
362 4369 539 4433 incurrunt.
573 4370 655 4433 Sunt
679 4371 731 4451 qui
750 4377 904 4436 censeant
920 4371 1040 4435 incurri
1057 4394 1076 4435 a
1092 4373 1275 4455 peregrinis
1292 4395 1467 4439 censuram.

152 4456 178 4519 si
204 4456 279 4536 quid
304 4459 362 4521 sub
379 4479 515 4522 censura
532 4458 712 4540 peregrinis
728 4461 915 4541 specialiter
930 4461 1128 4543 prohibitum
1145 4462 1207 4537 sit;
1232 4463 1290 4526 sed
1312 4465 1345 4530 S.
1363 4464 1467 4547 Alph.

155 4543 229 4619 Vll,
257 4548 295 4608 17
328 4551 419 4610 tenet
448 4547 647 4629 probabilius
677 4548 862 4631 episcopum
896 4572 960 4614 non
991 4572 1087 4632 posse
1122 4551 1227 4627 ,ferre
1252 4573 1409 4618 censuras
1439 4553 1468 4616 in

153 4634 342 4713 peregrinos
367 4636 407 4698 ad
432 4637 578 4700 cavenda
602 4636 768 4702 crimina“.
