3106 5168
153 302 217 366 220
313 296 353 351 De
371 296 520 352 virtutibus
538 299 566 351 et
584 278 682 351 officiis
700 313 767 365 erga
784 295 915 350 homiues.
931 325 964 335 -
984 295 1091 351 Cautus
1109 295 1138 350 in
1155 296 1317 366 proximum.

152 475 326 540 advocare.
364 471 484 550 Quodsi
507 472 609 557 igitur
631 472 692 538 hoc
715 493 780 538 nou
803 471 890 551 licet,
914 493 980 538 non
1002 470 1123 551 licebit,
1148 476 1186 539 ut
1200 471 1341 549 videtur,
1366 493 1388 539 a
1411 472 1479 538 for·

153 563 237 629 tiore
260 562 350 628 illud.

241 651 459 717 Nihilominus
488 670 553 716 uon
583 649 665 716 satis
695 654 785 717 recte
814 649 847 714 id
876 650 1088 716 concluditur.
1140 648 1261 716 Fateor
1293 648 1392 734 plane
1427 649 1480 715 hio

154 741 269 807 adesse
299 739 562 825 propinquiorem
593 739 871 823 cooperationem,
902 760 1000 821 quam
1024 739 1052 804 si
1075 737 1185 821 agitur
1208 739 1247 804 de
1270 739 1341 804 solo
1364 739 1479 806 nuntio

154 829 310 896 ministris
334 828 525 895 acatholicis
548 828 672 903 dando;
697 850 810 893 verum
827 827 917 912 peior
933 833 984 895 est
1001 827 1198 913 cooperatio,
1223 828 1353 911 quando
1369 828 1480 911 agitur

154 920 194 985 de
217 917 407 985 advocando
430 917 615 983 formaliter
637 917 796 994 ministro,
825 925 858 982 ct
880 917 980 983 ritum
1001 938 1096 983 suum
1119 920 1268 1000 peragat.
1315 916 1406 994 Quae
1430 923 1481 984 eet

151 1008 300 1074 formalis
324 1012 359 1074 et
381 1008 442 1072 hoc
465 1027 563 1072 sensu
587 1028 683 1090 quam
707 1007 857 1090 proxima
879 1006 1065 1090 cooperatio
1082 1027 1186 1089 eaque
1201 1026 1331 1090 semper
1345 1005 1479 1082 illicita;

153 1119 247 1181 opem
278 1099 387 1163 autem
417 1095 505 1161 ferre
535 1096 568 1161 in
597 1096 790 1162 instruenda
821 1116 951 1174 mensa,
983 1094 1197 1179 procurandis
1226 1116 1311 1179 pane
1334 1100 1369 1161 et
1392 1096 1479 1172 vino,

153 1185 341 1271 cooperatio
372 1184 500 1267 quidem
531 1188 582 1251 est
612 1206 769 1269 perquam
798 1185 997 1268 propinqua,
1029 1184 1088 1250 sed
1114 1206 1181 1250 non
1203 1184 1389 1250 necessario
1413 1185 1481 1250 for·

152 1276 257 1342 malis.
305 1275 355 1352 Si,
386 1273 441 1355 qni
464 1274 546 1339 haec
569 1274 750 1340 ministeria
772 1295 830 1338 seu
854 1274 977 1339 auxilia
1000 1274 1147 1352 exhibet,
1171 1273 1254 1339 satis
1277 1273 1422 1341 ostendit
1445 1296 1480 1339 se

152 1384 221 1429 rem
251 1363 371 1429 habere
407 1384 467 1446 pro
502 1362 601 1427 nihilo
636 1383 736 1444 seque
772 1384 838 1427 non
870 1367 1050 1447 spontanee
1079 1361 1137 1427 sed
1170 1362 1263 1445 quasi
1295 1367 1411 1428 coacte
1440 1384 1480 1429 ea

152 1454 279 1518 facere:
305 1451 492 1536 cooperatio
517 1452 579 1518 erit
602 1451 782 1518 materialis
805 1456 945 1528 tantum,
970 1451 1018 1518 ita
1033 1456 1070 1517 ut
1086 1472 1128 1516 ex
1144 1472 1244 1517 causa
1260 1451 1358 1516 valde
1373 1452 1479 1534 gravi,

152 1543 179 1607 si
204 1541 360 1607 declinari
383 1545 542 1624 nequeat,
570 1541 723 1606 videatur
747 1541 887 1607 evadere
910 1541 1009 1619 licita,
1033 1540 1130 1606 sicuti
1153 1539 1196 1605 ad
1222 1543 1259 1605 1¹n
1284 1540 1402 1617 Quaes.
1427 1561 1479 1606 re·

152 1652 307 1716 sponsum
331 1634 392 1698 est.

241 1720 293 1785 Ad
317 1719 401 1784 hanc
425 1739 493 1783 rem
518 1718 655 1797 confert,
682 1717 768 1801 quod
791 1718 1020 1801 Laymanu,
1044 1718 1095 1784 Dc
1117 1721 1208 1784 ecrit.
1233 1717 1301 1798 (lib.
1326 1722 1357 1795 2,
1382 1722 1425 1785 tr.
1446 1718 1480 1800 3)

154 1830 225 1892 cap.
246 1811 296 1884 13,
316 1810 385 1873 n.5
409 1807 494 1874 dixit
517 1829 576 1891 pro
600 1807 854 1873 circumstantiis
877 1806 927 1872 sui
950 1807 1118 1890 temporis,
1142 1829 1216 1872 cum
1237 1807 1392 1889 frequens
1408 1811 1481 1873 erat

154 1897 356 1980 integrarum
387 1897 656 1963 communitatum
686 1918 706 1961 a
734 1896 799 1961 fide
829 1895 968 1961 defectio
999 1900 1033 1961 et
1058 1896 1226 1977 religionis
1249 1897 1479 1963 commutatio:

160 1986 211 2063 ,Si
234 1986 396 2062 aedituus,
421 1985 473 2067 qui
498 1987 658 2051 hactenus
680 1985 714 2050 in
738 1985 876 2050 ecclesia
899 1986 940 2051 ab
964 1985 1138 2050 haereticis
1156 1990 1317 2069 occupata
1332 1985 1481 2062 servivit,

154 2075 196 2141 ad
219 2075 316 2139 fidem
347 2074 541 2141 catholicam
575 2078 802 2152 convertatur,
834 2074 892 2140 sed
915 2075 1010 2156 gravi
1033 2074 1232 2140 necessitate
1254 2095 1388 2158 pressus
1411 2096 1481 2141 ser·

154 2164 235 2230 vitio
259 2185 317 2229 suo
341 2164 454 2230 statim
479 2165 655 2229 abscedere
678 2184 743 2228 non
766 2162 886 2246 possit:
911 2167 990 2246 puto
1015 2163 1194 2246 cogendum
1218 2183 1284 2228 non
1307 2184 1398 2241 esse,
1423 2164 1481 2229 sed
1543 2242 1550 2255 1

155 2253 406 2329 absolvendum,
446 2252 474 2317 si
503 2252 693 2337 promittat,
732 2253 817 2334 quod
847 2252 1016 2318 servitium
1047 2254 1193 2330 deseret,
1232 2273 1304 2317 curu
1340 2253 1480 2336 primurn

155 2363 264 2407 rerum
288 2346 379 2409 statu
402 2341 575 2408 immutato
599 2341 760 2425 potuerit:
783 2341 879 2407 modo
903 2341 990 2407 absit
1005 2341 1194 2406 scandalum
1214 2346 1313 2424 atque
1329 2342 1481 2408 virtualis

156 2430 260 2497 falsae
283 2430 450 2513 religionis
473 2431 642 2513 professio,
667 2430 695 2496 si
718 2430 869 2495 nimirum
885 2430 938 2496 vel
954 2451 997 2496 ex
1018 2433 1134 2514 aperta
1150 2430 1273 2497 aeditui
1288 2451 1399 2497 coram
1423 2452 1481 2515 po·

154 2520 232 2604 pulo
262 2519 501 2603 protestatione
531 2519 584 2584 vel
614 2518 688 2585 aliis
715 2520 896 2599 rationibus
925 2518 1136 2585 manifestum
1159 2519 1218 2598 sit,
1250 2521 1336 2601 quod
1360 2520 1481 2586 abillo

156 2609 338 2675 ministeria
360 2607 529 2693 pulsandi,
553 2609 724 2674 ecclesiam
747 2608 930 2692 aperiendi,
959 2608 1146 2687 claudendi,
1170 2629 1287 2692 panem
1312 2613 1347 2675 et
1370 2609 1481 2675 vinum

156 2697 313 2763 afferendi
347 2702 408 2763 etc.
433 2697 538 2762 solum
568 2699 650 2763 fiant
679 2698 896 2763 materialiter
925 2703 959 2764 et
989 2701 1027 2763 ut
1055 2703 1149 2764 actus
1172 2698 1350 2763 secundum
1373 2718 1410 2764 se
1433 2699 1481 2763 in·

157 2786 344 2853 differentes
368 2792 460 2863 sunt,
492 2792 526 2852 et
556 2807 760 2868 nequaquam
790 2788 888 2864 fiant,
920 2791 1080 2868 quatenus
1104 2787 1296 2852 ordinantur
1319 2788 1361 2853 ad
1385 2809 1480 2853 exer·

158 2876 236 2941 citia
258 2875 434 2954 haeretica,
460 2875 578 2958 quippe
602 2897 685 2957 quae
708 2875 869 2940 hominem
894 2876 1051 2941 detestari
1075 2876 1171 2959 plane
1195 2879 1352 2942 constet.“

94 2971 147 3025 430
245 2964 283 3030 R.
303 2968 332 3030 2.
369 2966 491 3048 Sponte
515 2969 625 3029 tamen
651 2985 689 3029 ea
705 2964 887 3030 ministeria
903 2965 1057 3030 exhibere
1072 2986 1202 3049 semper
1218 2965 1363 3032 continet
1378 2966 1480 3050 ipsius

156 3053 301 3136 religiosi
331 3053 415 3119 ritus
445 3053 712 3137 approbationem
743 3054 916 3136 quandam.
963 3053 1070 3130 Quare
1100 3054 1149 3120 ita
1179 3076 1277 3136 agere
1305 3055 1479 3120 nonlicet.

157 3144 272 3225 Neque
296 3144 401 3208 solum
424 3143 572 3208 illicitum
597 3149 658 3220 est,
683 3164 747 3207 nou
770 3147 921 3225 rogatum
945 3164 1017 3207 sese
1042 3144 1159 3207 offerre
1183 3143 1224 3208 ad
1241 3164 1280 3208 ea
1297 3143 1480 3209 ministeria

156 3233 366 3315 praestanda,
390 3232 448 3297 sed
472 3232 586 3308 etiarn,
611 3236 763 3313 rogatum
791 3252 827 3296 se
850 3236 1035 3314 promptum
1059 3231 1100 3297 ad
1124 3231 1156 3295 id
1181 3231 1363 3311 ostendere,
1389 3234 1480 3315 quasi

156 3321 269 3387 libenti
295 3326 329 3387 et
357 3321 510 3403 religioso
534 3321 641 3386 animo
665 3342 705 3386 ea
727 3324 953 3404 praestentur3
985 3320 1082 3386 debet
1112 3320 1197 3385 enim
1216 3325 1350 3405 positiuc
1367 3330 1480 3408 pulcre

156 3410 237 3474 haec
268 3411 410 3475 minime·
431 3410 594 3494 praestari
624 3414 660 3475 ut
689 3409 798 3475 officia
827 3409 996 3490 religiosa,
1035 3415 1135 3492 atque
1164 3413 1338 3493 praeterea
1368 3411 1481 3493 gravis

157 3500 241 3563 ratio
266 3499 312 3564 sic
335 3499 550 3565 materialiter
573 3499 768 3582 cooperandi
792 3498 907 3564 adesse
931 3498 1037 3564 debet.

246 3588 336 3664 Quae
366 3589 471 3670 magis
495 3588 595 3653 etiam
619 3589 833 3655 attendantur
857 3591 1004 3671 oportet,
1035 3586 1062 3652 si
1086 3587 1173 3653 forte
1196 3586 1398 3653 acatholicus
1421 3588 1480 3654 mi·

158 3675 261 3740 nister
290 3677 407 3759 agendi
442 3698 502 3741 sua
531 3677 659 3743 ratione
696 3678 849 3744 ostendat
881 3698 916 3741 se
954 3698 975 3742 a
1004 3676 1199 3742 monialibus
1230 3697 1270 3742 ea
1300 3677 1481 3743 ministeria

158 3765 292 3846 exigere
315 3766 369 3831 vel
393 3770 586 3850 exspectare
610 3788 648 3831 eo
672 3768 752 3843 fine,
783 3770 820 3831 ut
849 3765 1025 3849 paritatem
1049 3765 1128 3831 iuris
1144 3767 1196 3831 vel
1220 3765 1331 3849 potius
1354 3766 1480 3832 indiffe-

158 3854 348 3919 rentismum
372 3855 458 3920 inter
474 3855 621 3919 diversas
637 3855 812 3937 religiones
827 3855 903 3921 illae
920 3859 1112 3936 agnoscant.
1148 3856 1238 3920 Haec
1253 3854 1338 3920 enim
1356 3856 1481 3938 paritas

158 3943 290 4025 eiusque
307 3944 431 4025 agnitio
448 3944 546 4028 impia
563 3948 623 4022 est,
648 3966 752 4026 neque
776 3966 814 4008 eo
838 3966 873 4009 se
897 3944 1046 4009 extendit
1062 3966 1101 4009 ea
1118 3965 1201 4026 quae
1217 3943 1336 4010 dicitur
1351 3945 1482 4027 publica

158 4037 191 4098 et
215 4032 350 4097 iuridica
372 4033 497 4117 paritas
523 4033 610 4098 inter
634 4033 781 4098 diversos
805 4035 920 4099 cultus.
967 4033 1029 4098 Illa
1052 4033 1176 4098 scilicet
1198 4034 1325 4116 paritas
1348 4034 1481 4117 politica

157 4125 285 4188 tantum
310 4126 377 4199 est;
407 4122 526 4205 publici
550 4122 693 4204 religiosi
717 4123 863 4189 exercitii
888 4123 1075 4188 libertatem
1099 4122 1193 4201 dicit,
1224 4144 1289 4187 non
1313 4123 1482 4189 doctrinae

159 4211 332 4276 veritatem
355 4213 409 4275 rel
433 4211 622 4275 bonitatem.

97 4314 145 4365 431
246 4301 284 4364 R.
318 4304 348 4365 3.
397 4299 430 4365 Si
462 4300 591 4382 quando
623 4299 725 4380 igitur
756 4304 891 4384 propter
923 4299 1069 4382 publicas
1101 4299 1246 4364 rationes
1278 4298 1481 4366 diversorum

159 4388 302 4455 cultuum
327 4389 484 4453 ministris
508 4409 659 4453 accessus
676 4390 716 4453 ad
734 4393 887 4470 aegrotos
904 4389 954 4453 sui
977 4390 1084 4454 cultus
1106 4388 1239 4453 concedi
1263 4389 1360 4454 debet
1383 4394 1482 4472 atque

158 4477 356 4560 impossibile
386 4484 436 4544 est
467 4499 560 4543 omne
590 4479 688 4560 plane
719 4479 874 4542 auxilium
906 4480 1084 4559 denegare:
1116 4482 1231 4542 curent
1259 4478 1420 4543 moniales
1443 4500 1482 4543 ea

159 4571 248 4631 certo
272 4567 304 4630 in
328 4568 399 4633 loco
423 4568 465 4633 ad
488 4589 603 4632 manus
627 4567 747 4631 habere
771 4573 805 4632 et
828 4589 1040 4642 conservare,
1065 4588 1148 4649 quae
1171 4567 1311 4632 ministri
1335 4567 1382 4632 illi
1406 4568 1482 4632 reli-

158 4655 240 4736 giosi
272 4657 405 4738 exigere
435 4659 581 4735 soleant,
611 4657 716 4740 iisque
746 4656 906 4733 indicent,
937 4657 1068 4721 ubinam
1101 4676 1141 4721 ea
1163 4655 1387 4739 reperiantur,
1419 4678 1482 4739 quo
