3106 5168
157 1074 333 1163 Lusus
370 1073 676 1162 uoonnslsn
714 1072 1003 1161 POENALES
1039 1074 1148 1162 SEU
1183 1075 1479 1163 CENSURAE

577 1207 1057 1295 ECOLESIASTIOAn

582 1452 884 1523 sursumsunt
905 1452 1053 1522 ΝΟΤΙΟ.

714 1610 824 1678 casus.
851 1617 928 1687 (eos)

249 1753 275 1813 1.
306 1750 468 1811 casimirus
497 1750 596 1811 animo
626 1750 762 1828 concepit
787 1750 987 1811 voluntarium
1013 1750 1133 1812 dubium
1163 1752 1199 1813 de
1228 1751 1420 1815 immaculata
1445 1754 1479 1813 B.

156 1831 272 1893 leriae
288 1830 325 1894 V.
346 1830 540 1909 conceptione
560 1849 683 1907 samque
702 1830 809 1891 fabam
836 1831 955 1891 habuit:
983 1836 1163 1909 quapropter
1183 1852 1201 1892 a
1222 1833 1408 1893 confessario
1425 1853 1479 1973 fito

156 1912 309 1973 haeretico
337 1914 375 1971 ab
402 1910 539 1971 Ecclesia
565 1911 686 1971 excluso
714 1914 801 1988 atque
828 1912 1132 1973 excommunicatione
1158 1912 1282 1991 speciali
1310 1914 1399 1975 modo

158 1991 298 2053 Pontifici
316 1998 472 2051 reservata
491 1991 618 2051 habetur
637 1991 761 2061 affecto,
789 2009 885 2068 aqua
906 2010 939 2051 se
960 1991 1115 2052 absolvers
1135 2010 1194 2052 non
1214 2011 1304 2069 posse
1325 1993 1399 2055 dicit
1423 1993 1480 2053 nisi

157 2072 282 2166 speciali
302 2071 446 2131 facultate
466 2076 605 2149 accepte,
629 2071 720 2130 nixus
739 2070 882 2148 imprimis
902 2071 1003 2131 verbis
1022 2071 1120 2132 bullae
1144 2072 1355 2145 ,meffabilis‘,
1376 2073 1480 2151 quibus

157 2151 266 2212 dicutur
282 2170 361 2225 ‚eos,
382 2151 432 2229 qni
448 2152 493 2211 ita
506 2150 759 2228 praesumpserint
772 2151 861 2211 corde
875 2151 995 2223 sentus,
1016 2151 1135 2230 proprio
1148 2151 1256 2213 iudicio
1270 2154 1480 2215 condemnatos

156 2232 346 2309 naufragium
367 2232 447 2291 circa
466 2230 554 2291 fidem
574 2250 681 2308 passos
702 2250 771 2291 esse
792 2235 822 2291 et
843 2232 880 2291 cb
901 2230 1017 2291 unitate
1030 2231 1184 2292 Ecclesiae
1204 2232 1383 2308 defecisse‘,
1403 2234 1480 2294 aliis·

156 2331 216 2389 que
242 2312 343 2371 verbis
371 2312 469 2371 bullas
493 2310 704 2388 ,Apostolicaa
724 2310 840 2383 Sedis‘,
869 2330 927 2388 qua
953 2310 1200 2373 excommunicati
1220 2312 1359 2373 dicuutur
1379 2333 1480 2374 omnes

158 2391 304 2453 haeretici
327 2410 525 2468 ,quocumque
545 2390 664 2450 uomina
684 2392 890 2452 censeantur‘.

247 2480 275 2539 2.
296 2479 485 2539 Andronicus
506 2478 646 2538 sacerdos
666 2478 698 2537 in
713 2478 815 2539 eadem
835 2497 869 2539 re
889 2478 1011 2555 gravius
1030 2479 1119 2539 etiarn
1134 2479 1256 2553 erravit,
1277 2500 1345 2542 cum
1364 2482 1480 2559 publica

157 2559 191 2619 in
211 2560 399 2619 sacerdotum
422 2563 570 2619 conventu
598 2562 702 2620 contra
727 2558 810 2617 illam
830 2558 995 2618 doctrinam
1014 2558 1133 2619 locutus
1153 2560 1201 2622 sit
1242 2560 1287 2621 Ra
1311 2568 1412 2623 autom
1437 2580 1480 2621 or·

157 2638 274 2699 (linario
294 2637 484 2710 denuntiata,
504 2642 652 2710 monetur,
674 2642 708 2697 ut
726 2637 805 2697 infra
825 2638 954 2698 triduum
974 2638 1090 2698 sincere
1109 2658 1194 2699 suam
1214 2640 1253 2699 ad
1272 2640 1355 2701 illam
1376 2641 1479 2702 doctri·

158 2738 228 2778 nam
242 2718 451 2778 adhaesionem
465 2717 605 2789 declaret,
627 2717 703 2777 alias
720 2718 777 2778 sibi
798 2718 958 2779 timendum
973 2738 1049 2791 esso,
1070 2737 1108 2778 ns
1122 2722 1160 2779 ab
1174 2720 1271 2781 officio
1285 2727 1479 2782 removeatur.

158 2798 224 2871 Quo
244 2799 349 2858 nuntio
371 2803 508 2875 accepto,
537 2797 606 2858 ilico
626 2803 787 2870 retractat,
815 2818 851 2858 ac
871 2799 957 2875 proiu
978 2818 1027 2871 se,
1056 2804 1158 2876 utpote
1187 2820 1246 2859 nou
1267 2806 1479 2873 contumacem,

158 2898 179 2939 a
198 2878 303 2957 poenis
324 2878 537 2938 ecclesiasticis
557 2879 715 2939 immunem
735 2878 896 2939 existimat.

249 2971 276 3028 3.
297 2968 441 3039 Iulianus,
462 2966 632 3044 provinciae
646 2968 824 3045 praefectus,
840 2967 956 3039 timens,
975 2987 1012 3027 ue
1026 2968 1130 3029 favore
1143 2969 1278 3044 gubernii
1292 2969 1479 3040 destituatur,

160 3054 193 3110 ut
212 3049 282 3108 huic
303 3068 336 3107 se
356 3053 473 3124 gratum
493 3049 642 3124 praebeat,
663 3047 773 3107 litteris
789 3047 867 3106 datis
887 3048 1010 3107 mandat
1029 3049 1180 3125 praefacto
1201 3050 1293 3123 urbis,
1315 3056 1349 3110 ut
1370 3056 1480 3110 certum

159 3129 345 3189 sacerdotem
374 3133 495 3205 propter
521 3127 621 3186 laesas
650 3127 732 3202 legas
760 3127 1114 3204 ecclesiastico-politicas
1142 3128 1174 3188 in
1200 3129 1247 3188 ius
1274 3136 1364 3190 vocet
1394 3137 1480 3208 atque

159 3209 339 3286 puniendum
359 3214 451 3267 curet.
492 3206 555 3266 Scit
575 3206 691 3283 quidem
718 3207 860 3268 eiusmodi
887 3227 937 3267 res
965 3211 1002 3268 ab
1023 3209 1160 3268 Ecclesia
1190 3212 1244 3269 sub
1272 3210 1358 3286 gravi
1387 3231 1481 3288 poena

161 3308 228 3349 csse
248 3288 375 3359 vetitas;
404 3287 455 3346 sed
477 3290 514 3347 ab
534 3285 572 3346 iis
594 3287 682 3346 eximi
710 3307 743 3346 se
770 3308 858 3365 posse
885 3293 972 3365 putat
999 3294 1060 3348 tum
1082 3289 1157 3365 quod
1180 3294 1260 3350 metu
1281 3290 1392 3366 egerit,
1423 3298 1481 3350 turn

161 3368 247 3445 quod,
269 3373 426 3444 antequam
439 3367 557 3426 litteras
572 3367 747 3426 advenerint
760 3368 797 3427 ad
812 3368 893 3427 urbis
907 3369 1097 3446 praefectum,
1116 3369 1333 3429 confessionem
1348 3376 1481 3448 peragat,

160 3448 273 3524 inqua,
294 3448 505 3523 interrogatus,
526 3467 595 3506 num
609 3446 702 3507 iussio
716 3448 853 3506 effectum
869 3448 1014 3521 habuerit,
1035 3449 1153 3525 putavit
1173 3469 1206 3508 se
1220 3454 1301 3510 recte
1321 3451 1353 3510 id
1373 3470 1482 3528 negare

161 3547 259 3605 possa,
282 3547 348 3586 cum
369 3528 492 3587 effectus
512 3527 640 3587 noudum
661 3527 840 3604 apparuerit.

162 3630 340 3702 Quansrrus
362 3636 390 3692 1⁰
415 3633 483 3709 qnid
504 3638 535 3693 et
555 3632 715 3711 quotuplex
735 3633 776 3694 sit
797 3652 923 3693 censura
943 3633 1156 3694 ecclesiastica.

360 3724 390 3780 2ο
415 3741 490 3798 quac
511 3721 682 3781 necessaria
703 3722 763 3782 sint
784 3722 822 3781 ad
842 3742 908 3782 eam
928 3722 1149 3796 incurrendam,
1177 3723 1224 3782 vel
1246 3743 1321 3799 quae
1349 3724 1412 3785 sint
1439 3745 1482 3785 ra·

415 3801 512 3860 tiones
534 3805 570 3862 ab
591 3820 627 3860 aa
648 3807 837 3863 excusantes.

360 3891 391 3949 3⁰
416 3890 484 3965 quid
505 3891 542 3949 ad
564 3910 653 3949 casus
672 3890 841 3969 propositos
863 3890 1024 3951 dicendum.

756 4073 890 4140 solutio.

100 4224 155 4279 984
254 4218 305 4281 An
328 4235 518 4290 ouensmun
544 4217 582 4278 1¹²¹
604 4214 643 4282 R.
670 4216 697 4279 1.
744 4215 887 4280 Censura
910 4215 942 4280 iu
966 4237 1087 4298 genere
1110 4215 1228 4283 dicitur
1250 4238 1357 4301 poena
1381 4222 1484 4285 eccle·

164 4304 298 4370 siastica
321 4304 538 4380 medicinalis
569 4324 634 4384 que
663 4302 758 4369 horno
787 4304 982 4370 christianus
1012 4326 1069 4370 seu
1101 4305 1284 4388 baptizatus
1307 4312 1484 4374 contumax

49 4419 52 4425 ·
165 4395 257 4458 bonis
281 4394 472 4475 quibusdam
496 4391 719 4476 spiritualibus
742 4393 900 4476 privatur.

254 4482 342 4546 Voce
373 4485 581 4548 ecclesiastica
613 4485 746 4546 notatur
768 4482 860 4564 origo
885 4503 941 4547 seu
965 4482 1161 4561 iurisdictio,
1192 4477 1236 4548 vi‘
1258 4485 1350 4550 ouius
1379 4506 1484 4569 poena

164 4570 332 4650 infligitur.
357 4606 401 4615 —
424 4572 626 4637 Medicinulis
649 4569 839 4652 designatur
864 4572 953 4650 finis,
985 4573 1026 4636 ob
1048 4593 1143 4654 quem
1173 4594 1279 4657 poena
1307 4573 1483 4656 infligitur:
