3106 5168
25 293 66 357 68
589 285 630 340 De
651 286 779 357 peccatis.

3 504 5 511 .
113 466 152 532 R.
170 467 200 531 4.
236 463 401 548 Explicita
425 469 536 531 autem
559 465 613 530 vel
636 465 761 530 reflexa
784 462 941 547 cogitatio
965 464 1006 530 de
1020 465 1088 530 Deo
1111 472 1146 546 ιιι
1166 466 1353 551 probibente

23 554 210 620 necessaria
238 574 303 619 non
327 557 394 631 est,
426 558 464 620 ιιι
493 557 681 638 peccatum,
713 554 812 620 etiam
843 553 999 631 mortale,
1030 552 1266 621 committatur.
1313 555 1351 621 In

23 643 153 708 homine
169 642 299 726 quidem
322 641 498 710 christiano
523 642 712 725 ceteroquin
735 643 889 709 timorato
913 643 999 708 solet
1017 642 1147 724 quidem
1170 642 1267 709 simul
1291 665 1352 710 ex·

24 732 119 798 citari
143 731 300 814 cogitatio
323 732 363 797 de
385 731 436 798 ira
458 732 519 798 Dei
542 731 752 809 incurrendo,
777 732 817 798 de
840 736 935 797 reatu
958 752 1083 815 poenae
1106 736 1273 812 aeternae,
1297 735 1350 801 vel

25 822 65 887 de
88 820 262 886 similibus:
294 825 442 886 attamen
472 821 505 886 in
528 821 638 904 rigore
662 820 784 886 sufficit
807 820 954 905 perfecte
976 821 1163 905 percepisse
1185 822 1352 889 dictamen

24 909 253 987 conscientiae,
278 909 363 991 quod
386 910 649 994 pronuntiaverit
672 931 740 976 rem
765 913 802 976 ut
824 909 973 992 graviter
988 910 1108 975 malam
1130 931 1189 977 seu
1212 914 1251 977 ut
1273 932 1352 994 gra-

24 1020 98 1066 vem
132 998 411 1064 deordinationem
448 1002 564 1066 eontra
602 999 795 1065 rationalem
834 998 989 1064 ordinem.
1045 999 1117 1065 Hoc
1155 1000 1351 1067 brevissimo

23 1088 141 1154 iudicio
170 1086 242 1153 fieri
274 1089 400 1171 potest,
432 1109 538 1171 neque
567 1088 745 1171 requiritur
775 1087 958 1155 diuturnior
986 1088 1131 1156 reflexio.
1187 1088 1292 1156 Immo
1323 1091 1353 1157 si

24 1177 96 1261 quis
119 1176 205 1243 serio
229 1176 358 1243 dubitat
380 1177 421 1242 de
454 1177 550 1259 gravi
580 1179 627 1243 rei
651 1177 794 1254 malitia,
826 1197 962 1259 eamque
986 1177 1082 1242 dubio
1112 1199 1176 1244 non
1200 1178 1351 1263 deposito

23 1266 232 1332 nihilominus
254 1265 394 1350 peragit,
418 1270 535 1350 peccat
557 1265 714 1349 graviter.
766 1267 821 1333 It.
846 1289 886 1333 m.
911 1267 936 1347 1,
961 1267 1036 1332 235.

0 1428 9 1451 ,
135 1390 173 1456 R.
200 1392 230 1456 5.
276 1389 380 1455 Plena
407 1410 464 1455 seu
494 1389 643 1474 perfecta
666 1389 875 1455 advertentia
897 1389 939 1454 ab
962 1389 1156 1474 imperfecta
1178 1410 1351 1476 eompara-

22 1479 166 1545 tionibus
189 1478 380 1561 quibusdam
405 1478 545 1544 discerni
574 1482 694 1562 potest.
741 1479 794 1544 Sic
824 1477 1009 1562 imperfecta
1038 1479 1246 1545 advertentis
1274 1500 1352 1547 cen-

24 1575 116 1636 setur
131 1567 292 1634 adfuisse:
320 1567 351 1651 l)
375 1567 492 1650 siquis
511 1568 757 1633 semidormiens
773 1567 826 1632 vel
842 1566 1034 1632 semiebrius
1048 1567 1128 1645 fuit3
1154 1568 1188 1651 2)
1212 1569 1240 1634 si
1257 1574 1352 1657 quaet

24 1657 269 1723 semidormiens
292 1656 411 1723 leviter
433 1660 561 1724 tantum
586 1657 801 1741 apprehendit
823 1657 877 1721 vol
904 1656 998 1738 quasi
1020 1677 1080 1742 per
1102 1656 1352 1725 distractionem

24 1750 152 1812 tantum
176 1767 245 1812 rem
269 1746 444 1828 cogitavit;
470 1747 504 1830 3)
527 1746 556 1811 si
580 1746 766 1811 vehementi
788 1745 940 1830 passione
963 1746 1017 1811 vel
1040 1745 1252 1814 distractione
1275 1769 1352 1832 per·

23 1837 176 1902 turbatus
199 1856 264 1900 non
279 1835 375 1918 plene
390 1835 441 1899 eui
457 1856 589 1919 compos
605 1835 684 1910 fuit;
709 1836 743 1916 4)
767 1835 795 1900 si
810 1835 883 1917 quis
898 1838 974 1918 post
989 1833 1123 1914 iactum,
1148 1856 1216 1901 rem
1233 1837 1353 1903 melius

25 1925 251 2002 considerans,
281 1924 394 1990 statim
418 1924 542 1990 iudicet
571 1945 607 1989 se
631 1923 760 1990 omnino
795 1945 860 1989 uon
884 1922 986 1989 tuisse
1008 1923 1189 2004 facturum,
1220 1925 1250 1991 ei
1279 1947 1352 1992 rem

24 2017 124 2080 antea
147 2012 195 2079 ita
218 2012 475 2092 considerasset;
509 2012 537 2078 si
559 2018 636 2097 post
658 2013 835 2096 pleniorem
859 2012 1103 2080 advertentiam
1126 2013 1168 2080 ad
1191 2016 1352 2082 tentatio·

23 2123 98 2169 nem
122 2101 236 2169 statim
260 2123 332 2168 eam
355 2102 477 2187 repulit
499 2102 552 2168 vel
576 2101 690 2168 statim
714 2103 856 2185 angitur.
908 2103 963 2169 Th.
988 2125 1028 2168 m.
1053 2103 1084 2182 l,
1109 2106 1191 2181 2363
1227 2105 1351 2172 Elbel

3 2370 10 2391 .
113 2333 166 2397 An
196 2351 389 2408 ouaasrrou
420 2334 458 2396 2⁰²
490 2330 529 2398 a.
556 2333 584 2398 1.
631 2330 719 2397 Male
751 2329 909 2396 iudicavit
938 2329 1116 2414 Didymus,
1148 2330 1170 2399 i.
1201 2352 1230 2399 e.
1262 2331 1350 2399 iusto

25 2419 215 2502 benignius,
248 2421 288 2486 de
320 2420 465 2504 peccatis
497 2419 684 2487 infidelium.
731 2419 890 2486 Accidere
922 2419 1052 2502 quidem
1083 2423 1213 2504 potest,
1246 2426 1285 2488 ut
1315 2423 1351 2488 in

25 2509 216 2592 quibusdam
241 2508 439 2588 actionibus,
471 2529 553 2592 quae
583 2509 762 2593 perfidem
791 2513 826 2575 et
854 2511 979 2574 rectam
1009 2509 1171 2576 rabonem
1199 2510 1351 2577 novimus

25 2603 116 2664 certo
140 2619 212 2663 esse
235 2602 372 2682 peccata
393 2597 555 2676 mortalia,
578 2597 642 2682 ipsi
664 2619 801 2680 gravem
823 2596 983 2663 malitiam
1005 2618 1072 2663 nou
1087 2598 1349 2681 deprehendant:

25 2692 124 2770 atque
154 2687 203 2754 ita
230 2686 264 2751 in
289 2687 480 2769 quibusdam
510 2687 670 2771 peccatu,
702 2687 801 2754 etiam
825 2690 940 2753 contra
964 2691 1095 2753 sextum
1125 2692 1349 2773 praeceptum,

25 2776 175 2842 excusari
206 2780 345 2860 possunt
375 2799 395 2842 a
425 2775 607 2843 subiectiva
636 2776 764 2842 malitia
794 2775 934 2842 mortali.
981 2775 1104 2841 Verum
1138 2781 1215 2843 sunt
1248 2779 1350 2845 etiam

24 2866 207 2949 permultae
231 2864 392 2944 actiones,
425 2886 506 2947 quas
529 2886 594 2931 non
617 2870 755 2948 possunt
784 2887 848 2930 non
873 2865 1117 2948 apprehendere
1140 2870 1178 2933 ut
1200 2868 1350 2949 graviter

25 2954 207 3021 contrarias
230 2954 350 3020 rationi
374 2958 408 3020 et
431 2953 665 3031 conscientiae;
691 2975 772 3036 quas
795 2954 823 3019 si
838 2954 1046 3019 nihilominus
1062 2959 1176 3037 agunt,
1201 2958 1350 3039 graviter

23 3048 172 3129 peccant.
212 3043 261 3108 De
284 3065 348 3126 quo
372 3044 425 3123 cf,
450 3064 533 3125 quae
556 3043 688 3126 egregie
707 3043 739 3109 S.
756 3044 911 3108 Paulus
934 3044 1049 3109 scribit
1071 3046 1271 3124 cdRom.2‚
1291 3049 1349 3112 15:

28 3133 108 3212 ,Qui
138 3133 315 3200 ostendunt
345 3154 426 3217 opus
455 3133 539 3215 Iegis
568 3133 724 3216 scriptum
756 3133 790 3196 in
821 3132 971 3198 cordibus
1001 3133 1084 3212 suis,
1125 3134 1348 3201 testimonium

24 3223 184 3290 reddente
206 3220 272 3287 illis
296 3222 496 3288 conscientia
518 3221 679 3307 ipsorum,
707 3226 741 3287 et
763 3222 850 3286 inter
873 3243 908 3287 se
932 3221 1071 3287 invicem
1095 3223 1349 3305 cogitationibus

24 3311 262 3390 accusantibus,
288 3311 468 3378 autetiam
491 3310 767 3377 defendentibus.“
810 3311 913 3375 Immo
936 3310 1017 3376 haec
1041 3312 1259 3379 conscientiae
1283 3335 1350 3379 vox

25 3401 149 3466 factum
173 3404 224 3465 est
247 3401 407 3483 quoddam
433 3400 657 3479 irrecusabile,
689 3421 826 3483 quocum
850 3401 903 3465 vel
931 3401 1048 3466 leviter
1071 3401 1230 3484 cogitanti
1254 3403 1349 3485 quasi

24 3494 142 3572 sponte
163 3488 238 3554 idea
254 3489 315 3553 Dei
338 3489 561 3572 coniungitur;
587 3510 680 3571 quae,
705 3489 854 3571 eiusque
874 3490 915 3554 ad
932 3490 1036 3573 ipsam
1052 3490 1112 3556 Dei
1129 3490 1349 3573 cognitionem

26 3581 150 3643 certam
173 3599 238 3643 uon
261 3579 439 3657 evolvitur,
472 3579 567 3662 culpe
591 3584 642 3646 est
664 3578 767 3662 ipsius
789 3579 944 3657 hominis,
970 3579 1089 3663 quippe
1112 3579 1184 3663 qui,
1213 3582 1350 3647 evoluta

24 3667 152 3734 ratione
168 3672 273 3745 utens,
298 3667 331 3731 in
350 3667 537 3749 ignorantia
553 3668 613 3733 Dei
635 3668 824 3752 inculpabili
841 3668 895 3732 diu
919 3688 992 3733 esse
1008 3673 1160 3751 nequeat.
1199 3668 1248 3736 Cf.
1265 3691 1350 3752 quae

24 3759 86 3822 hac
104 3757 143 3821 de
166 3777 202 3821 re
224 3756 397 3823 iamdicta
420 3762 497 3823 sunt
519 3778 619 3840 supra
643 3779 720 3823 casu
738 3761 767 3835 8,
792 3757 846 3822 ubi
870 3759 970 3822 otiam
993 3757 1094 3822 habes
1117 3764 1348 3841 argumentum

25 3846 230 3929 desumptum
264 3865 306 3910 ex
335 3845 421 3911 thesi
452 3846 492 3910 ab
522 3844 637 3911 Alex.
662 3847 740 3911 VIII
771 3846 822 3910 die
853 3849 894 3910 24
919 3848 1003 3927 Aug.
1030 3849 1115 3912 1690
1145 3849 1348 3933 proscripta:

29 3935 221 4012 ,Peccatum
238 3934 494 4019 philosophicum
517 3955 574 3999 seu
598 3938 717 4000 morale
739 3939 791 4000 est
809 3940 903 4000 actus
926 3935 1085 4001 humanus
1102 3936 1350 4004 disconveniens

24 4028 163 4089 naturae
179 4023 333 4089 rationali
356 4028 390 4090 ot
412 4027 523 4090 rectae
540 4023 674 4099 rationi;
699 4023 918 4105 theologicum
934 4046 991 4089 seu
1014 4029 1147 4092 mortale
1165 4029 1217 4092 est
1239 4030 1350 4093 trans·

24 4113 150 4196 gressio
169 4113 272 4179 libera
288 4113 417 4179 divinae
441 4113 540 4195 legis:
564 4113 830 4197 philosophicum,
855 4114 1065 4194 quantumvis
1087 4135 1201 4196 grave,
1225 4115 1259 4180 in
1282 4116 1349 4193 illo,

25 4202 80 4285 qui
103 4203 208 4267 Deum
231 4202 284 4267 vel
314 4201 445 4285 ignorat
468 4203 520 4267 vel
545 4202 585 4267 de
609 4203 678 4268 Deo
702 4207 779 4267 actu
803 4223 867 4266 non
891 4203 1031 4285 cogitat,
1064 4207 1116 4269 est
1144 4224 1248 4286 grave
1271 4227 1349 4289 pec-

25 4295 152 4369 catum,
182 4291 240 4355 sed
264 4313 328 4356 non
352 4296 403 4357 est
426 4293 550 4356 offensa
573 4291 650 4370 Dei,
679 4312 784 4374 neque
807 4296 977 4375 peccatum
1002 4293 1142 4359 mortale
1165 4293 1350 4361 dissolvens

25 4380 202 4446 amicitiam
226 4380 303 4457 Dei,
341 4401 445 4463 neque
469 4385 605 4447 aeterna
627 4402 732 4465 poena
756 4381 918 4463 dignnm‘
968 4382 1064 4448 Unde
1087 4381 1236 4463 sequitur
1264 4383 1350 4450 hanc

25 4469 267 4536 distinctionem
297 4470 383 4536 inter
412 4470 667 4554 philosophicum
698 4475 731 4536 et
761 4470 979 4554 theologicum
1003 4475 1173 4554 peccatum
1204 4474 1350 4557 practice

25 4580 97 4625 esse
120 4557 280 4637 fictitiam,
304 4564 404 4641 atque
420 4559 519 4625 etiam
543 4560 689 4626 infideles
712 4581 748 4626 re
766 4560 838 4644 ipsa
854 4561 1057 4627 committere
1080 4565 1219 4645 peccata
1234 4568 1350 4630 contra

25 4649 130 4714 Deum
154 4653 290 4715 aeterna
312 4669 418 4733 poene
441 4649 549 4732 digna.
596 4650 643 4715 cf.
672 4651 729 4717 Tb.
753 4672 794 4716 m.
819 4649 843 4726 Ι,
869 4653 943 4715 235.
