3106 5168
191 274 314 330 Virtutes
333 293 395 330 curn
414 276 504 331 debito
522 277 619 344 legali:
642 279 739 344 Officr'o
758 295 821 346 erpo
840 296 895 332 rem
911 280 1047 346 publicam
1065 288 1089 333 et
1106 284 1298 333 auctorr'tulem.
1343 282 1405 346 247

95 489 97 493 ν
173 450 212 516 R.
233 454 262 520 2.
301 451 393 529 Quod
417 452 458 517 ad
482 452 653 519 servitium
675 453 746 519 heri
768 453 819 520 sui
838 454 1125 537 derelinquendum
1149 460 1224 540 post
1239 460 1407 539 acceptam

82 541 265 606 mercedem
288 561 348 625 per
370 540 638 625 anticipationem
662 542 796 622 attinet,
824 543 858 608 id
880 545 1009 610 ratione
1033 545 1306 629 compensationis
1329 565 1408 610 sane

83 650 146 694 non
171 628 258 708 licet,
291 629 354 695 nisi
376 630 427 695 ius
450 631 492 696 ad
516 632 811 715 compensationem
836 634 921 699 tanti
945 633 1067 699 valoris
1091 633 1242 710 adfuerit,
1267 639 1409 716 quantus

83 718 128 784 sit
150 720 244 784 valor
266 718 427 785 mercedis
449 740 508 803 per
532 720 798 805 anticipationem
821 727 987 806 acceptae.

172 825 211 890 R.
232 827 263 891 3.
300 825 334 891 Si
349 846 429 891 vero
448 846 490 891 ex
506 831 678 894 contractu
695 827 918 894 conductionis
934 828 1052 894 solutio
1067 849 1127 913 per
1142 829 1408 912 anticipationem

82 914 234 979 facienda
264 917 337 980 erat
367 920 401 980 et
430 915 521 981 facta
551 921 617 992 est,
649 922 765 999 postea
787 938 867 983 vero
897 919 1021 984 famula
1049 917 1171 983 iniusta
1198 919 1407 996 tractatione,

81 1002 242 1086 imprimis
264 1003 495 1070 sollicitatione
518 1005 560 1069 ad
583 1009 765 1089 peccatum,
791 1005 833 1071 ad
856 1006 1071 1072 deserendum
1089 1007 1258 1074 servitium
1278 1009 1407 1092 copilrrr,

82 1097 119 1158 ut
143 1092 211 1157 suis
234 1113 314 1174 erga
330 1093 433 1159 Deum
451 1093 566 1159 officiis
582 1094 784 1161 satisfaciat:
808 1116 888 1161 sane
904 1118 977 1161 cnm
993 1100 1065 1162 tota
1081 1096 1178 1180 culpa
1193 1095 1278 1179 apud
1294 1097 1407 1160 herum

82 1181 137 1261 sit,
162 1181 293 1247 Getulis
316 1203 380 1247 non
404 1185 535 1248 tenetur
564 1204 623 1267 per
652 1204 688 1248 se
718 1204 760 1248 ex
788 1189 921 1267 recepte
944 1185 1092 1250 mercede
1116 1184 1237 1266 aliquid
1261 1184 1407 1262 reddere,

82 1271 112 1334 si
134 1270 230 1336 modo
246 1274 365 1355 parata
380 1271 424 1337 sit
439 1271 546 1337 redire
562 1293 621 1355 pro
637 1277 785 1356 tempore
802 1278 999 1350 contractus,
1024 1295 1121 1356 quam
1138 1275 1276 1358 primurn
1293 1294 1408 1339 secura

82 1360 241 1426 reddatur
263 1360 304 1424 de
328 1360 447 1426 ablatis
470 1360 534 1426 illis
556 1361 710 1445 periculis
734 1366 833 1443 atque
857 1362 991 1429 iniuriis,

506 1605 690 1671 ELECTIO
714 1604 775 1671 AD
799 1606 989 1674 COMITIA.

641 1759 751 1826 Casus.
778 1768 853 1836 (139)

173 1905 208 1963 In
230 1903 374 1980 eligendis
393 1903 542 1980 deputatis
564 1904 600 1962 ad
623 1904 742 1963 comitia
762 1904 889 1981 publica,
912 1924 978 1963 eum
999 1905 1163 1981 generatim
1184 1905 1262 1964 inter
1276 1904 1409 1964 diversas

83 1991 185 2063 partes
207 2004 273 2043 cum
293 2002 401 2059 magno
422 1983 539 2043 fervore
561 1983 772 2054 decertaretur,
793 1984 931 2054 Braulio,
956 1985 1060 2045 uolens
1081 1987 1192 2044 malum
1211 1985 1335 2060 eligere,
1358 1984 1410 2044 sed

82 2067 191 2126 timens
212 2084 265 2134 ne,
288 2064 314 2123 si
336 2064 496 2123 virobono
518 2064 665 2124 catholieo
687 2064 803 2136 faveat,
826 2085 863 2124 ex
884 2065 1025 2141 suffragio
1047 2085 1100 2125 suo
1121 2067 1198 2126 forte
1219 2064 1410 2125 manifestato

83 2144 299 2205 incommodum
321 2146 445 2214 habeat,
474 2163 569 2220 neque
590 2145 694 2204 volens
714 2150 830 2222 tempus
858 2152 888 2205 et
915 2145 1033 2205 labores
1058 2147 1089 2205 in
1110 2165 1171 2205 rem
1193 2145 1254 2204 fere
1276 2145 1410 2204 inutilem

83 2226 262 2304 impendere,
285 2227 322 2283 ab
344 2224 488 2284 electione
509 2223 647 2285 abstinet.
688 2224 824 2283 Leander
845 2245 924 2296 vero,
950 2231 983 2284 ut
1003 2226 1136 2285 favorem
1158 2225 1265 2285 domini
1286 2225 1333 2285 sui
1354 2225 1410 2284 sibi

84 2308 222 2375 retineat,
244 2305 293 2382 qui
315 2305 496 2364 acatholicus
519 2310 565 2363 est
587 2310 616 2363 et
641 2305 818 2376 ,liberalis“‚
840 2305 909 2364 huic
930 2306 1101 2381 suffragium
1124 2306 1182 2365 dat.

174 2386 245 2446 Cum
267 2405 325 2445 non
346 2385 434 2462 pauci
454 2384 580 2455 fuerint,
605 2387 654 2461 qui
675 2384 764 2444 simili
784 2386 869 2445 modo
891 2386 1059 2461 cogitarent
1079 2391 1110 2445 et
1130 2391 1269 2462 agerent,
1297 2386 1409 2444 factum

85 2473 140 2539 est,
163 2475 195 2525 ut
217 2465 380 2526 catholicus
402 2464 577 2523 candidatus
598 2468 635 2524 ab
657 2466 771 2524 aemulo
792 2472 990 2542 superaretur.

85 2580 262 2650 Qtnsmrun
285 2583 313 2639 1ο
338 2578 483 2718 (plagast
510 2579 651 2655 obligatio
681 2587 795 2656 partem
823 2580 950 2639 habendi
980 2581 1011 2639 in
1039 2579 1182 2655 eligendis
1210 2580 1335 2656 publicis
1363 2578 1409 2638 de·

337 2679 376 2737 pu
392 2679 409 2718 a
424 2680 458 2718 rs.

284 2753 314 2807 2⁰
339 2768 408 2807 num
430 2756 460 2807 et
481 2749 624 2823 quomodo
646 2749 837 2825 peccaverint
859 2749 979 2809 Braulio
1002 2755 1032 2808 et
1052 2750 1196 2809 Leander.

681 2935 815 3003 Salutio.

173 3077 227 3143 An
251 3099 441 3154 ouassrruu
468 3083 504 3142 1¹¹²
534 3079 572 3144 R.
602 3082 628 3144 l.
675 3078 853 3160 Postquam
886 3099 928 3143 ex
959 3079 1066 3143 forma
1098 3077 1280 3159 regiminis,
1312 3093 1472 3160 quam483

85 3171 435 3234 constitutionolismum
457 3172 593 3245 vocant,
618 3168 756 3250 populus
779 3167 944 3252 particeps
967 3169 1075 3234 factus
1098 3172 1150 3233 est
1173 3187 1281 3231 rerum
1304 3165 1410 3248 publi·

86 3279 197 3323 carum
227 3278 287 3341 per
317 3256 491 3340 deputatos
521 3256 754 3338 gerendarum,
786 3256 899 3322 horum
930 3257 1044 3324 electio
1073 3255 1179 3322 evasit
1208 3276 1267 3339 pro
1291 3255 1410 3338 populo

86 3346 228 3413 officium
258 3350 358 3427 atque
388 3345 560 3428 obligatio,
592 3366 676 3428 quae
708 3346 794 3412 sicut
823 3346 927 3410 omnis
959 3346 1007 3410 rei
1037 3345 1187 3429 publicae
1216 3343 1409 3427 gubernatio

85 3435 229 3520 pertinet
251 3436 293 3500 ad
316 3435 475 3500 iustitiam
497 3435 648 3516 legalem,
684 3435 731 3501 uf.
756 3435 874 3501 Leon.
899 3435 977 3499 XIII
1001 3435 1110 3502 Const.
1136 3435 1315 3500 immortale
1336 3434 1408 3500 Dei.

176 3524 382 3607 Singulorum
406 3527 516 3589 autern
540 3522 696 3606 obligatio
721 3524 933 3589 concurrendi
958 3524 999 3589 ad
1029 3523 1238 3601 electionem,
1270 3544 1353 3605 quae
1377 3526 1411 3588 et

86 3619 210 3696 quanta
233 3613 293 3690 sit,
325 3634 367 3678 ex
392 3612 529 3678 diversis
552 3613 713 3696 capitibus
736 3613 804 3696 peti
828 3613 933 3680 debet.
982 3613 1016 3678 Si
1039 3612 1123 3678 enim
1148 3616 1335 3696 spectamus
1358 3613 1410 3676 ob-

84 3706 265 3788 ligationem
283 3706 474 3768 intrinsecus
497 3725 550 3768 seu
577 3725 613 3767 er
636 3712 756 3767 rzolrcro
780 3706 827 3768 rei
851 3702 997 3781 oriunda,
1021 3702 1102 3767 haec
1126 3723 1190 3766 non
1214 3707 1265 3768 est
1289 3701 1350 3767 nisi
1374 3705 1410 3766 ut

86 3792 125 3857 iis
149 3791 315 3875 deputatis
345 3790 504 3874 eligendis
531 3790 751 3874 provideatur,
776 3792 830 3872 qni
860 3812 1000 3858 revera
1029 3792 1112 3857 bono
1144 3791 1304 3856 communi
1334 3811 1410 3855 con-

86 3883 205 3947 sulant.
253 3881 360 3958 Quare
390 3881 417 3944 si
448 3880 668 3964 praevidetur,
699 3880 730 3944 id
762 3886 820 3947 aut
850 3880 992 3963 alioquin
1024 3881 1124 3947 etiam
1154 3881 1299 3946 futurum
1327 3899 1409 3955 esse,

85 3974 144 4036 aut
174 3971 205 4035 id
237 3969 416 4037 efficaciter
439 3970 546 4034 curari
577 3991 640 4034 non
671 3991 781 4053 posse,
812 3970 1015 4053 singulorum
1039 3969 1195 4052 obligatio
1227 3990 1269 4034 ex
1298 3990 1333 4034 se
1357 3969 1409 4032 vel

86 4060 174 4124 nulla
199 4061 251 4124 vel
275 4059 441 4124 levissima
466 4064 526 4125 est.
563 4104 567 4112 -

176 4167 214 4234 R.
239 4169 269 4235 2.
315 4166 500 4249 Aliquando
531 4167 603 4247 lege
627 4166 794 4243 statuitur,
828 4173 875 4243 ut,
909 4165 962 4247 qui
994 4164 1134 4247 eligendi
1157 4164 1226 4229 iure
1250 4164 1409 4239 fruantur,

87 4277 125 4322 eo
149 4256 249 4322 etiam
274 4256 321 4321 uti
345 4255 495 4333 debeant,
520 4254 581 4319 nisi
605 4255 672 4321 sint
695 4255 839 4337 legitime
862 4253 1026 4338 impediti,
1051 4253 1147 4335 idque
1171 4274 1277 4336 poena
1299 4251 1411 4317 addita

87 4345 241 4410 sancitur.
289 4344 379 4420 Quod
403 4345 456 4408 ubi
481 4344 620 4423 obtinet,
648 4347 784 4431 position
808 4345 955 4429 oblipolio
979 4364 1021 4408 ex
1045 4341 1250 4408 oboedientia
1274 4339 1409 4415 accedit,

87 4454 126 4500 ea
149 4440 260 4501 tamen
285 4433 497 4499 communiter
521 4455 584 4498 non
608 4434 721 4515 gravis
744 4433 801 4498 sed
825 4434 907 4497 levis
932 4438 991 4498 est.

177 4541 215 4606 R.
240 4543 271 4605 3.
318 4540 454 4604 Demum
478 4539 594 4604 adesse
617 4542 728 4622 potest
751 4538 908 4620 obligatio
932 4537 1093 4604 naturalis
1123 4557 1165 4601 ex
1196 4534 1302 4600 causis
1326 4534 1410 4599 acci-

87 4629 272 4698 dentalibus
295 4629 447 4706 oriunda,
479 4649 563 4709 quae
592 4627 726 4710 gravior
755 4627 799 4693 sit
829 4647 933 4708 neque
962 4626 1149 4723 infrequens
1180 4624 1301 4689 nostris
1327 4628 1411 4689 tern-
