3106 5168
93 298 166 353 Iuris
175 297 244 353 laoai
255 298 435 370 reparatio-
446 299 596 354 exactione
605 299 796 354 damnificante
806 317 867 354 cunr
877 301 956 368 maipa
965 300 1108 367 theolopica
1118 307 1166 353 aut
1175 300 1302 352 iuridica.
1351 302 1415 365 349

92 495 168 540 nem
186 475 377 555 contineret,
404 474 436 558 1)
458 475 486 540 si
502 476 589 542 actio
605 475 733 542 scenica
749 475 867 542 fuisset
888 475 1061 559 impudica,
1087 475 1137 541 oui
1154 496 1259 557 neque
1275 475 1417 542 director

92 567 128 630 et
152 564 317 631 cantatrix
341 565 410 631 sine
432 570 570 649 peccato
589 565 766 650 cooperari,
790 586 896 648 neque
919 564 985 642 alii,
1009 569 1047 632 ut
1062 564 1165 630 Cassii
1188 564 1321 642 amicus,
1346 564 1416 629 sine

93 658 229 736 peccato
252 654 407 721 assistere
432 653 630 736 potuissent:
661 677 736 721 nam
766 654 799 719 in
822 654 884 719 hoc
907 675 1001 732 casu,
1033 657 1108 721 utut
1132 653 1311 737 diffamatio
1335 656 1417 719 ortis

94 742 195 810 fuerit
224 742 362 822 iniusta,
393 743 520 827 effectus
548 743 643 809 huius
667 742 914 821 diffamationis,
946 742 966 808 i.
991 764 1019 808 e.
1050 741 1132 808 lucri
1163 742 1321 821 cessatio,
1351 764 1416 807 non

93 837 183 898 esset
205 831 336 899 iniusta.
384 833 419 914 2)
442 833 551 915 Atque
574 853 617 898 ex
639 832 735 898 simili
760 833 902 909 ratione,
927 831 1026 897 etiam
1051 831 1349 914 quomodocumque
1372 831 1417 897 sit

93 919 228 988 donatio
250 920 423 1005 impedita,
455 924 485 986 ai
508 926 542 988 et
565 929 720 1008 quatenos
749 925 822 989 erat
847 922 1003 1007 prodiqo,
1033 920 1055 988 i.
1080 941 1108 986 e.
1132 922 1244 985 illicito
1273 923 1344 985 tum
1374 941 1416 986 ex

93 1015 189 1094 parte
205 1009 358 1076 donantis
380 1012 449 1075 tum
474 1031 515 1075 ex
531 1015 633 1094 parte,
650 1010 850 1094 accipientis,
875 1009 1032 1092 obligatio
1055 1007 1248 1074 restituendi
1272 1030 1337 1074 non
1353 1013 1415 1087 est,

95 1099 160 1165 etsi
183 1099 405 1182 spectaculum
429 1098 605 1165 secundum
628 1121 664 1166 se
688 1099 750 1165 fuit
773 1097 1047 1165 honestissimum.

185 1187 279 1254 Unde
302 1191 397 1271 patet
419 1187 653 1254 confessarium
678 1188 790 1267 citius,
822 1209 920 1270 quam
944 1191 1116 1272 parerat.
1148 1186 1260 1252 Cassio
1290 1186 1416 1268 obliga·

93 1277 218 1343 tionem
240 1275 414 1360 reparandi
438 1277 548 1342 damni
570 1277 788 1362 imposuisse.
813 1278 860 1345 cf.
878 1276 1137 1354 Tamburini,
1162 1277 1202 1342 In
1223 1276 1321 1342 dcccl.
1346 1276 1366 1341 Ι.
1384 1278 1415 1354 8,

93 1371 136 1433 tr.
163 1368 193 1443 3,
218 1385 245 1432 c.
271 1367 301 1442 4,
326 1365 344 1447 ξ
368 1369 399 1444 2,
423 1386 455 1431 n.
482 1368 587 1448 7sqq.

184 1479 236 1544 An
259 1500 451 1555 Quassrruu
475 1483 513 1544 2¹²
539 1481 579 1548 R.
606 1484 636 1548 l.
681 1480 864 1559 Cassianus,
890 1485 927 1546 ut
949 1484 1053 1564 patet,
1077 1479 1268 1546 intendebat
1291 1480 1454 1545 lucrumoc

93 1568 232 1635 istorum
256 1569 480 1646 venditorum,
510 1569 615 1651 magis
638 1590 736 1651 quam
767 1570 930 1653 propriam
955 1569 1141 1636 utilitatem.
1188 1568 1295 1645 Quare
1322 1590 1417 1634 oeco-

92 1679 211 1723 nomus
233 1658 319 1723 male
342 1658 420 1740 egit,
446 1663 561 1724 contra
584 1659 787 1724 voluntatem
813 1658 933 1724 domini
955 1659 1005 1724 sui
1028 1658 1159 1742 parcius
1182 1658 1329 1724 emendo.

183 1764 223 1830 R.
255 1767 284 1830 2.
331 1763 548 1829 Nihilominus
577 1764 738 1831 iniustitia
767 1769 883 1831 contra
913 1764 1074 1830 neminem
1104 1786 1216 1831 eorum
1245 1763 1418 1830 commissa

93 1857 162 1927 est;
186 1873 292 1934 neque
308 1852 477 1934 quisquam
502 1854 552 1918 ius
570 1855 652 1921 certi
675 1853 755 1919 lucri
778 1853 845 1920 iam
860 1853 984 1933 habuit,
1009 1853 1070 1919 nisi
1087 1854 1250 1937 emptione
1265 1856 1415 1937 peracta;

93 1962 200 2025 neque
223 1941 363 2025 cuipiam
381 1942 599 2008 determinato
622 1963 665 2007 ex
688 1946 797 2008 mente
813 1942 959 2009 Cassiani
982 1963 1059 2026 spes
1082 1943 1164 2007 lucri
1187 1942 1311 2009 collata
1333 1949 1415 2020 erat,

93 2031 153 2096 sed
185 2030 387 2097 solummodo
417 2031 641 2097 venditoribus
672 2031 706 2096 in
738 2053 858 2114 genere
888 2032 974 2097 ¹hanc
1006 2052 1096 2115 spem
1127 2032 1263 2097 fecerat.
1310 2030 1417 2107 Quare

94 2140 290 2185 oeconomus
313 2120 355 2186 ad
378 2120 618 2186 restitutionem
642 2119 786 2203 aliquam
809 2142 875 2186 non
897 2124 1041 2197 tenetur3
1065 2124 1207 2186 mentem
1231 2125 1342 2186 tamen
1359 2121 1416 2184 do·

93 2208 174 2273 mini
196 2207 246 2273 sui
269 2229 349 2275 sane
372 2215 588 2291 exsequetur,
616 2209 643 2274 si
667 2231 727 2293 pro
750 2213 917 2294 potestate
940 2209 1002 2274 sibi
1025 2231 1045 2275 a
1068 2209 1197 2275 domino
1221 2210 1311 2276 facta
1334 2209 1416 2275 satis

93 2299 209 2380 largus
232 2298 372 2366 exsistat
395 2298 428 2364 in
452 2298 666 2381 eleemosynis
689 2298 814 2366 dandis.

279 2517 459 2584 LUCRUM
482 2518 630 2583 TERTII
653 2518 856 2585 ALIGUIUS
879 2517 1121 2584 lMPEDIENS
1148 2518 1234 2599 (ΠΙ).

650 2675 761 2741 Gasus.
789 2683 865 2750 (214)

186 2824 363 2882 Lambortua
384 2825 516 2899 graviter
537 2824 714 2883 decumbens
734 2825 855 2884 uolebat
880 2831 1017 2902 nepotem
1038 2845 1123 2885 suum
1145 2827 1243 2883 facere
1264 2825 1416 2883 heredem:

93 2909 275 2981 quapropter
295 2905 404 2963 famulo
426 2905 555 2975 mandat,
577 2911 610 2964 ut
630 2905 775 2964 notarium
796 2911 899 2977 vocet;
922 2906 971 2982 qui
992 2910 1114 2980 rogatus
1136 2908 1173 2964 ab
1194 2905 1261 2964 aliis
1282 2904 1417 2979 cognatis

95 2984 194 3043 differt
214 2991 245 3043 et
265 2983 370 3043 iterum
392 2983 581 3044 aLamberto
603 2984 731 3044 monitus
753 3005 818 3045 aum
840 2985 916 3045 domi
938 3005 997 3044 non
1019 3005 1085 3044 esse
1106 2985 1185 3044 dicit.
1221 2983 1284 3053 Quo
1303 2984 1416 3043 demum

94 3065 138 3136 fit,
160 3070 194 3124 ut
214 3063 389 3124 Lambortua
411 3065 536 3123 decedat
556 3065 725 3138 intestatus,
750 3071 837 3141 atque
858 3086 952 3143 nepos
973 3071 1087 3142 partem
1108 3065 1222 3142 quidem
1244 3064 1417 3123 hereditatis

94 3145 205 3222 capiat,
227 3144 279 3203 sed
300 3144 388 3220 longe
409 3144 560 3216 minorem,
582 3164 667 3221 quam
689 3146 856 3221 accepisset
877 3165 915 3204 ex
936 3150 1115 3205 testamento
1137 3145 1282 3204 confecto.

95 3251 276 3322 Quanmrun
295 3250 393 3310 sintne
414 3250 542 3309 famulus
564 3259 651 3326 atque
673 3250 793 3326 cognati
814 3250 935 3310 obnoxii
957 3249 1143 3310 indemnitati
1164 3249 1265 3326 nepoti
1286 3248 1418 3308 defuncti

295 3330 496 3407 procurandae
518 3330 679 3389 secundum
700 3350 781 3407 spem
803 3330 937 3405 integrae
959 3331 1141 3390 hereditatis.

690 3513 826 3580 Solutio.

186 3655 239 3721 Ao
255 3675 446 3732 quassrrnn
470 3655 508 3723 R.
528 3658 556 3721 1.
596 3654 627 3720 Si
652 3654 849 3721 indemnitas
864 3654 1065 3739 praestanda
1080 3659 1141 3731 cst,
1165 3653 1246 3722 haec
1260 3654 1454 3725 incumbite}

96 3766 162 3810 non
191 3745 314 3810 famulo
345 3745 465 3822 solum,
500 3744 557 3809 sed
587 3744 687 3809 etiam
717 3745 883 3827 cognatis,
916 3745 1013 3810 immo
1043 3743 1108 3808 illis
1137 3743 1311 3827 imprimis,
1343 3743 1419 3826 quia

95 3834 241 3900 famulus
263 3833 318 3898 ille
334 3834 387 3897 vel
411 3832 539 3898 nomine
563 3834 615 3898 vel
639 3833 756 3899 saltem
780 3833 812 3897 in
834 3834 981 3898 favorem
1004 3838 1216 3915 cognatorum
1241 3854 1283 3898 ex
1307 3854 1418 3899 eorum

96 3922 269 3988 voluntate
292 3923 371 4004 egit.
417 3923 518 4003 quue
542 3922 589 3987 ita
613 3943 727 3987 verum
750 3926 811 3999 est,
838 3927 884 4000 ut,
910 3921 938 3986 si
960 3922 1104 3988 famulus
1126 3959 1170 3969 —
1193 3922 1225 3987 id
1249 3923 1334 4005 quod
1358 3923 1418 3988 im-

96 4012 266 4096 probabile
289 4014 341 4077 est
363 4049 407 4059 -
429 4010 574 4094 potuerit
596 4011 707 4076 facere
731 4016 765 4078 et
787 4011 903 4076 fecerit
925 4011 1182 4094 reparationem,
1212 4012 1418 4076 nihilominus

96 4122 156 4185 pro
172 4107 277 4185 parte,
302 4121 399 4183 quam
424 4103 638 4182 cognatorum
654 4101 790 4184 quisque
806 4100 980 4185 acceperit,
1005 4101 1047 4166 ad
1063 4122 1137 4166 eum
1153 4101 1206 4165 vel
1222 4121 1278 4165 eos
1297 4101 1418 4166 habeat

97 4211 275 4257 recursum.

188 4296 225 4362 R.
244 4298 273 4362 2.
313 4295 404 4361 Sitne
427 4294 537 4377 nepoti
555 4295 700 4361 defuncti
718 4295 914 4362 indemnitas
934 4295 1139 4379 procuranda
1162 4315 1274 4373 necne,
1298 4293 1419 4377 pendet

97 4384 140 4450 ab
168 4406 207 4450 eo
236 4390 344 4451 utrum
376 4384 461 4450 actio
485 4384 599 4449 famuli
623 4384 722 4450 fuerit
744 4385 955 4451 fraudulenta
977 4384 1142 4450 Lamberti
1173 4383 1418 4459 circumventio,

97 4473 147 4539 ita
169 4478 207 4540 ut
228 4473 351 4541 invitus
376 4496 396 4539 a
419 4473 585 4538 condendo
608 4478 807 4541 testamento
831 4473 1005 4557 impeditus
1028 4473 1081 4550 sit,
1105 4493 1223 4537 annon.
1262 4472 1294 4537 Si
1318 4471 1419 4555 igitur

98 4562 293 4629 Lambertus
308 4563 444 4629 retinuit
461 4562 664 4629 voluntatem
681 4563 799 4628 seriam
816 4562 973 4628 condendi
997 4561 1197 4637 testamenti,
1222 4560 1292 4644 ipse
1308 4566 1419 4628 autem

97 4652 241 4718 scribere
264 4673 327 4717 non
351 4652 415 4717 iam
432 4652 540 4735 potuit
563 4656 621 4718 aut
644 4651 771 4717 nonnisi
788 4650 963 4716 difficulter
979 4651 1094 4736 potuit,
1119 4650 1289 4716 fortiorem
1309 4655 1418 4716 autem
