3106 5168
80 280 153 336 Inna
162 280 230 336 laesi
239 281 374 352 reparatio
387 310 422 319 —
435 299 470 335 ex
480 282 585 336 actione
595 281 785 336 damnificante
795 299 856 336 cum
866 283 943 351 adpo
952 284 1095 352 tteolopica
1105 292 1153 337 aut
1162 286 1288 338 iusidias.
1337 288 1401 353 343

524 503 666 571 CAUSA
690 504 745 569 ΕΤ
770 504 959 572 oculare.

633 662 744 729 tosus.
772 669 848 737 (209)

171 801 347 862 (lunibertus
369 803 517 861 chemicus
544 802 575 861 in
598 803 811 880 praeparandis
831 803 924 862 variis
953 804 1144 870 mixtionibus
1173 811 1337 883 occupatus
1364 806 1401 864 ad

78 882 235 942 adstantes
256 883 388 959 hospites
410 883 535 942 iocando
556 883 643 942 dicit:
668 883 697 942 in
718 883 765 941 his
787 883 896 943 stillis
917 884 1032 959 lagenis
1052 885 1230 961 praeparavi
1251 885 1402 963 pretiosis·

79 961 187 1020 simum
214 967 245 1021 et
272 962 427 1021 delicatum
456 967 573 1039 potum;
601 983 633 1022 re
653 982 726 1022 vera
753 969 852 1022 tamen
873 983 974 1023 omnes
1002 964 1071 1023 illae
1091 965 1250 1025 mixtiones
1271 965 1403 1041 graviter

78 1042 204 1102 nocivae
225 1047 303 1101 eunt.
345 1042 476 1113 Publius,
497 1043 583 1102 homo
605 1043 740 1120 simplex,
762 1044 840 1102 serio
863 1063 981 1103 sumens
995 1047 1087 1103 verba
1101 1044 1253 1105 Ouniberti
1273 1044 1402 1122 experiri

78 1122 143 1182 vult
164 1123 247 1181 illurn
267 1127 376 1199 potum,
398 1123 450 1181 sed
471 1122 583 1182 infelici
605 1124 713 1183 haustu
734 1123 765 1182 in
785 1124 866 1182 vitae
886 1124 1048 1200 periculum
1069 1125 1233 1195 adducitur,
1255 1144 1402 1201 expensas

78 1203 211 1261 medicas
239 1202 347 1260 multas
374 1203 500 1261 incurrit
526 1209 614 1280 atque
642 1204 815 1280 perplures
836 1223 953 1263 menses
975 1209 1124 1281 potestate
1146 1205 1319 1281 providendi
1340 1205 1401 1264 suis

78 1283 192 1341 victum
213 1282 356 1359 privatur.

169 1363 358 1436 Dagobertus
375 1363 517 1437 confingit
537 1363 663 1433 litteras,
684 1363 790 1438 quibus
811 1363 918 1423 falsum
939 1383 1084 1423 rumorem
1106 1364 1253 1441 exprimat
1274 1364 1402 1442 optimae

79 1442 262 1501 condicionis
276 1442 402 1502 alicuius
416 1442 546 1502 instituti
566 1443 636 1502 novi
655 1443 856 1503 industrialia:
879 1463 952 1521 quas
966 1445 1115 1504 laceratas
1129 1445 1220 1505 abicit
1240 1445 1270 1504 in
1285 1445 1401 1523 publico

77 1523 155 1582 loco.
185 1523 278 1581 Iulius
299 1523 470 1582 curiositate
492 1523 598 1582 ductus
618 1530 719 1600 partes
741 1523 854 1599 colligit
874 1531 963 1600 atque
983 1525 1071 1599 legit3
1094 1531 1124 1584 et
1144 1525 1246 1584 nuntio
1267 1525 1317 1584 illo
1339 1544 1401 1602 per·

78 1609 178 1662 motus
206 1603 305 1662 studet
327 1602 443 1661 collatis
464 1603 597 1679 pecuniis
618 1609 732 1680 partem
752 1603 862 1662 habere
885 1603 965 1663 illius
986 1603 1129 1676 instit-uti3
1158 1625 1190 1664 re
1211 1625 1281 1665 vera
1303 1610 1401 1664 autern

77 1682 239 1758 insigniter
260 1682 405 1760 decipitur
425 1688 514 1759 atque
534 1702 671 1759 magnum
693 1683 774 1742 subit
794 1684 940 1743 damnum.

77 1787 258 1858 Quaaammr
280 1792 308 1846 1⁰
333 1789 430 1848 sintne
448 1788 624 1849 Cunibertua
646 1795 676 1848 et
696 1790 884 1866 Dagobertus
906 1790 1026 1849 obnoxii
1047 1791 1176 1850 ferendis
1196 1789 1257 1850 illis
1278 1790 1402 1850 damnis.

278 1878 309 1936 2⁰
334 1878 411 1954 quid,
427 1877 452 1936 si
467 1878 603 1937 videntes
616 1877 766 1937 hominurn
780 1878 896 1938 illorum
911 1880 1033 1938 stultam
1048 1879 1249 1939 curiositatem
1264 1899 1328 1938 eam
1344 1898 1402 1937 non

333 1957 553 2035 impediverint3
580 1959 628 2017 vel
649 1958 676 2017 ai
696 1957 876 2017 intenderint
897 1958 948 2017 illa
969 1959 1083 2018 damna.

673 2140 808 2207 solutio.

169 2279 222 2345 An
245 2300 436 2357 onnusmun
461 2284 498 2344 1¹²
522 2281 560 2348 It.
589 2285 616 2347 l.
662 2281 726 2348 Per
755 2302 792 2347 se
823 2301 928 2363 neque
958 2279 1073 2345 mixtio
1102 2281 1159 2347 illa
1183 2281 1321 2346 chimica
1343 2300 1462 2354 neem

76 2391 142 2453 que
166 2370 276 2435 iocosa
298 2369 356 2434 illa
379 2370 509 2444 locutio,
534 2391 638 2452 neque
662 2391 704 2435 ex
726 2375 821 2454 parte
838 2370 1017 2451 Dagoberti
1040 2369 1097 2435 illa
1113 2370 1296 2436 litterarum
1312 2370 1400 2437 fictio

78 2463 115 2525 et
138 2458 277 2524 abiectio
301 2481 398 2523 causa
423 2463 475 2524 est
497 2459 705 2536 damnorum;
736 2458 793 2524 sed
818 2460 926 2542 potius
949 2459 1137 2524 occasiones
1160 2462 1253 2537 sunt,
1284 2460 1400 2542 quibus

77 2547 218 2613 aliorum
242 2547 430 2625 curiositas,
462 2548 580 2613 levitas
604 2553 703 2630 atque
726 2548 867 2614 stultitia
891 2569 951 2612 usa
973 2553 1026 2613 est
1048 2549 1090 2613 ad
1113 2547 1174 2612 sibi
1198 2548 1399 2614 inferendum

78 2637 242 2702 damnum.
289 2636 395 2701 Nemo
427 2636 513 2701 enim
545 2637 723 2720 prudenter
754 2657 856 2719 agens
885 2640 1017 2720 poterat
1040 2637 1110 2703 sine
1139 2637 1272 2702 meliore
1294 2637 1400 2719 inqui·

77 2725 197 2790 sitione
220 2724 285 2789 illis
307 2723 491 2790 manifestis
514 2726 592 2790 iocis
616 2725 731 2802 fidere,
765 2725 817 2790 vel
850 2727 968 2792 saltem
992 2727 1032 2790 de
1062 2726 1149 2791 mala
1178 2730 1250 2792 arte
1273 2727 1400 2809 gravis-

77 2814 159 2879 sime
184 2813 295 2879 debuit
318 2813 476 2879 dubitare.
497 2854 534 2861 —
554 2814 759 2898 Quapropter
781 2816 809 2880 si
831 2814 942 2880 insciis
966 2814 1139 2879 Cuniberto
1163 2817 1197 2879 et
1213 2815 1400 2897 Dagoberto

78 2901 197 2985 aliquis
221 2901 372 2967 damnum
396 2924 513 2986 passus
536 2906 597 2981 est,
621 2903 654 2968 id
677 2904 725 2968 illi
748 2925 902 2987 reparare
926 2907 1175 2969 conterentur.

168 3008 207 3075 R.
233 3011 263 3074 2.
310 3008 373 3074 Sed
396 3008 424 3072 si
447 3008 531 3074 aliae
561 3008 694 3075 fraudes
724 3015 836 3077 essent
867 3010 1055 3086 adiunctae,
1088 3008 1205 3090 quibus
1227 3009 1279 3074 vel
1304 3009 1400 3074 Cuni-

77 3097 192 3163 bertus
225 3101 314 3163 certo
347 3097 468 3163 homini
494 3102 710 3182 persuasisset
739 3119 811 3163 esse
840 3104 952 3182 potum
984 3098 1167 3175 innoxium3
1199 3098 1253 3163 vel
1286 3098 1401 3178 quibus

79 3186 287 3268 Dagobertus
303 3191 392 3252 certo
408 3185 478 3251 viro
496 3187 680 3252 credibilem
697 3187 830 3253 fecisset
845 3207 1006 3252 rumorem
1023 3187 1131 3261 illum;
1153 3206 1232 3250 sane
1247 3190 1401 3269 poterant

77 3275 164 3340 istae
195 3274 328 3340 fraudes
361 3296 479 3340 causae
512 3297 584 3341 esse
616 3276 713 3341 alieni
744 3276 853 3341 damni
885 3281 984 3357 atque
1015 3274 1063 3341 ita
1095 3274 1326 3356 obligationem
1349 3275 1400 3341 fa·

77 3363 213 3429 ciendae
236 3363 460 3431 indemnitatis
483 3385 593 3430 secum
616 3367 757 3431 trahere.
810 3367 863 3431 lli.
885 3388 926 3430 m.
951 3365 976 3441 l,
1001 3366 1075 3429 980.

169 3480 558 3556 Anonaue1ruu2'²lt.
587 3484 615 3546 1.
654 3479 688 3545 Si
714 3480 903 3545 Curi-ibertus
926 3478 1045 3544 viderit
1068 3479 1173 3543 virum
1205 3500 1247 3543 ex
1277 3477 1462 3562 simpli-678

78 3567 180 3633 citata
212 3568 421 3653 arripientem
453 3573 564 3652 potum
598 3569 748 3634 nocivum
772 3589 792 3633 a
816 3589 851 3632 se
874 3571 1122 3651 praeparatum,
1156 3572 1246 3633 certe
1269 3571 1402 3634 tenetur

78 3656 140 3721 sub
170 3657 264 3738 gravi
295 3678 369 3722 euin
392 3657 557 3740 impedire.
585 3694 624 3702 —
649 3657 791 3734 Quilibet
814 3657 866 3739 qui
891 3657 924 3721 id
955 3655 1239 3734 animadverterit,
1270 3661 1402 3723 tenetur

77 3768 119 3810 ea
141 3749 274 3812 caritate
297 3746 433 3823 saltem;
466 3745 617 3827 idemque
640 3746 680 3811 de
704 3746 877 3812 Cuniberto
901 3745 1071 3810 dicendum
1095 3749 1193 3824 esset,
1217 3745 1246 3811 si
1268 3745 1402 3811 Publius

78 3837 168 3900 esset
191 3835 285 3900 homo
309 3834 365 3916 qui
387 3834 488 3900 sciret
518 3834 573 3916 qui
597 3839 685 3901 esset
707 3839 821 3919 potus,
845 3834 903 3900 sed
933 3856 975 3899 ex
997 3835 1185 3901 temeritate
1208 3836 1310 3901 vellet
1332 3836 1401 3900 eius

78 3923 145 3987 vim
170 3923 202 3988 in
225 3946 261 3989 se
285 3924 435 4007 experiri.
482 3926 529 3989 At
552 3946 624 3989 cum
648 3929 768 4006 agatur
800 3924 840 3988 de
863 3923 1009 4002 homine,
1034 3923 1088 4006 qui
1118 3945 1159 3989 ex
1191 3923 1401 4007 simplicitate

77 4011 219 4095 quidem,
244 4033 280 4078 re
302 4013 374 4096 ipsa
395 4017 506 4079 tamen
530 4013 661 4078 actione
679 4013 842 4080 Guniberti
867 4012 1034 4096 (videlicet
1056 4012 1161 4078 nocivi
1184 4017 1282 4096 potus
1304 4032 1400 4096 prae·

78 4101 249 4185 paratione
273 4123 332 4167 nec
355 4101 545 4178 reclusione,
570 4102 676 4184 magis
698 4102 796 4169 etiam
821 4102 1100 4167 commendatione
1124 4123 1220 4185 qnam
1244 4122 1307 4165 non
1329 4100 1400 4183 ipse

76 4190 208 4273 quidem
231 4191 288 4256 sed
312 4191 398 4256 alter
413 4191 531 4256 seriam
548 4190 700 4274 sumpsit)
724 4192 874 4255 inductus
897 4190 1013 4257 estad
1037 4190 1116 4255 illud
1140 4189 1398 4273 experimentum

76 4279 239 4357 nocivum,
263 4284 395 4346 tenetur
410 4280 604 4345 cunibertus
629 4303 666 4344 ec
688 4282 813 4344 iustitia
836 4299 909 4344 eum
925 4279 1091 4362 impedire,
1123 4276 1291 4355 Quodnisi
1307 4276 1397 4352 facit,

76 4369 237 4434 obnoxius
266 4371 304 4436 fit
336 4368 535 4435 restitutioni
568 4368 737 4433 faciendae
766 4371 901 4451 propter
932 4369 1067 4445 damna,
1100 4387 1184 4448 qnae
1215 4366 1311 4429 homo
1344 4364 1399 4429 ille

77 4457 218 4541 simplex
246 4457 402 4541 patiatur.
449 4459 494 4524 Et
523 4478 558 4522 re
582 4477 661 4522 vera
692 4457 751 4521 illa
774 4458 862 4522 actio
885 4457 1066 4533 Cuniberti,
1097 4475 1180 4536 quae
1210 4474 1252 4518 ex
1275 4474 1311 4517 se
1334 4474 1398 4518 non

74 4552 131 4613 est
153 4546 215 4612 nisi
239 4553 366 4613 remota
389 4547 516 4612 occasio
541 4545 703 4629 possibilis
727 4545 853 4622 damni,
885 4545 918 4608 in
941 4546 1030 4609 hisce
1054 4543 1215 4610 concretis
1238 4541 1399 4607 adiunctis

76 4656 99 4701 a
121 4635 296 4704 Guniberto
320 4635 459 4719 cognitis
481 4637 520 4702 fit
543 4655 623 4700 vera
646 4634 754 4700 damni
779 4654 888 4699 causa.
