3106 5168
387 266 550 325 scandalum
569 269 677 325 caritati
696 271 858 341 oppositum.
878 300 912 309 -
934 271 1057 326 storeae.

616 464 830 533 oHoRuAn.

614 619 727 688 dacus.
754 628 832 697 (115)

150 749 323 810 Desiderius
354 770 467 828 caupo,
505 771 571 811 cum
607 773 746 829 maguum
783 753 940 814 locationis
969 752 1096 830 pretium
1126 753 1243 813 solvere
1271 753 1385 824 debeat,

62 835 229 907 opportuna
250 831 333 890 lucra
354 831 486 891 studiose
507 833 631 908 quaerit.
673 835 772 905 Quare
792 854 882 912 saepe
902 833 1034 893 instituit
1055 834 1190 910 publicas
1212 833 1335 892 choreas
1355 834 1387 893 in

60 930 159 970 seram
179 916 297 970 noctem
317 912 539 988 producendas,
564 915 725 991 propositis
746 915 851 991 quibus
871 915 954 974 valet
973 913 1183 973 incitamentis.
1223 914 1386 985 Paroehus‚

60 990 111 1066 qui
125 991 277 1067 experitur
297 1011 357 1050 non
379 1012 446 1052 raro
467 994 623 1053 occasione
647 995 821 1054 chorearum
834 995 899 1055 fieri
920 1013 1062 1054 excessus
1084 994 1222 1053 sexuales
1243 998 1273 1053 et
1294 994 1386 1053 ebrie·

61 1076 149 1142 tates,
173 1077 260 1146 urget
273 1072 469 1144 Desiderium,
492 1078 525 1132 ut
546 1074 670 1133 choreas
688 1074 814 1147 omittat,
837 1074 889 1134 sed
904 1075 1031 1146 frustm
1052 1074 1139 1134 immo
1161 1093 1227 1133 cum
1248 1073 1386 1134 sodalita·

60 1151 141 1210 tibus
171 1151 362 1211 instituendis
390 1172 491 1212 omnes
512 1153 578 1213 illos
600 1154 684 1214 ludos
706 1156 824 1214 abolere
850 1155 971 1227 nititur,
1001 1154 1188 1214 Desiderium
1215 1154 1387 1229 primarium

59 1229 265 1290 adversarium
279 1232 378 1302 habet,
401 1233 529 1308 quicum
544 1254 653 1310 magua
670 1235 835 1295 iuventutis
852 1241 938 1314 parte
952 1233 1081 1313 querelis
1100 1240 1130 1294 et
1151 1233 1387 1295 oblocutionibus

59 1310 186 1387 parochi
207 1316 344 1371 conatum
367 1313 484 1372 eludere
505 1314 625 1375 nitatur.

151 1390 248 1460 Quare
270 1394 416 1468 parochus
438 1394 517 1452 aliud
539 1394 651 1470 cogitat
675 1395 810 1455 medium.
850 1393 973 1454 Publice
994 1413 1010 1453 e
1031 1398 1176 1470 suggestu
1195 1393 1387 1453 vehementer

59 1474 92 1531 in
114 1472 238 1532 choreas
265 1480 414 1548 tamquam
437 1474 597 1534 diabolicos
625 1476 711 1535 ludos
737 1475 853 1535 invehit
881 1481 970 1551 atque
1000 1493 1066 1534 cum
1096 1475 1163 1533 aliis
1195 1474 1386 1533 confessariis

60 1552 164 1612 studet
192 1553 366 1624 convenire,
395 1559 428 1612 ut
454 1573 549 1630 neque
570 1555 620 1630 qui
648 1556 773 1615 choreas
794 1555 921 1627 ducunt,
948 1573 1044 1631 neque
1071 1559 1211 1631 parentes
1232 1555 1282 1630 qui
1309 1554 1386 1614 filios

60 1651 132 1692 suos
154 1651 206 1691 eas
227 1633 416 1708 frequentare
438 1635 620 1710 permittunt,
642 1655 737 1712 neque
759 1655 907 1712 caupones
929 1635 978 1711 qui
998 1635 1173 1706 instituunt,
1194 1635 1387 1694 absolvantur

60 1713 111 1771 vel
132 1713 170 1771 ad
192 1712 221 1772 S.
243 1712 481 1773 communionem
503 1715 705 1775 admittantur.
748 1716 812 1786 Quo
832 1718 878 1788 fit,
906 1723 939 1774 ut
959 1716 1125 1792 complures
1146 1734 1165 1774 a
1186 1714 1387 1774 Sacramentis

60 1793 243 1863 alienentur;
272 1793 323 1851 alii
350 1793 380 1851 in
401 1794 517 1854 vicinos
545 1815 638 1871 pagos
667 1797 839 1855 chorearum
870 1815 961 1854 causa
990 1815 1023 1854 se
1046 1796 1202 1854 conferunt
1229 1799 1317 1871 atque
1338 1795 1387 1853 vel

60 1873 170 1931 ibidem
191 1873 228 1931 ad
249 1880 437 1932 sacramenta
464 1875 626 1947 accedunt,
654 1877 704 1935 vel
731 1876 760 1934 in
789 1896 842 1935 suo
870 1877 936 1935 loco
958 1875 1073 1951 quando
1099 1875 1277 1935 confitentur
1298 1874 1388 1934 silent

60 1954 97 2012 de
119 1952 236 2011 choreis
256 1953 469 2030 frequentatis,
498 1955 676 2032 interrogati
696 1976 729 2016 se
750 1957 780 2014 in
803 1975 839 2014 ea
859 1975 892 2014 re
913 1955 987 2014 nihil
1008 1954 1133 2027 habere,
1162 1955 1239 2032 quod
1259 1954 1316 2014 sibi
1338 1957 1386 2014 ob·

59 2033 140 2092 icere
162 2034 297 2105 debeant,
319 2035 506 2110 respondent.

60 2139 239 2209 Quanmrmr
262 2143 290 2200 1⁰
315 2140 414 2199 sintne
437 2139 562 2200 choreae
584 2141 685 2200 licitae
707 2160 745 2200 an
766 2141 898 2202 illicitae.

262 2232 291 2286 2⁰
316 2229 385 2366 quid
403 2229 442 2366 ge
469 2230 591 2306 parochi
619 2236 649 2289 et
670 2230 705 2288 de
726 2230 875 2290 Desiderii
903 2229 1047 2307 cauponis
1069 2229 1178 2306 agendi
1206 2229 1323 2289 ratione
1347 2229 1387 2287 sit

335 2328 400 2367 rcen
422 2329 479 2368 um.

261 2399 291 2457 3⁰
316 2399 469 2474 possintne
490 2398 678 2476 paenitentes
699 2399 742 2458 ita
763 2419 852 2475 agere
873 2403 907 2459 ut
927 2399 958 2459 in
979 2399 1082 2459 ultimo
1104 2418 1184 2459 casu.

659 2581 795 2649 Solutio.

152 2716 204 2780 An
228 2736 419 2791 quassrruu
445 2718 482 2781 1¹²
505 2716 544 2782 R.
567 2719 595 2783 1.
642 2715 764 2798 Agitur
784 2715 818 2781 in
841 2719 914 2782 tota
936 2715 998 2780 hac
1022 2715 1211 2797 quaestione
1243 2736 1323 2781 sane
1346 2715 1446 2783 de411

60 2804 294 2871 saltationibus
318 2808 352 2870 et
376 2805 515 2882 choreis,
540 2805 713 2887 inquibus
737 2805 858 2870 diversi
881 2826 980 2870 sexus
1003 2805 1163 2883 homines,
1194 2805 1330 2870 iuvenes
1353 2809 1387 2870 et

60 2895 201 2979 puellae,
226 2893 432 2961 conveniunt.

152 2982 241 3058 Quae
272 3003 314 3047 ex
343 3003 379 3047 se
409 3004 474 3048 non
502 2987 579 3048 sunt
609 2982 678 3048 sine
708 2982 867 3066 periculo,
898 2987 1010 3048 temen
1036 2981 1178 3047 nondum
1200 2981 1386 3047 necessario

60 3073 211 3154 graviter
233 3071 450 3156 periculosae;
476 3093 578 3154 quare
601 3093 659 3154 pro
683 3071 936 3139 circumstantiis
954 3071 1065 3136 licitae
1082 3074 1220 3155 possunt
1235 3069 1385 3147 evadere,

61 3161 222 3244 siquidem
245 3161 390 3244 pericula
412 3161 514 3241 levia,
541 3161 722 3227 exsistente
745 3181 861 3238 causa,
886 3161 993 3225 vitare
1015 3181 1080 3224 non
1103 3164 1261 3237 terremur,
1286 3164 1386 3241 atque

61 3271 102 3316 ea
126 3250 234 3316 omnia
256 3249 364 3316 vitare
386 3250 584 3333 impossibile
608 3254 669 3317 est.

154 3357 190 3422 R.
217 3360 246 3422 2.
293 3356 510 3422 Nihilominus
540 3357 566 3421 si
591 3377 675 3439 quae
703 3356 787 3422 fiunt
816 3356 849 3420 in
879 3354 1004 3420 choreis
1032 3355 1180 3437 graviter
1201 3354 1384 3433 inhonesta,

61 3445 133 3511 sive
163 3446 195 3511 in
219 3446 366 3511 vestibus
389 3445 516 3511 ratione
540 3444 714 3521 nuditatis,
746 3445 816 3510 sive
845 3444 973 3510 ratione
996 3448 1144 3511 tactuum
1166 3444 1219 3508 vel
1242 3444 1385 3509 musicae

60 3534 217 3612 lascivae,
242 3556 282 3600 ea
304 3535 476 3600 instituere
498 3535 553 3599 vel
575 3555 768 3618 promovere
791 3533 939 3615 graviter
957 3532 1106 3600 illicitum
1130 3538 1197 3610 est;
1220 3533 1261 3599 iis
1283 3532 1386 3599 inter-

61 3645 136 3689 esse
160 3626 351 3709 reqclorr'ter
374 3625 472 3689 etiam
501 3629 552 3689 est
581 3623 729 3704 graviter
752 3623 917 3690 illicitum:
949 3623 1080 3707 excipe,
1111 3623 1139 3687 si
1164 3622 1236 3705 quis
1259 3627 1386 3689 cetero-

62 3713 140 3795 quin
168 3713 289 3778 nullam
320 3734 477 3779 exercens
507 3712 739 3779 auctoritatem
767 3712 838 3795 ipse
868 3711 1034 3778 abstineat
1063 3733 1083 3777 a
1112 3712 1209 3777 rebus
1238 3712 1386 3794 graviter

61 3801 105 3867 ad
128 3802 292 3868 luxuriam
315 3801 537 3885 provocativis
561 3822 665 3883 neque
697 3823 738 3866 ea
767 3803 927 3885 approbet
950 3801 1032 3866 iisve
1055 3802 1250 3884 applaudat,
1281 3822 1386 3883 neque

61 3890 132 3975 ipse
156 3912 259 3972 grave
281 3891 460 3975 periculum
483 3891 646 3966 incurrat3
671 3890 757 3972 quod
780 3911 859 3955 sune
883 3890 1033 3973 exceptio
1057 3890 1119 3954 erit
1142 3912 1162 3954 a
1185 3890 1311 3972 regula.

152 3998 190 4063 R.
216 4000 247 4064 3.
293 3998 366 4063 Etsi
396 3997 546 4080 graviter
574 3997 747 4063 inhonesta
776 3996 810 4061 in
840 3996 966 4061 choreis
996 4017 1061 4061 non
1091 3999 1244 4078 aguntur,
1275 4000 1386 4061 tamen

61 4108 121 4171 pro
145 4086 185 4152 iis
208 4088 398 4152 chorearum
423 4087 643 4169 frequentatio
668 4085 815 4167 graviter
837 4086 952 4151 illicita
981 4091 1048 4161 est,
1080 4086 1195 4168 quibus
1224 4085 1306 4150 haec
1336 4091 1387 4150 est

61 4176 213 4260 proxima
242 4176 397 4259 peccandi
428 4177 571 4253 occasio,
604 4176 674 4240 sive
706 4175 793 4240 inter
821 4175 911 4258 ipsas
943 4173 1095 4252 choreaS,
1128 4175 1198 4239 sive
1230 4174 1264 4238 in
1295 4173 1385 4238 aditu

60 4265 212 4331 redituve
234 4265 347 4349 lapsus
370 4265 517 4330 accidere
541 4265 663 4330 soleat:
687 4264 749 4328 nisi
768 4264 854 4329 forte
872 4264 1057 4345 aliquando,
1083 4263 1263 4328 exsistente
1287 4283 1386 4326 causa

61 4375 126 4419 non
161 4354 242 4432 levi,
282 4353 435 4420 adhibitis
470 4354 608 4420 cautelis
642 4354 822 4438 periculum
857 4352 991 4417 diminui
1027 4353 1131 4436 possit
1169 4356 1203 4417 et
1240 4371 1276 4414 re
1313 4351 1385 4433 ipsa

61 4443 270 4510 diminuatur.

151 4533 198 4600 uf.
230 4533 262 4599 S.
292 4531 409 4615 Alph.
440 4530 504 4609 ΙΙΙ,
530 4535 593 4597 429
625 4553 697 4596 cum
729 4531 903 4615 Busenb.
939 4529 1034 4596 ibid:
1075 4527 1383 4594 Bellen-Palm.

60 4625 454 4703 mdsdmfflm

114 4733 282 4782 Lehmkulrl,
297 4733 369 4775 Casus
383 4732 542 4774 conscientiae.
569 4733 587 4774 1.
1141 4720 1173 4775 14
