3106 5168
178 301 243 363 472
318 294 359 349 De
378 293 526 348 virtutibus
544 297 572 348 et
590 293 687 348 officiis
705 310 771 362 erga
789 292 919 347 homines.
942 323 972 330 —
993 292 1044 347 Off.
1064 293 1136 348 circa
1154 293 1224 348 bonu
1242 297 1367 348 externa.

178 493 237 555 pro
262 493 321 536 sua
345 471 538 538 declaretur.
586 472 736 537 Ceterum
760 471 822 535 bae
852 470 943 551 leges
967 475 1036 537 tam
1060 471 1211 536 diversae
1235 474 1328 548 sunt,
1363 476 1402 537 ut
1424 492 1500 536 suae

178 561 314 643 quisque
337 560 480 642 regionis
503 562 593 643 leges
609 560 777 626 consulere
794 560 921 636 debeat,
946 560 1044 625 immo
1061 564 1098 624 ut
1114 560 1297 625 consultum
1313 561 1368 638 sit,
1393 582 1498 625 coram

178 649 306 716 notario
330 649 599 804 ndegotiumtillud
624 651 791 726 conficere,
816 649 871 730 qui
894 649 985 731 leges
1010 671 1122 714 omnes
1138 649 1291 731 vigentes
1314 649 1447 716 noverit
1469 655 1501 715 et

180 741 341 804 observan
367 760 403 804 as
428 760 531 804 cure.

267 836 306 902 R.
331 839 361 901 4.
401 835 673 901 Extraordinaria
703 835 810 900 forma
840 856 897 900 εει]
921 834 1050 899 facilior
1076 835 1265 901 conceditur
1287 836 1502 900 communiter

178 945 237 1008 pro
261 924 418 990 militibus
441 929 589 1008 tempore
614 924 698 1002 belli,
723 925 777 989 vel
800 928 947 1008 tempore
964 925 1167 1006 contagionis
1184 946 1242 1009 pro
1266 925 1347 990 locis
1363 924 1411 988 illi
1429 926 1501 989 sub-

178 1013 288 1079 iectis:
321 1035 405 1096 quac
435 1018 637 1079 testamenta
667 1013 851 1094 generatim
881 1034 939 1097 pro
970 1017 1060 1078 certo
1088 1019 1236 1097 tompore
1265 1017 1399 1079 tantum
1429 1019 1502 1097 post

177 1102 323 1186 pericula
346 1102 512 1168 exstincta
534 1104 746 1169 sustinentur.

267 1200 305 1265 R.
332 1204 361 1265 5.
408 1200 582 1283 Complura
623 1201 711 1276 iura,
749 1203 786 1263 ut
819 1200 1038 1277 Gallicum,
1075 1199 1367 1275 Austriacum,
1406 1201 1499 1264 Ger·

177 1289 396 1365 monicum,
425 1293 660 1355 testamentum
685 1290 774 1370 quod
797 1294 915 1354 vocant
944 1290 1170 1375 boloyrupluem
1194 1289 1392 1367 admittunt,
1417 1291 1499 1372 quod

177 1377 332 1442 videlicet
355 1377 488 1461 propria
518 1399 616 1442 manu
646 1377 818 1442 testatoris
853 1378 1010 1461 scriptum
1040 1377 1084 1443 sit
1114 1399 1186 1442 cum
1217 1378 1339 1460 integri
1363 1379 1499 1443 nominis

178 1466 416 1549 subscriptione
441 1471 540 1547 atque
563 1467 761 1532 indicatione
785 1465 861 1545 (loci
885 1472 932 1547 et)
956 1465 1128 1550 temporis,
1153 1487 1210 1531 εει]
1235 1467 1298 1531 diei
1322 1474 1358 1531 et
1381 1469 1499 1532 mensis

177 1560 212 1620 et
244 1556 330 1620 anni.
388 1555 550 1620 Minorum
586 1560 733 1639 potestas
768 1556 912 1620 testandi
947 1555 1080 1620 limitari
1115 1556 1215 1633 solet,
1256 1555 1359 1621 etiam
1395 1558 1497 1638 quoad

177 1644 334 1717 formam;
358 1643 516 1727 imprimis
539 1645 589 1709 ius
614 1645 898 1709 Germanicum
924 1667 980 1710 eos
996 1643 1141 1710 excludit
1156 1665 1176 1710 a
1191 1648 1395 1711 testamento
1412 1646 1497 1711 holo·

177 1733 303 1815 grapho
328 1731 359 1813 (ᾗ
384 1736 494 1815 2247).

115 1858 168 1912 930
266 1848 319 1913 An
343 1869 533 1923 Qunusrrun
558 1850 596 1912 2¹¹¹
620 1847 657 1913 R.
685 1851 713 1914 1.
764 1849 940 1912 Tbmretice
963 1846 1092 1929 quidem
1116 1847 1156 1912 de
1171 1848 1285 1912 valore
1308 1849 1496 1914 testamenti

115 4559 163 4612 931

177 1935 336 2014 informis,
361 1936 446 2019 quod
470 1937 612 2019 alioquin
638 1941 727 2002 certo
752 1936 915 2019 exprimat
939 1937 1087 2002 ultimam
1112 1934 1256 2003 defuncti
1281 1937 1496 2012 voluntatem,

178 2025 233 2090 alii
257 2026 354 2091 aliter
377 2026 532 2091 sentiunt.
580 2025 645 2090 Alii
670 2025 755 2089 enim
779 2025 848 2089 eius
871 2027 1016 2090 r‘alorem
1040 2026 1225 2091 naturalem
1253 2026 1302 2091 ita
1326 2027 1496 2101 sustinent,

178 2119 215 2180 ut
237 2115 373 2180 nullitas
403 2115 508 2179 civilis
538 2114 764 2180 tantummodo
795 2114 838 2180 sit
871 2136 912 2179 ex
943 2115 1126 2197 sumptione
1156 2114 1282 2180 fraudis
1305 2116 1360 2180 vel
1385 2116 1497 2181 dubiae

177 2204 358 2270 voluntatis
382 2205 503 2268 liberae
521 2204 675 2280 defuncti,
700 2207 800 2285 atque
822 2206 869 2280 ut,
895 2209 985 2269 certo
1009 2208 1160 2269 cessante
1183 2204 1300 2269 fraude
1320 2205 1375 2269 vel
1393 2205 1495 2279 dubio,

176 2292 209 2357 in
227 2293 426 2359 conscicntia
449 2293 605 2358 eiusmodi
629 2296 863 2358 testamentum
888 2314 1001 2357 norma
1026 2292 1317 2374 dispensandorum
1342 2293 1494 2359 bonorum

176 2382 365 2448 relictorum
382 2403 453 2446 esse
471 2382 598 2447 debeat.
634 2381 699 2445 Alii
716 2402 733 2446 e
750 2381 914 2447 contrario
931 2387 1065 2447 censent
1082 2383 1240 2447 eiusmodi
1262 2386 1493 2448 testamentum

175 2471 224 2536 ita
245 2493 317 2536 esse
341 2492 360 2535 a
385 2471 493 2535 limine
517 2471 650 2547 nullum,
675 2475 712 2535 ut
734 2491 849 2535 norma
872 2470 991 2535 nenrini
1015 2471 1120 2554 possit
1142 2491 1214 2536 esse
1236 2472 1270 2535 in
1288 2473 1494 2538 conscientia.

176 2560 240 2624 Alii
259 2561 387 2625 demum
404 2564 546 2634 censent,
572 2560 662 2641 leges
678 2559 751 2624 illas
775 2559 887 2624 civiles
903 2560 1014 2624 facere
1037 2564 1237 2626 testamenta
1259 2560 1415 2626 informia
1429 2565 1493 2626 tum

178 2649 306 2713 demum
330 2648 425 2730 pleno
448 2648 519 2712 iure
543 2649 696 2726 invalida,
721 2648 849 2713 cumin
873 2649 943 2713 foro
968 2653 1105 2714 externo
1129 2650 1219 2731 leges
1242 2649 1447 2716 invocentur.

267 2746 303 2810 R.
330 2748 359 2810 2.
406 2747 549 2810 Proclice
574 2745 688 2810 ultima
711 2746 874 2810 sententia
897 2746 968 2811 sola
984 2746 1148 2828 sequenda
1172 2751 1232 2813 cst.
1264 2746 1351 2811 Nam
1376 2769 1419 2811 cx
1435 2769 1495 2812 una

177 2839 271 2916 parte
294 2839 429 2917 propter
453 2835 535 2898 alias
558 2835 739 2901 sententias
764 2835 910 2899 diversas
927 2857 1031 2917 neque
1047 2837 1086 2911 ei,
1112 2835 1203 2899 cuius
1231 2835 1370 2901 interest
1394 2842 1493 2902 testa-

177 2929 322 2988 mentum
346 2924 474 3000 valere,
508 2945 612 3006 neque
643 2925 688 3000 ei,
721 2924 812 2988 cuius
843 2924 980 2990 interest
1009 2925 1088 2988 illud
1121 2945 1185 2988 non
1210 2924 1338 3001 valere,
1374 2925 1492 3008 imponi

176 3016 287 3094 potest
311 3012 467 3093 obligatio
485 3013 639 3094 sequendi
656 3034 698 3076 ex
715 3034 786 3077 sese
803 3014 999 3078 sententiam
1016 3013 1075 3077 sibi
1093 3013 1306 3089 contrariam;
1333 3036 1376 3078 ex
1393 3017 1493 3081 altera

176 3105 270 3184 parte
295 3101 510 3167 certissimum
536 3107 586 3167 est
610 3102 816 3183 legislatores
840 3103 967 3166 demum
991 3125 1087 3187 posse,
1112 3103 1138 3166 si
1163 3103 1384 3167 necessarium
1416 3103 1492 3168 iudi-

177 3190 325 3255 caverint
348 3213 406 3273 pro
431 3193 512 3255 bono
538 3191 697 3254 communi
721 3213 778 3254 seu
802 3192 944 3273 publico,
976 3191 1023 3255 ita
1047 3195 1140 3256 actus
1163 3192 1368 3275 praescripta
1391 3193 1493 3258 forma

177 3285 325 3345 carentes
349 3280 510 3344 invalidos
534 3280 652 3351 facere,
678 3283 778 3343 utne
802 3281 834 3343 in
859 3280 1056 3345 conscientia
1080 3281 1208 3361 quidem
1233 3282 1376 3355 valeant,
1402 3283 1493 3364 idque

176 3390 232 3433 eos
256 3369 373 3433 fecisse
397 3370 503 3449 quoad
528 3373 620 3433 actus
648 3368 680 3432 in
697 3369 770 3450 lege
787 3369 975 3450 descriptos,
1001 3371 1129 3449 quando
1153 3369 1184 3433 in
1209 3370 1280 3434 foro
1304 3370 1434 3452 publico
1458 3373 1493 3435 de

175 3457 215 3521 iis
239 3464 367 3538 agatur,
393 3458 474 3521 sumi
500 3459 605 3534 debet,
630 3479 670 3521 ne
687 3479 743 3522 eos
759 3457 1027 3523 irrationabiliter
1050 3458 1165 3522 fecisse
1190 3458 1352 3534 dicamns3
1377 3481 1493 3542 eosque

176 3546 360 3611 nullitatem
384 3547 481 3612 istam
506 3549 605 3611 etiam
630 3547 671 3611 ad
696 3568 751 3611 eos
775 3568 869 3611 casus
892 3546 1102 3612 restrinxisse
1117 3548 1331 3630 probabiliter
1354 3553 1492 3620 tenetur,

176 3656 214 3698 eo
239 3636 323 3714 quod
347 3636 377 3698 id
403 3635 507 3718 ipsum
532 3636 630 3701 etiam
654 3635 775 3700 inullis
799 3637 896 3699 rebus
912 3657 1007 3717 qnam
1024 3636 1171 3718 plurimis
1188 3637 1308 3713 valcat,
1334 3637 1367 3701 in
1384 3643 1494 3703 nostra

176 3744 212 3787 re
243 3730 351 3788 autem
385 3725 504 3788 bonum
535 3726 697 3807 publicum
728 3747 792 3788 non
822 3726 926 3788 solum
956 3725 1029 3807 plns
1052 3747 1115 3789 non
1139 3726 1301 3807 requirat,
1333 3727 1392 3791 sed
1423 3728 1492 3792 illos

177 3812 296 3876 limites
320 3814 466 3889 suadeat,
492 3835 531 3877 ne
558 3814 763 3878 conscientiis
786 3815 921 3896 laqueus
945 3819 1093 3896 ponatur.
1126 3814 1173 3880 Cf.
1194 3817 1250 3880 Th.
1275 3839 1315 3879 m.
1342 3816 1366 3893 I,
1395 3819 1493 3888 1147;

176 3902 351 3977 Merrae,
382 3904 430 3965 lle
456 3906 525 3969 lost
550 3912 577 3967 ct
603 3908 670 3967 iure
694 3926 724 3967 n.
751 3907 830 3972 ello:
858 3904 941 3967 Van
968 3904 1127 3981 Gestel,
1161 3906 1210 3968 Dc
1233 3907 1359 3968 instilis
1383 3914 1411 3969 ct
1435 3909 1493 3989 layo

176 3992 282 4055 ciuili2
305 4013 335 4055 n.
360 3991 508 4054 LXXXV
533 4013 620 4072 sqq.;
646 3994 676 4056 S.
703 3993 816 4073 hlph.
844 3992 898 4066 ΙΙΙ,
925 3995 998 4056 927.

265 4089 303 4152 Η.
329 4093 358 4152 3.
407 4089 512 4151 Aliter
543 4093 652 4152 tamen
685 4091 899 4154 communiter
930 4090 1134 4153 iudicandum
1166 4095 1217 4155 est
1246 4091 1286 4153 de
1316 4091 1357 4153 iis
1389 4092 1491 4174 dispo·

176 4177 347 4242 sitionibus
371 4178 637 4250 testamentariis,
663 4200 745 4258 quac
763 4201 823 4241 non
843 4184 975 4260 propter
992 4180 1154 4243 defectum
1170 4180 1296 4243 formae
1312 4180 1386 4261 lege
1403 4203 1491 4263 prae·

176 4267 318 4349 scriptae
349 4266 512 4330 invalidae
543 4268 766 4341 declarantur,
801 4270 855 4330 sed
889 4290 970 4347 qnae
1002 4269 1135 4332 laedunt
1165 4269 1234 4331 sine
1262 4268 1391 4334 ratione
1423 4292 1492 4352 por·

175 4356 295 4419 tionem
321 4355 492 4418 heredibus
516 4356 706 4419 necessariis
726 4357 798 4436 lege
822 4362 994 4421 statutam:
1020 4359 1076 4420 illa
1100 4357 1184 4420 enim
1208 4360 1315 4439 portio
1340 4359 1380 4422 iis
1397 4361 1490 4424 etiam

177 4452 254 4509 ante
278 4465 444 4506 recursum
469 4445 509 4508 ad
533 4446 639 4508 forum
664 4446 824 4527 publicum
843 4446 1037 4526 regulariter
1061 4451 1213 4510 censetur
1237 4469 1310 4512 esse
1336 4451 1450 4513 debito.

266 4559 318 4620 Ao
342 4560 652 4630 ornssrrur13¹¹¹lt
681 4564 707 4624 1.
756 4561 807 4623 Ex
832 4561 884 4631 iis,
915 4581 997 4640 quae
1022 4561 1062 4624 ad
1089 4564 1201 4641 Qrcues.
1226 4568 1266 4626 2³¹
1292 4562 1381 4629 dicta
1411 4569 1491 4627 sunt.

175 4647 323 4728 sequitur
347 4646 497 4712 heredem
521 4649 677 4731 scriptum
701 4650 846 4732 potuisse
870 4670 911 4713 ex
935 4655 1132 4714 test-amento
1150 4650 1289 4728 Colonia,
1316 4654 1401 4734 qrrod
1426 4657 1493 4717 erat
