3106 5168
560 289 689 359 Propriae
707 288 782 342 vitae
801 306 874 344 cura.
1315 295 1377 360 189

143 465 181 532 R.
202 466 232 531 2.
272 465 307 531 Si
328 465 362 530 in
385 464 589 531 assumendis
607 464 735 529 ieiuniis
751 463 888 546 aliisque
911 464 1121 547 poenitentiis
1137 463 1261 530 motiva
1280 486 1380 531 causa

52 575 112 638 pro
129 553 307 619 Anastasia
331 559 391 633 est,
417 564 452 620 ot
474 555 577 620 vitam
594 554 772 631 abbreviet,
797 559 962 638 peccatur,
985 553 1082 636 idque
1098 553 1255 636 graviter,
1280 555 1380 637 siqui·

53 643 128 708 dem
160 643 314 708 notabilis
337 643 427 709 vitae
456 642 659 709 abbreviatio
689 642 724 707 in
753 663 791 707 eo
822 663 899 707 casu
930 663 994 707 non
1024 647 1134 726 potest
1157 664 1221 707 non
1245 643 1379 712 intendi.

54 732 87 797 Si
112 753 192 798 vero
223 752 322 797 causa
352 732 476 798 motiva
506 733 571 797 alia
602 731 741 797 honesta
770 731 899 809 subest,
932 736 1032 812 atque
1058 732 1234 815 probabilis
1265 733 1380 798 abbre-

53 821 156 888 viatio
171 821 260 887 vitae
274 821 350 886 inde
367 821 492 888 oritura
507 820 764 905 parvipenditur,
781 819 878 886 immo
895 820 1154 886 concomitanter
1166 820 1380 899 desideratur,

54 914 225 993 peccatum
242 932 306 975 nou
323 911 402 977 erit:
426 931 503 974 nam
526 910 559 975 in
582 910 642 975 tali
665 929 744 974 casu
760 930 921 974 summurn
935 909 1076 975 habetur
1090 909 1250 975 indirecta
1266 913 1381 978 mortis

54 999 268 1076 acceleratio,
299 1020 397 1081 quam
428 1021 470 1064 ex
501 1020 600 1064 causa
623 998 881 1065 mortificationis
904 998 1111 1082 permittere,
1142 999 1285 1064 maxime
1308 1021 1380 1065 cum

54 1089 98 1154 sit
121 1088 204 1153 satis
227 1088 334 1166 dubia,
359 1110 422 1153 non
446 1092 497 1154 est
520 1088 679 1154 illicitum.

146 1194 184 1259 lt.
205 1197 234 1260 3.
271 1194 392 1259 Verum
416 1193 545 1259 etiamsi
566 1193 743 1259 Anastasia
765 1194 871 1258 solum
894 1193 1152 1260 concomitanter
1173 1193 1303 1260 foveret
1325 1194 1381 1258 de·

55 1282 210 1348 siderium
227 1284 342 1349 mortis
358 1283 555 1360 maturioris,
579 1287 734 1367 peccaret
749 1282 958 1348 nihilominus
976 1303 1117 1366 pergens
1140 1286 1174 1347 in
1197 1282 1381 1349 indiscretis

56 1372 315 1449 austeritatibus,
338 1376 512 1455 postquam
529 1372 816 1437 animadvertisset
837 1371 1086 1438 austeritatibus
1101 1373 1279 1455 assumptis
1294 1372 1381 1437 vires

55 1461 103 1527 ita
128 1461 282 1539 consumi,
308 1465 345 1526 ut
367 1481 480 1526 earum
504 1461 679 1526 exstinctio
703 1461 794 1526 brevi
818 1465 907 1527 esset
930 1461 1085 1527 timenda.
1128 1460 1329 1544 Quamquam
1354 1461 1380 1525 si

56 1551 183 1615 sincere
213 1551 273 1616 sub
303 1550 402 1616 ductu
426 1550 651 1616 oboedientiae
682 1549 782 1616 etiarn
805 1550 976 1632 graviores
999 1554 1131 1616 exercet
1158 1549 1381 1626 austeritates,

56 1660 121 1705 non
146 1639 242 1705 facile
266 1639 388 1722 aliquid
411 1639 589 1705 timendum
615 1643 676 1707 est.

147 1744 186 1810 R.
211 1748 241 1811 4.
288 1744 340 1810 Ad
373 1746 629 1829 amputationem
654 1745 758 1810 cruris
781 1745 943 1810 hominem
966 1743 1155 1826 religiosum
1178 1745 1383 1812 oboedientia
1393 1754 1445 1808 ata

57 1834 187 1916 quidem
205 1834 335 1900 videtur
350 1835 487 1912 facilius
509 1839 700 1899 nontamen
718 1835 894 1899 universim
910 1855 1007 1917 posse
1023 1833 1183 1916 obligare;
1208 1834 1300 1910 alias,
1322 1835 1384 1900 nisi

59 1925 132 2005 quis
155 1925 239 1988 bono
263 1924 391 2007 publico
415 1924 468 1988 vel
492 1924 639 2001 aliorum,
665 1945 801 2005 quorum
825 1944 936 1989 curam
959 1923 1069 2000 habet,
1093 1923 1249 1989 levamini
1271 1945 1383 1988 neces·

58 2013 164 2077 sarius
194 2013 253 2090 sit,
285 2012 326 2078 ad
357 2012 513 2077 eiusmodi
537 2013 760 2095 operationem
790 2013 991 2077 subeundam
1016 2012 1122 2077 minus
1146 2012 1246 2078 etiam
1270 2013 1384 2079 stricte

59 2101 233 2184 obligatur.
269 2101 471 2184 Quamquam
488 2101 573 2167 enirn
590 2102 666 2168 talis
682 2102 830 2185 operatio
847 2101 1031 2182 chirurgica
1045 2102 1168 2167 nostris
1184 2101 1384 2184 temporibus

58 2212 122 2255 non
147 2190 286 2273 amplius
311 2191 392 2255 adeo
417 2190 679 2256 extraordinaria
709 2197 760 2258 est
791 2196 825 2256 et
855 2191 896 2255 ab
927 2190 1000 2255 aliis
1023 2191 1166 2256 fortasse
1188 2190 1275 2256 inter
1299 2191 1384 2256 ordi·

60 2279 153 2345 naria
185 2279 293 2345 media
326 2280 514 2357 collocatur,
545 2284 624 2362 puto
655 2283 766 2344 tamen
795 2279 964 2344 horrorem
993 2279 1102 2358 illum,
1135 2300 1230 2362 quern
1258 2280 1384 2356 incutit,

60 2374 94 2435 et
117 2368 371 2445 deformitatem,
397 2389 493 2450 quam
517 2390 627 2434 secum
651 2368 725 2446 fert,
750 2369 910 2434 rationem
935 2389 1016 2446 esse,
1046 2389 1105 2434 cur
1126 2369 1225 2434 liceat
1248 2373 1384 2450 aegroto

60 2478 133 2522 sam
155 2457 329 2540 repudiare
352 2463 386 2522 et
409 2459 512 2522 vitam
535 2479 629 2523 suam
645 2457 774 2522 divinae
797 2457 1024 2541 providentiae
1047 2457 1253 2539 naturalique
1277 2479 1385 2523 rerum

61 2546 170 2611 cursui
200 2546 414 2613 committere.
445 2585 488 2593 —
520 2546 592 2612 Nisi
622 2546 724 2629 igitur
754 2547 968 2630 superiorissa
998 2546 1032 2610 vi
1061 2546 1131 2611 voti
1161 2547 1385 2613 oboedientiae

61 2635 324 2717 obligaverit-
348 2636 434 2717 quod
464 2641 553 2701 certe
583 2658 647 2700 non
678 2639 730 2700 est
759 2636 792 2699 in
823 2656 919 2713 casu,
948 2656 1054 2718 neque
1078 2635 1293 2701 communiter
1314 2636 1386 2701 fieri

60 2729 171 2808 potest
200 2725 255 2790 vel
284 2725 418 2808 expedit
448 2724 504 2803 (cf.
534 2724 853 2802 Noldin11,320,
884 2724 938 2806 qui
971 2746 1044 2789 cum
1074 2725 1202 2806 Lugo,
1232 2726 1280 2790 Dc
1312 2729 1384 2791 iusi.

60 2822 87 2879 et
112 2818 183 2878 iure
206 2814 235 2879 d.
259 2817 309 2891 10,
334 2836 365 2880 n.
389 2817 447 2891 21,
472 2813 574 2878 sentit
597 2835 637 2878 no
660 2813 861 2896 superiorem
884 2813 1015 2896 quidem
1045 2813 1267 2897 operationem
1295 2815 1386 2879 coldo

61 2904 207 2968 acerbam
230 2903 419 2986 praecipere
443 2923 555 2985 posse,
581 2902 642 2967 nisi
666 2908 821 2985 aegrotus
844 2902 888 2968 sit
911 2903 1050 2967 aliorum
1075 2904 1157 2967 bono
1181 2902 1384 2967 necessarius

60 2996 160 3073 atque
192 2991 392 3075 operationis
424 3012 594 3057 successus
626 2991 794 3057 moraliter
826 2992 949 3072 certus)
985 3027 1027 3036 —
1061 2990 1241 3056 Anastasia
1272 2991 1386 3056 nolens

60 3081 319 3164 amputationem
350 3081 499 3163 graviter
530 3102 595 3145 nou
629 3081 788 3163 peccavit.
842 3080 930 3146 Num
962 3079 1194 3146 concomitanti
1225 3079 1384 3144 desiderio

60 3170 175 3236 mortis
206 3169 410 3254 peccaverit,
441 3169 562 3253 pendet
591 3191 611 3234 a
641 3169 736 3234 modo
767 3173 800 3233 et
830 3190 850 3234 a
880 3169 1102 3250 resignatione
1133 3189 1212 3250 erga
1242 3168 1384 3233 divinam

60 3259 282 3324 voluntatem:
313 3258 435 3323 iniusta
464 3259 521 3323 illa
551 3259 748 3334 diffamatio,
779 3279 877 3339 quam
900 3279 999 3341 passa
1022 3263 1089 3332 est,
1120 3257 1236 3323 mortis
1259 3256 1385 3322 deside·

60 3348 183 3413 randae
207 3348 294 3413 iusta
318 3348 446 3430 quidem
471 3369 570 3413 causa
593 3369 656 3412 non
682 3352 749 3424 est,
773 3368 886 3411 verum
912 3369 976 3411 non
998 3347 1046 3412 ita
1069 3347 1200 3412 videtur
1223 3366 1296 3411 esse
1319 3345 1384 3411 dis·

60 3427 324 3522 proportionataJ
345 3442 381 3502 ut
406 3437 599 3502 desiderium
624 3436 703 3501 illud
726 3435 907 3502 constituat
930 3440 1099 3521 peccatum
1122 3438 1263 3502 ruer-tole.

151 3570 203 3634 Ar>
226 3589 417 3644 ourasrruu
441 3573 480 3635 3¹¹²
503 3569 542 3635 R.
589 3570 673 3634 Cura
697 3568 910 3643 valetudinis,
941 3588 1038 3649 quam
1069 3572 1184 3651 postea
1207 3567 1448 3634 Anastasia373

61 3657 222 3736 ostendit,
254 3665 306 3724 est
336 3680 416 3723 sane
446 3659 625 3724 excessivo.
677 3657 729 3722 Ad
759 3658 867 3722 omnia
897 3657 954 3722 illa
983 3656 1090 3723 media
1119 3656 1302 3722 adhibenda
1328 3656 1387 3721 vix

61 3747 208 3812 homines
238 3747 358 3814 divites
388 3769 526 3831 capaces
556 3753 648 3824 sunt,
679 3747 767 3829 ipsos
796 3747 870 3811 illos
900 3767 975 3811 raro
999 3745 1123 3829 obligat
1153 3748 1272 3812 affecta
1295 3747 1387 3811 vale·

61 3836 142 3902 tudo
166 3836 208 3901 ad
230 3840 300 3902 tam
324 3837 585 3902 extraordinaria
607 3835 731 3912 media;
765 3836 867 3901 multo
890 3835 997 3900 minus
1020 3855 1181 3919 pauperes
1205 3835 1384 3917 religiosos.

62 3926 193 4009 Optime
216 3925 317 4009 igitur
340 3925 381 3991 ab
398 3925 576 3992 Anastasia
599 3930 707 3991 actum
732 3924 841 4002 fuerit,
866 3925 964 3989 immo
987 3926 1028 3989 ad
1052 3925 1085 3988 id
1108 3945 1167 4007 per
1185 3945 1220 3988 se
1244 3928 1384 3999 tenetur,

61 4022 99 4081 ut
122 4035 158 4079 se
182 4015 366 4082 committat
389 4019 524 4080 sanctae
548 4013 773 4080 oboedientiae
796 4019 830 4079 et
854 4035 951 4079 curae
974 4013 1186 4095 superiorum.
1233 4013 1321 4088 Quae
1345 4013 1386 4078 ab

62 4104 126 4168 illis
150 4109 308 4187 putantur
326 4105 491 4188 superflua
506 4104 560 4167 vel
583 4103 692 4178 nimia,
717 4103 895 4168 Anastasia
917 4107 990 4168 tuto
1014 4103 1196 4184 relinquere
1219 4106 1329 4185 potest
1353 4107 1386 4169 et

62 4193 168 4271 debet,
194 4193 257 4258 etsi
279 4194 366 4258 forte
389 4194 485 4276 paulo
510 4193 605 4258 citius
629 4193 730 4258 vitam
755 4197 930 4276 propterea
952 4192 1085 4257 finitura
1108 4192 1160 4258 sit.

151 4291 323 4356 Absurdae
345 4291 514 4372 sequelae,
546 4311 630 4371 quae
653 4292 757 4356 fluunt
787 4311 829 4354 ex
859 4290 1001 4355 admissa
1031 4289 1097 4355 ista
1120 4288 1319 4370 obligatione
1343 4287 1384 4351 ad

63 4380 325 4446 extraordinaria
348 4381 470 4455 media,
504 4381 674 4445 evidenter
697 4379 874 4445 ostendunt
903 4379 1006 4444 Deum
1036 4378 1183 4442 homines
1206 4376 1386 4441 ordinarios

63 4491 127 4535 non
143 4469 289 4551 obligare
312 4469 354 4535 ad
377 4469 442 4536 iata
458 4469 576 4546 omnia,
601 4490 685 4550 quae
701 4468 879 4533 Anastasia
894 4467 1089 4551 praetendit.
1123 4466 1284 4531 Videlicet
1305 4465 1385 4530 alio·

64 4559 140 4640 quin
163 4579 324 4642 pauperes
346 4558 463 4622 infirmi
493 4564 627 4642 possent
657 4562 731 4623 tuta
754 4557 954 4623 conscientia
984 4557 1024 4620 ab
1055 4555 1127 4620 aliis
1151 4556 1250 4620 etiam
1274 4554 1386 4619 invitis

64 4653 193 4715 tautum
216 4648 277 4713 sibi
300 4648 477 4731 surripere,
503 4653 659 4729 quantum
683 4647 826 4712 sufficiat
849 4646 891 4711 ad
919 4665 1081 4728 expensas
1104 4644 1178 4709 illas
1201 4644 1385 4719 faciendam
