3106 5168
181 284 246 348 426
319 280 360 334 De
379 280 527 335 virtutibus
546 281 688 336 etolficiis
707 299 772 349 erga
791 281 974 335 homiues-
994 279 1136 336 01111111
1154 281 1224 335 bona
1241 284 1365 337 externa.

180 461 285 535 esset,
316 455 367 520 ius
390 456 540 521 naturale
563 455 593 520 ei
622 454 844 539 permitteret,
875 461 913 522 ut
936 456 1142 522 donationem
1170 476 1233 521 nou
1257 461 1504 538 exsequeretur,

181 545 258 626 quia
281 567 380 610 causa
403 544 473 610 sine
496 545 593 609 dubio
616 545 729 627 graiis
752 549 817 623 est,
842 565 936 626 quae,
961 544 989 610 si
1012 545 1129 610 fuisset
1152 545 1313 628 praevisa,
1338 546 1504 628 Agritium

181 656 201 699 a
225 634 399 700 donatione
421 634 642 718 promittenda
666 634 867 700 detinuisset.

270 741 308 806 R.
334 743 363 806 2.
411 739 502 816 Quod
526 740 567 805 ad
599 734 875 805 1111111111111111111111
898 740 1059 824 pertinet,
1092 741 1174 805 haec
1197 740 1330 807 donatio
1354 742 1504 824 perfecta

181 835 254 896 erat
277 830 433 894 donorum
457 828 643 895 traditione.
690 829 895 912 Quapropter
926 829 976 894 ius
1007 830 1158 894 naturale
1181 851 1246 894 non
1268 831 1435 913 postulat,
1468 834 1505 895 ut

180 919 280 983 Iulius
313 919 398 983 dona
420 918 477 983 illa
507 918 639 995 reddat,
674 939 780 999 neque
803 917 932 999 Agritio
955 918 1005 983 ius
1028 918 1143 984 tribuit
1170 939 1210 983 ea
1239 940 1260 983 a
1282 919 1364 984 Iulio
1400 918 1504 985 invito

182 1007 360 1090 repetendi.

270 1095 303 1161 Si
326 1116 411 1178 *vero
442 1094 572 1161 omnino
602 1094 712 1177 magni
744 1095 899 1162 momenti
923 1100 1015 1172 sunt,
1047 1095 1146 1162 etiam
1176 1095 1210 1160 in
1239 1096 1279 1161 iis
1308 1098 1504 1163 revocandis

179 1184 328 1265 Agritius
353 1184 443 1266 sequi
468 1188 579 1268 potest
601 1184 692 1265 leges
715 1206 794 1250 suae
817 1183 970 1266 regionis
1016 1184 1119 1250 Immo
1143 1185 1171 1250 si
1194 1189 1289 1250 tanta
1313 1192 1443 1264 essent,
1468 1192 1504 1252 ut

178 1273 249 1356 ipse
278 1277 454 1357 propterea
491 1273 693 1338 coniceretur
728 1273 761 1338 in
790 1273 1016 1357 impotentiam
1047 1295 1189 1356 congrue
1219 1275 1414 1358 providendi
1443 1276 1503 1341 sibi

179 1383 322 1443 suaeque
346 1362 429 1445 proli
464 1383 566 1446 nuper
589 1366 704 1439 natae,
741 1362 840 1428 etiam
872 1365 1034 1428 nutriretis
1056 1363 1206 1444 aequitas
1228 1364 1434 1447 postularet,
1467 1370 1503 1430 ut

179 1451 289 1529 Iulius,
314 1451 343 1516 si
366 1451 435 1534 ipse
459 1451 498 1515 iis
522 1472 586 1515 non
608 1451 780 1533 indigeret,
805 1455 942 1516 eatenus
961 1471 1001 1517 ea
1016 1451 1177 1530 redderet,
1202 1457 1365 1535 quatenus
1381 1453 1504 1536 Agritii

179 1541 316 1623 penuria
339 1545 427 1606 esset
450 1539 661 1605 sublevanda.

514 1760 719 1827 DONATIO.
746 1799 789 1806 —
819 1762 1066 1828 Ruvounrto
1095 1761 1163 1847 (11).

734 1919 844 1984 Casus.
872 1927 947 1994 (260)

267 2068 415 2127 Drusillus
436 2067 569 2140 invenie,
595 2070 632 2126 ab
654 2087 710 2126 avo
732 2068 945 2145 praedilectus,
968 2069 1076 2127 abillo
1098 2069 1216 2145 saepius
1238 2069 1349 2146 accipit
1368 2071 1500 2131 liberalia

179 2148 271 2218 dona;
294 2168 387 2225 nuper
401 2148 562 2207 studiorum
583 2168 673 2207 causa
690 2150 845 2221 5000111,
867 2167 942 2224 quae
963 2155 1061 2207 tamen
1082 2149 1200 2207 interim
1222 2156 1344 2209 manent
1358 2150 1499 2228 deposita,

178 2228 221 2287 ita
242 2234 275 2287 ut
295 2248 374 2287 nunc
395 2228 509 2304 quidem
531 2248 645 2288 annuos
665 2229 787 2299 reditus,
811 2235 879 2305 post
899 2229 983 2287 finita
1004 2229 1102 2287 studia
1124 2234 1232 2288 sortem
1254 2236 1434 2307 accepturus
1454 2231 1499 2290 sit.

177 2307 336 2368 Praeterea
358 2328 422 2367 eum
445 2308 565 2386 scripsit
584 2310 614 2367 in
635 2314 814 2367 testamento
835 2309 1010 2383 legatarium
1027 2311 1198 2369 laudumo.
1227 2310 1338 2368 Verum
1352 2311 1499 2370 Drusillus

177 2388 282 2465 incipit
301 2390 430 2447 moribus
446 2388 598 2447 dissolutis
618 2389 671 2459 uti,
695 2408 759 2446 cum
781 2389 879 2465 puella
895 2389 1052 2447 inhonesta
1068 2389 1183 2464 publice
1197 2390 1299 2448 vivere
1321 2397 1412 2466 atque
1427 2411 1497 2450 com·

177 2469 288 2544 pluries
310 2488 397 2527 avum
417 2469 574 2544 insigniter
595 2468 726 2546 decepit,
756 2474 789 2527 ut
809 2469 967 2544 ampliores
988 2470 1111 2527 haberet
1131 2470 1281 2545 pecunias.
1315 2469 1438 2539 -Quibus
1459 2473 1497 2540 fit,

178 2554 211 2606 ut
232 2548 346 2607 demum
368 2569 442 2607 avus
464 2569 529 2607 eum
550 2549 635 2608 domo
663 2549 822 2607 interdicat
852 2553 940 2624 utque
967 2549 1064 2624 palam
1087 2550 1216 2608 fateatur
1236 2549 1400 2610 Drusillam
1428 2551 1498 2610 nihil

179 2629 305 2704 amplius
327 2649 345 2687 a
366 2649 398 2687 se
420 2629 483 2688 sive
504 2629 573 2687 vivo
595 2630 659 2687 sive
682 2630 820 2687 defuncto
842 2635 1017 2704 exspectare
1038 2649 1135 2705 posse.

266 2717 358 2776 Paulo
385 2724 454 2793 post
476 2718 605 2777 moritur.
648 2717 683 2775 In
704 2723 883 2776 testamento
904 2718 1066 2776 Drusillam
1087 2738 1146 2776 non
1168 2719 1321 2795 expunxit.
1363 2719 1425 2778 Alii
1452 2720 1497 2778 he·

177 2798 263 2855 redes
286 2804 409 2855 censent
430 2798 628 2855 revocandum
649 2817 715 2856 esse
737 2797 808 2855 illud
835 2798 964 2872 legatum
987 2799 1117 2857 Drusillo
1139 2800 1266 2867 factum,
1296 2799 1385 2857 immo
1405 2800 1496 2876 ipsam

176 2877 256 2934 illam
279 2878 466 2936 donationem
489 2880 634 2936 50001111.
656 2878 808 2955 postulant
829 2878 1034 2948 revocandum,
1057 2899 1091 2936 eo
1111 2878 1186 2954 quod
1209 2878 1358 2938 Drusillae
1380 2886 1496 2956 propter

176 2957 417 3032 iugratitudinem
440 2959 515 3016 dono
538 2963 676 3034 accepto,
700 2965 820 3034 propter
840 2958 1046 3032 indignitatem
1067 2959 1167 3032 legato
1188 2958 1235 3016 vel
1256 2960 1423 3018 hereditate
1444 2960 1496 3036 pri·

176 3039 291 3096 vendas
312 3039 361 3098 sit.

176 3143 352 3213 Quaeremus
374 3146 403 3202 1ο
429 3143 581 3220 possintne
603 3144 726 3201 heredes
744 3142 895 3201 donatoris
917 3144 1105 3202 donationem
1126 3163 1267 3202 revocare
1289 3145 1338 3203 vel
1360 3146 1495 3221 legatum.

373 3235 403 3291 2⁰
429 3233 497 3308 quid
518 3233 590 3291 iuris
612 3233 651 3290 sit
673 3233 703 3290 in
724 3239 826 3291 nostro
849 3252 928 3291 casu.

770 3415 903 3481 Solutio.

114 3570 165 3623 842
264 3559 316 3622 Au
349 3580 540 3633 (1111111111
571 3562 607 3622 1¹¹¹
647 3557 685 3623 11.
720 3562 747 3622 1.
811 3557 928 3621 Gravis
960 3557 1180 3639 ingratitudo,
1214 3579 1271 3622 seu
1304 3578 1346 3624 ea
1378 3559 1494 3625 delicta

176 3652 290 3712 contra
321 3648 510 3712 donatorem
545 3648 718 3711 commissa
748 3667 832 3728 quae
863 3646 1131 3727 ingratitudinem
1164 3668 1299 3728 gravem
1331 3649 1493 3723 denotent,

176 3757 275 3800 causa
299 3736 426 3815 quidem
452 3741 544 3813 sunt,
576 3758 633 3799 eur
657 3736 796 3800 donator
818 3735 1026 3800 donationem
1050 3757 1205 3801 revocare
1229 3736 1343 3819 possit.
1391 3739 1444 3804 lta
1466 3742 1494 3802 et

175 3827 225 3889 ius
249 3847 408 3889 1111111111111
432 3826 537 3888 etius
563 3825 665 3889 Gall.
691 3827 766 3903 (art.
785 3827 847 3889 955
865 3826 949 3906 sqq.)
974 3824 1080 3889 etius
1105 3846 1177 3891 nov.
1204 3826 1332 3891 Germ.
1359 3827 1391 3908 (ᾖ
1409 3828 1492 3906 530).

175 3915 297 3977 Verum
320 3913 460 3977 dubitari
485 3917 603 3996 potest,
627 3935 702 3976 num
727 3914 802 3977 illac
826 3915 1033 3997 deceptiones
1057 3915 1302 3979 considerentur
1327 3921 1363 3981 ut
1384 3920 1493 4000 promo

176 4007 414 4068 111111111111111111
433 4005 633 4083 (lotorderia,
654 4004 759 4065 minus
783 4003 880 4067 etiam
899 4004 968 4067 vita
984 4005 1142 4069 dissoluta
1165 4005 1212 4068 ita
1229 4004 1492 4071 considerabitur.

174 4093 261 4157 Nam
284 4091 442 4175 imprimis
467 4097 657 4174 spectantur
678 4094 860 4174 personales
885 4095 1025 4155 1111111111
1050 4095 1100 4155 vel
1117 4095 1236 4157 (lamna
1252 4093 1407 4159 fortunae
1431 4117 1493 4159 om·

175 4182 249 4245 nino
274 4203 393 4263 magna
417 4203 458 4245 ex
483 4181 642 4245 industria
667 4180 759 4244 illata
783 4180 838 4259 (ef.
856 4180 1003 4257 Plauk,
1028 4183 1205 4256 0111111111111,,
1230 4188 1296 4246 not.
1314 4187 1330 4245 l
1349 4185 1392 4248 ad
1409 4185 1441 4250 C.
1460 4184 1491 4248 G.

175 4273 192 4350 ς’
218 4270 304 4350 530).
353 4271 539 4335 Consonant
563 4269 791 4352 dispositiones
815 4269 894 4332 iuris
918 4274 1090 4333 11111111111111
1115 4274 1148 4333 et
1172 4272 1205 4334 0.
1231 4271 1336 4336 Gall.

263 4369 316 4432 Ius
342 4370 469 4433 Germ.
495 4369 526 4431 in
550 4370 610 4432 hoc
635 4367 783 4431 extendit
800 4388 930 4431 causam
954 4367 1207 4447 ingratitudinis,
1233 4370 1318 4449 quod
1344 4393 1418 4436 eam
1441 4370 1493 4435 ad·

174 4456 295 4533 mittat,
321 4458 450 4522 etiamsi
482 4479 600 4538 ,grave
629 4457 799 4520 delictum“
821 4457 1044 4521 committatur
1060 4479 1123 4520 non
1141 4463 1255 4522 corrtra
1272 4459 1379 4542 ipsum
1397 4463 1492 4525 dona-

174 4550 278 4622 tores,
310 4548 366 4610 sed
398 4552 511 4610 contra
540 4550 684 4629 proximo
707 4554 869 4627 copuotos:
902 4546 984 4625 quod
1018 4546 1083 4609 alia
1107 4546 1178 4609 iura
1202 4569 1266 4610 non
1290 4549 1416 4615 addunt
1439 4570 1491 4613 ex·

174 4653 298 4713 p1·esse;
330 4635 482 4699 videntur
514 4639 623 4699 tannen
654 4633 860 4713 aliquatenus
892 4635 1082 4711 admittere,
1118 4636 1185 4700 scil.
1217 4638 1348 4717 quando
1382 4638 1491 4703 iniuria
