3106 5168
327 288 481 342 Translatio
499 288 549 342 iur.
568 304 594 358 p.
615 289 779 341 contractus.
796 315 829 324 -
849 287 995 338 Promissio
1014 288 1042 338 st
1059 287 1176 339 donorio.
1348 288 1413 352 421

91 471 162 542 post
189 484 272 524 auam
301 464 452 539 (benigni)
481 469 605 522 mortem
633 482 686 539 pro
714 482 768 520 sna
796 461 895 520 anima
915 461 1072 536 quotannis
1093 462 1187 520 Missa
1211 460 1417 520 anniversaria

92 546 217 605 dicatur.
260 543 342 637 Quod
371 564 446 603 unus
475 563 513 602 ex
539 543 728 602 audientibus
756 543 851 601 amico
878 542 921 600 illi
942 542 1054 600 afflicto
1074 542 1181 610 refert,
1210 542 1259 617 qui
1287 541 1354 600 ilico
1383 559 1417 600 se

92 646 158 684 cum
180 630 266 699 grato
292 625 390 683 animo
419 624 448 681 id
471 629 628 700 acceptare
649 623 790 681 declarat.
831 623 888 681 Sed
916 621 960 681 rei
986 621 1142 698 paenitens
1170 587 1323 696 lieuignus
1345 622 1417 680 dare

91 705 191 764 renuit
212 712 299 781 atque
323 706 517 764 luctantum
537 722 654 762 marcas
675 703 752 762 dono
773 702 906 777 largitur.

93 820 271 890 Quaamrun
293 820 322 877 1⁰
348 838 422 894 quae
442 817 599 894 promissio
620 818 735 893 qualem
757 836 856 875 secum
878 817 979 875 trahat
999 816 1217 891 obligationem.

292 909 322 965 2ο
347 907 414 982 quid
436 907 472 965 de
493 906 619 981 Benigni
641 907 762 980 eiusque
784 905 871 964 amici
892 905 1072 980 obligatione
1093 905 1133 964 sit
1154 905 1315 964 dicendum.

686 1088 824 1155 Solutio.

184 1232 236 1296 Au
260 1250 451 1307 ouaasrruu
477 1232 514 1293 1¹¹¹
538 1229 577 1294 R.
605 1232 632 1294 1.
678 1228 856 1295 Promissio
888 1229 1017 1294 omnino
1041 1228 1187 1310 gratuita
1217 1249 1275 1316 per
1298 1250 1334 1294 se
1360 1229 1416 1294 ob·
1427 1243 1480 1296 833

93 1321 178 1402 ligat
202 1344 239 1385 es
262 1322 329 1385 sola
350 1320 510 1402 fidelitate,
536 1339 641 1399 neque
664 1319 724 1382 sub
748 1317 843 1400 gravi
866 1318 923 1382 sed
947 1318 1007 1382 sub
1030 1317 1150 1383 veniali
1174 1322 1320 1395 tantum,
1355 1317 1417 1383 uisi

93 1408 255 1493 speciales
279 1406 545 1473 circumstantiae
569 1407 738 1473 accedant.

184 1515 222 1580 R.
248 1517 278 1580 2.
325 1513 411 1577 Fieri
441 1517 552 1578 tamen
583 1517 709 1595 potest,
740 1517 777 1577 ut·
805 1511 961 1593 obligatio
985 1511 1127 1577 exsistat
1150 1533 1193 1576 ex
1215 1511 1358 1590 iustitie,
1389 1513 1418 1578 si

93 1603 292 1668 uimimmt
277 1602 355 1668 talis
386 1600 542 1703 obligatio
573 1622 728 1684 expresse
752 1601 954 1703 suscipitur,
977 1601 1080 1665 vel
1054 1622 1080 1665 st
1105 1601 1299 1685 promittens
1322 1624 1418 1684 prae-

94 1693 186 1758 videt
171 1692 351 1770 tuforc,t
314 1689 609 1774 upromissarius
632 1689 804 1755 confisus
796 1712 829 1754 m
852 1689 1065 1790 promissione
1089 1690 1274 1756 committat
1298 1691 1418 1773 aliqua,

96 1803 138 1846 cx
162 1781 310 1865 quibus
303 1802 335 1844 m
352 1780 459 1845 defect
445 1784 482 1844 tu
497 1779 652 1862 impletae
668 1778 891 1862 promissionis
907 1779 968 1843 sibi
985 1779 1136 1843 damnum
1160 1800 1263 1860 grave
1283 1782 1417 1846 oriatur.

184 1888 223 1953 R.
249 1889 278 1952 3.
327 1885 491 1967 Obligatio
522 1890 633 1950 autem
663 1885 733 1949 sive
757 1885 902 1950 iustitiae
934 1885 1005 1949 sive
1028 1906 1138 1950 merae
1162 1885 1331 1952 fidelitatis
1353 1907 1420 1950 non

95 1976 201 2042 oritur
223 1975 285 2040 nisi
308 1981 383 2058 post
406 1974 652 2058 promissionem
684 1982 885 2058 acceptatum.
917 1974 1035 2055 ‚Immo
1059 1978 1136 2039 ante
1160 1975 1418 2058 acceptationem

94 2067 187 2130 locus
211 2064 310 2131 etiam
334 2069 386 2129 est
408 2062 653 2141 retractationi,
683 2062 732 2128 ita
759 2067 796 2128 ut
826 2067 901 2146 post
931 2083 1003 2127 eam
1034 2063 1157 2129 factam
1181 2064 1270 2128 nulla
1294 2063 1420 2129 oriatur

95 2154 264 2236 obligatio.

187 2242 275 2318 Quae
300 2241 429 2323 quidem
453 2240 663 2317 retractatio,
694 2240 722 2303 si
745 2239 840 2304 modo
864 2242 922 2304 fiat
946 2245 1023 2306 ante
1048 2240 1324 2325 acceptationem,
1355 2241 1417 2305 etsi

95 2336 176 2397 nota
200 2331 339 2395 nondum
365 2333 423 2394 liat
447 2330 500 2393 vel
523 2329 593 2393 fieri
616 2328 761 2412 potuerit
783 2329 1003 2412 promissorio,
1028 2350 1071 2393 ex
1094 2331 1163 2394 solo
1186 2329 1256 2393 iure
1280 2333 1418 2395 naturae

95 2420 241 2504 impedit,
266 2418 436 2501 quominus
460 2417 568 2483 valide
592 2417 757 2500 acceptari
788 2418 958 2500 promissio
981 2418 1094 2502 possit.
1121 2456 1161 2466 -
1185 2420 1308 2484 Verum
1331 2418 1418 2502 posi·

96 2510 168 2575 tiva
191 2509 263 2574 iura
286 2508 460 2588 aliquando
485 2511 651 2584 statuunt,
683 2511 720 2572 ut
743 2507 937 2573 retractatio
965 2506 999 2572 in
1022 2528 1224 2590 quocumque
1248 2512 1419 2574 contractu

95 2620 161 2663 non
185 2599 313 2673 valeat,
343 2596 405 2660 nisi
436 2596 532 2661 alteri
556 2595 793 2679 (promissorio)
816 2596 871 2660 vel
894 2600 972 2662 ante
994 2596 1144 2663 nuntium
1168 2597 1207 2662 de
1231 2597 1321 2664 facta
1343 2618 1419 2681 pro·

96 2688 250 2752 missione
275 2686 326 2750 vel
351 2685 446 2749 simul
470 2706 541 2749 curn
567 2706 607 2749 ea
630 2686 825 2751 notificetur.

185 2809 238 2872 Au
262 2828 454 2884 quausmuu
478 2809 516 2870 2¹¹²
539 2807 577 2872 R.
599 2811 625 2875 l.
673 2807 840 2890 Benignus
869 2829 906 2872 re
930 2829 1009 2873 vero
1033 2809 1136 2874 amico
1159 2809 1301 2874 nondum
1326 2808 1419 2891 quid·
1429 2816 1483 2870 834

100 2919 199 2979 quam
224 2919 265 2962 ex
289 2919 349 2962 sua
372 2901 466 2980 parte
482 2895 646 2978 promisit;
671 2917 746 2961 nam
763 2896 944 2979 promissio,
969 2902 1005 2962 ut
1029 2919 1070 2961 ex
1086 2903 1181 2980 parte
1197 2897 1419 2981 promittentis

96 2989 225 3064 valeat,
257 2987 354 3050 debet
378 3007 397 3050 a
421 2987 633 3067 promittente
657 3005 767 3050 coram
797 2986 1006 3068 promissorio
1037 2986 1148 3051 eiusve
1172 2987 1260 3051 vices
1283 2991 1419 3068 gerente

96 3076 177 3152 fieri,
202 3075 256 3139 vel
279 3096 321 3139 ex
345 3076 499 3139 mandato
524 3074 746 3157 promittentis
769 3074 839 3138 sive
862 3095 920 3157 per
943 3075 1091 3139 nuntium
1115 3075 1185 3139 sive
1208 3096 1268 3158 per
1289 3075 1420 3140 litteras

96 3164 248 3230 alterutri
271 3163 339 3229 soil.
357 3164 410 3226 vel
433 3162 641 3245 promissario
667 3163 719 3226 vel
743 3163 812 3227 eius
828 3162 932 3227 vicem
956 3163 1084 3245 gerenti
1107 3163 1186 3229 fieri.
1226 3163 1272 3229 uf.
1296 3164 1350 3228 Lu
1358 3185 1418 3246 go,

97 3255 148 3319 De
171 3257 244 3318 iust.
271 3261 298 3318 et
320 3256 392 3316 iurc
415 3252 445 3316 d.
471 3255 523 3327 23,
547 3256 626 3317 sect.
652 3255 681 3316 5.

188 3359 226 3424 R.
253 3361 282 3424 2.
331 3359 364 3424 Si
380 3358 481 3439 igitur
496 3358 662 3440 Benignus
678 3358 778 3434 illum,
796 3357 850 3439 qui
867 3380 935 3422 rem
952 3358 1110 3436 narravit,
1127 3379 1163 3422 re
1179 3358 1250 3442 ipsa
1265 3357 1418 3437 misisset,

96 3454 133 3514 ut
157 3469 249 3512 suam
273 3448 477 3512 voluntatem
500 3447 604 3510 amico
628 3447 870 3524 manifestaret,
895 3447 1022 3512 valeret
1045 3447 1232 3530 promissio,
1257 3470 1329 3512 cum
1352 3448 1420 3531 pri-

96 3559 185 3602 mum
209 3537 333 3601 amicus
356 3537 411 3601 ille
427 3558 498 3600 eam
515 3536 771 3618 acceptavisset:
796 3535 857 3600 nisi
875 3535 959 3602 forte
975 3535 1105 3601 interim
1121 3536 1287 3619 Benignus
1303 3537 1420 3601 volun-

96 3631 201 3693 tatem
226 3646 318 3690 suam
343 3629 513 3690 mutasset.

186 3731 225 3796 R.
251 3735 280 3796 3.
329 3729 365 3794 ln
389 3751 467 3795 casu
491 3729 619 3794 validae
643 3729 865 3813 promissionis
889 3731 1012 3796 amicus
1036 3730 1103 3809 illo,
1128 3735 1303 3815 postquam
1327 3754 1421 3798 acce·

97 3820 200 3904 pissot
224 3820 394 3902 pecuniam
419 3819 620 3901 promissam,
646 3823 734 3885 certe
751 3839 793 3883 cx
815 3819 941 3885 iustitia
957 3819 1168 3902 obligaretur,
1193 3825 1229 3885 ut
1245 3823 1421 3902 quotannis

97 3913 230 3974 curaret
246 3909 378 3974 Missam
396 3908 564 3972 dicendam
580 3929 639 3991 pro
656 3908 764 3972 anima
778 3908 916 3991 Benigni
932 3914 1007 3992 post
1023 3909 1092 3973 eius
1107 3914 1247 3975 mortem
1262 3916 1420 3989 secutam,

96 4002 198 4079 atque
222 3998 320 4064 etiam
345 4018 459 4062 curare
483 3997 625 4075 deberet,
654 4002 691 4063 ut
713 3997 794 4062 haec
818 3998 962 4063 condicio
986 4019 1006 4064 a
1029 3998 1094 4063 filio
1110 4004 1182 4065 toto
1206 3999 1296 4064 vitae
1319 3999 1421 4085 ipsius

97 4088 236 4153 decursu
260 4087 502 4170 adimpleretur.

187 4192 226 4257 R.
257 4197 287 4257 4.
341 4191 558 4257 Nihilominus
590 4212 630 4254 ne
661 4198 736 4274 post
766 4196 972 4276 acceptatam
1003 4193 1131 4274 quidem
1162 4192 1418 4276 promissionem.

97 4280 125 4345 si
150 4281 316 4362 Benignus
340 4302 412 4346 eam
437 4280 541 4345 amico
565 4280 838 4346 manifestandam
864 4288 1028 4355 curasset,
1053 4283 1219 4363 Benignus
1242 4282 1301 4345 sub
1324 4281 1420 4362 gravi

97 4374 227 4435 teneret
231 4391 268 4435 ur
213 4371 320 4435 tad
337 4369 582 4453 promissionem
595 4368 801 4452 implendam,
820 4391 858 4434 eo
871 4372 955 4452 quod
968 4370 1068 4434 solius
1084 4370 1185 4435 fidilit
1172 4369 1250 4435 tatis
1264 4369 1420 4451 obligatio

97 4459 284 4526 exsisteret
332 4460 447 4541 Neque
482 4459 554 4522 obst
542 4461 613 4522 tare
648 4462 774 4540 potest,
811 4459 896 4540 quod
931 4459 1101 4559 promissio
1136 4459 1193 4523 illa
1228 4458 1327 4523 fuerit
1359 4459 1419 4523 ali-

97 4569 162 4630 quo
186 4549 281 4613 modo
305 4569 453 4623 onerosa,
479 4568 551 4611 cum
575 4545 678 4611 amico
703 4568 784 4611 onus
807 4568 949 4612 annuum
965 4548 1146 4632 imponeret
1148 4569 1196 4612 ur.
1229 4547 1316 4611 Nam
1339 4546 1420 4612 haec

98 4636 281 4704 certissime
305 4660 369 4701 non
393 4636 553 4704 transfert
576 4639 781 4700 contractum
804 4637 1029 4720 promissionis
1052 4637 1085 4701 iu
1109 4642 1314 4702 contractum
1338 4635 1420 4700 bila·
