<?xml version="1.0" encoding="UTF-8"?>
<!DOCTYPE html PUBLIC "-//W3C//DTD XHTML 1.0 Transitional//EN"
    "http://www.w3.org/TR/xhtml1/DTD/xhtml1-transitional.dtd">
<html xmlns="http://www.w3.org/1999/xhtml" xml:lang="en" lang="en">
 <head>
  <title>
</title>
<meta http-equiv="Content-Type" content="text/html;charset=utf-8" />
  <meta name='ocr-system' content='tesseract 3.04.00' />
  <meta name='ocr-capabilities' content='ocr_page ocr_carea ocr_par ocr_line ocrx_word'/>
</head>
<body>
  <div class='ocr_page' id='page_1' title='image "./casusconscienti01lehmgoog_0396.png"; bbox 0 0 3106 5168; ppageno 0'>
   <div class='ocr_carea' id='block_1_1' title="bbox 148 267 1333 338">
    <p class='ocr_par' dir='ltr' id='par_1_1' title="bbox 148 267 1333 338">
     <span class='ocr_line' id='line_1_1' title="bbox 148 267 1333 338; baseline -0.003 -13"><span class='ocrx_word' id='word_1_1' title='bbox 148 274 213 338; x_wconf 88' lang='lat'>380</span> <span class='ocrx_word' id='word_1_2' title='bbox 286 268 326 323; x_wconf 87' lang='lat' dir='ltr'>De</span> <span class='ocrx_word' id='word_1_3' title='bbox 345 269 493 322; x_wconf 86' lang='lat' dir='ltr'>virtutibus</span> <span class='ocrx_word' id='word_1_4' title='bbox 511 270 540 322; x_wconf 91' lang='lat' dir='ltr'>et</span> <span class='ocrx_word' id='word_1_5' title='bbox 557 268 655 322; x_wconf 79' lang='lat' dir='ltr'>officiis</span> <span class='ocrx_word' id='word_1_6' title='bbox 673 285 740 336; x_wconf 79' lang='lat' dir='ltr'>erga</span> <span class='ocrx_word' id='word_1_7' title='bbox 757 267 887 323; x_wconf 88' lang='lat' dir='ltr'>homines.</span> <span class='ocrx_word' id='word_1_8' title='bbox 905 298 940 307; x_wconf 94' lang='lat'><em>—</em></span> <span class='ocrx_word' id='word_1_9' title='bbox 960 267 1011 323; x_wconf 81' lang='lat' dir='ltr'>Off.</span> <span class='ocrx_word' id='word_1_10' title='bbox 1031 269 1104 323; x_wconf 88' lang='lat' dir='ltr'>circa</span> <span class='ocrx_word' id='word_1_11' title='bbox 1121 268 1192 323; x_wconf 85' lang='lat' dir='ltr'>bona</span> <span class='ocrx_word' id='word_1_12' title='bbox 1209 271 1333 323; x_wconf 82' lang='lat' dir='ltr'>externa.</span> 
     </span>
    </p>
   </div>
   <div class='ocr_carea' id='block_1_2' title="bbox 148 443 1475 707">
    <p class='ocr_par' dir='ltr' id='par_1_2' title="bbox 148 443 1475 707">
     <span class='ocr_line' id='line_1_2' title="bbox 148 443 1475 529; baseline -0.002 -17"><span class='ocrx_word' id='word_1_13' title='bbox 148 446 234 529; x_wconf 91' lang='lat' dir='ltr'>quod</span> <span class='ocrx_word' id='word_1_14' title='bbox 258 446 427 529; x_wconf 89' lang='lat' dir='ltr'>quaeritur</span> <span class='ocrx_word' id='word_1_15' title='bbox 448 445 583 529; x_wconf 81' lang='lat' dir='ltr'>perinde</span> <span class='ocrx_word' id='word_1_16' title='bbox 613 449 664 510; x_wconf 88' lang='lat' dir='ltr'>est</span> <span class='ocrx_word' id='word_1_17' title='bbox 694 466 732 511; x_wconf 90' lang='lat' dir='ltr'>ao</span> <span class='ocrx_word' id='word_1_18' title='bbox 756 445 784 510; x_wconf 89' lang='lat' dir='ltr'>si</span> <span class='ocrx_word' id='word_1_19' title='bbox 808 449 1002 527; x_wconf 82' lang='lat' dir='ltr'>quaeratur,</span> <span class='ocrx_word' id='word_1_20' title='bbox 1032 444 1140 510; x_wconf 82' lang='lat' dir='ltr'>sintne</span> <span class='ocrx_word' id='word_1_21' title='bbox 1170 445 1272 527; x_wconf 81' lang='lat' dir='ltr'>aliqui</span> <span class='ocrx_word' id='word_1_22' title='bbox 1295 443 1475 511; x_wconf 76' lang='lat' dir='ltr'>creditores</span> 
     </span>
     <span class='ocr_line' id='line_1_3' title="bbox 148 533 1475 618; baseline -0.001 -17"><span class='ocrx_word' id='word_1_23' title='bbox 148 536 264 618; x_wconf 91' lang='lat' dir='ltr'>quibus</span> <span class='ocrx_word' id='word_1_24' title='bbox 287 535 439 602; x_wconf 90' lang='lat' dir='ltr'>satisfieri</span> <span class='ocrx_word' id='word_1_25' title='bbox 462 535 581 601; x_wconf 89' lang='lat' dir='ltr'>debeat</span> <span class='ocrx_word' id='word_1_26' title='bbox 603 534 702 600; x_wconf 88' lang='lat' dir='ltr'>etiam</span> <span class='ocrx_word' id='word_1_27' title='bbox 726 555 799 600; x_wconf 90' lang='lat' dir='ltr'>cum</span> <span class='ocrx_word' id='word_1_28' title='bbox 823 535 973 618; x_wconf 89' lang='lat' dir='ltr'>praeviso</span> <span class='ocrx_word' id='word_1_29' title='bbox 990 533 1109 599; x_wconf 92' lang='lat' dir='ltr'>damno</span> <span class='ocrx_word' id='word_1_30' title='bbox 1132 535 1279 600; x_wconf 89' lang='lat' dir='ltr'>aliorum.</span> <span class='ocrx_word' id='word_1_31' title='bbox 1320 533 1425 614; x_wconf 87' lang='lat' dir='ltr'>Quod,</span> <span class='ocrx_word' id='word_1_32' title='bbox 1447 535 1475 600; x_wconf 89' lang='lat' dir='ltr'>si</span> 
     </span>
     <span class='ocr_line' id='line_1_4' title="bbox 148 623 1350 707; baseline 0.001 -18"><span class='ocrx_word' id='word_1_33' title='bbox 148 626 196 691; x_wconf 93' lang='lat' dir='ltr'>ita</span> <span class='ocrx_word' id='word_1_34' title='bbox 219 625 402 707; x_wconf 83' lang='lat' dir='ltr'>generatim</span> <span class='ocrx_word' id='word_1_35' title='bbox 426 628 459 689; x_wconf 89' lang='lat' dir='ltr'>et</span> <span class='ocrx_word' id='word_1_36' title='bbox 482 623 733 690; x_wconf 86' lang='lat' dir='ltr'>indeterminate</span> <span class='ocrx_word' id='word_1_37' title='bbox 756 623 933 706; x_wconf 90' lang='lat' dir='ltr'>quaeritur,</span> <span class='ocrx_word' id='word_1_38' title='bbox 958 644 1037 688; x_wconf 90' lang='lat' dir='ltr'>sane</span> <span class='ocrx_word' id='word_1_39' title='bbox 1060 623 1219 688; x_wconf 86' lang='lat' dir='ltr'>affirmari</span> <span class='ocrx_word' id='word_1_40' title='bbox 1243 623 1350 690; x_wconf 87' lang='lat' dir='ltr'>debet.</span> 
     </span>
    </p>
   </div>
   <div class='ocr_carea' id='block_1_3' title="bbox 148 728 1476 1332">
    <p class='ocr_par' dir='ltr' id='par_1_3' title="bbox 148 728 1476 1332">
     <span class='ocr_line' id='line_1_5' title="bbox 238 728 1476 814; baseline -0.001 -18"><span class='ocrx_word' id='word_1_41' title='bbox 238 731 276 797; x_wconf 86' lang='lat' dir='ltr'>R.</span> <span class='ocrx_word' id='word_1_42' title='bbox 302 734 333 797; x_wconf 81' lang='grc'>2.</span> <span class='ocrx_word' id='word_1_43' title='bbox 379 730 541 814; x_wconf 82' lang='lat' dir='ltr'>imprimis</span> <span class='ocrx_word' id='word_1_44' title='bbox 563 730 615 794; x_wconf 91' lang='lat' dir='ltr'>ius</span> <span class='ocrx_word' id='word_1_45' title='bbox 638 729 788 796; x_wconf 91' lang='lat' dir='ltr'>naturale</span> <span class='ocrx_word' id='word_1_46' title='bbox 811 729 971 813; x_wconf 88' lang='lat' dir='ltr'>postulat,</span> <span class='ocrx_word' id='word_1_47' title='bbox 996 733 1048 806; x_wconf 90' lang='lat' dir='ltr'>ut,</span> <span class='ocrx_word' id='word_1_48' title='bbox 1072 729 1100 793; x_wconf 89' lang='lat' dir='ltr'>si</span> <span class='ocrx_word' id='word_1_49' title='bbox 1123 750 1207 811; x_wconf 91' lang='lat' dir='ltr'>quae</span> <span class='ocrx_word' id='word_1_50' title='bbox 1231 750 1284 793; x_wconf 86' lang='lat' dir='ltr'>res</span> <span class='ocrx_word' id='word_1_51' title='bbox 1309 728 1476 795; x_wconf 82' lang='lat' dir='ltr'>exsistunt</span> 
     </span>
     <span class='ocr_line' id='line_1_6' title="bbox 149 817 1471 904; baseline -0.001 -19"><span class='ocrx_word' id='word_1_52' title='bbox 149 820 235 904; x_wconf 90' lang='lat' dir='ltr'>apud</span> <span class='ocrx_word' id='word_1_53' title='bbox 259 820 437 887; x_wconf 90' lang='lat' dir='ltr'>debitorem</span> <span class='ocrx_word' id='word_1_54' title='bbox 462 819 599 898; x_wconf 90' lang='lat' dir='ltr'>alienae,</span> <span class='ocrx_word' id='word_1_55' title='bbox 627 840 685 883; x_wconf 88' lang='lat' dir='ltr'>seu</span> <span class='ocrx_word' id='word_1_56' title='bbox 709 839 846 900; x_wconf 90' lang='lat' dir='ltr'>quarum</span> <span class='ocrx_word' id='word_1_57' title='bbox 869 817 1045 883; x_wconf 89' lang='lat' dir='ltr'>dominium</span> <span class='ocrx_word' id='word_1_58' title='bbox 1067 819 1101 882; x_wconf 91' lang='lat' dir='ltr'>in</span> <span class='ocrx_word' id='word_1_59' title='bbox 1124 818 1305 883; x_wconf 85' lang='lat' dir='ltr'>debitorem</span> <span class='ocrx_word' id='word_1_60' title='bbox 1328 819 1471 884; x_wconf 90' lang='lat' dir='ltr'>nondum</span> 
     </span>
     <span class='ocr_line' id='line_1_7' title="bbox 148 907 1474 991; baseline -0.002 -16"><span class='ocrx_word' id='word_1_61' title='bbox 148 909 346 986; x_wconf 81' lang='lat' dir='ltr'>transierat,</span> <span class='ocrx_word' id='word_1_62' title='bbox 384 929 443 974; x_wconf 93' lang='lat' dir='ltr'>eae</span> <span class='ocrx_word' id='word_1_63' title='bbox 477 908 564 973; x_wconf 90' lang='lat' dir='ltr'>veris</span> <span class='ocrx_word' id='word_1_64' title='bbox 599 907 736 973; x_wconf 89' lang='lat' dir='ltr'>dominis</span> <span class='ocrx_word' id='word_1_65' title='bbox 769 908 997 973; x_wconf 84' lang='lat' dir='ltr'>restituantur.</span> <span class='ocrx_word' id='word_1_66' title='bbox 1033 946 1077 954; x_wconf 92' lang='lat'>—</span> <span class='ocrx_word' id='word_1_67' title='bbox 1114 907 1152 971; x_wconf 92' lang='lat' dir='ltr'>In</span> <span class='ocrx_word' id='word_1_68' title='bbox 1186 907 1321 989; x_wconf 90' lang='lat' dir='ltr'>reliquis</span> <span class='ocrx_word' id='word_1_69' title='bbox 1355 908 1386 972; x_wconf 92' lang='lat' dir='ltr'>si</span> <span class='ocrx_word' id='word_1_70' title='bbox 1420 929 1474 991; x_wconf 85' lang='lat' dir='ltr'>qu.</span> 
     </span>
     <span class='ocr_line' id='line_1_8' title="bbox 148 996 1475 1081; baseline 0 -18"><span class='ocrx_word' id='word_1_71' title='bbox 148 1019 228 1081; x_wconf 91' lang='lat' dir='ltr'>prae</span> <span class='ocrx_word' id='word_1_72' title='bbox 258 998 332 1064; x_wconf 91' lang='lat' dir='ltr'>aliis</span> <span class='ocrx_word' id='word_1_73' title='bbox 362 998 433 1063; x_wconf 89' lang='lat' dir='ltr'>iura</span> <span class='ocrx_word' id='word_1_74' title='bbox 462 997 592 1080; x_wconf 90' lang='lat' dir='ltr'>potiora</span> <span class='ocrx_word' id='word_1_75' title='bbox 620 996 758 1073; x_wconf 90' lang='lat' dir='ltr'>habent,</span> <span class='ocrx_word' id='word_1_76' title='bbox 789 997 871 1062; x_wconf 91' lang='lat' dir='ltr'>haec</span> <span class='ocrx_word' id='word_1_77' title='bbox 894 997 963 1061; x_wconf 89' lang='lat' dir='ltr'>fere</span> <span class='ocrx_word' id='word_1_78' title='bbox 994 1017 1036 1061; x_wconf 87' lang='lat' dir='ltr'>ex</span> <span class='ocrx_word' id='word_1_79' title='bbox 1060 1000 1232 1062; x_wconf 89' lang='lat' dir='ltr'>contractu</span> <span class='ocrx_word' id='word_1_80' title='bbox 1256 996 1379 1061; x_wconf 87' lang='lat' dir='ltr'>velex</span> <span class='ocrx_word' id='word_1_81' title='bbox 1403 997 1475 1080; x_wconf 87' lang='lat' dir='ltr'>lege</span> 
     </span>
     <span class='ocr_line' id='line_1_9' title="bbox 148 1084 1475 1170; baseline 0.001 -19"><span class='ocrx_word' id='word_1_82' title='bbox 148 1087 291 1170; x_wconf 90' lang='lat' dir='ltr'>positiva</span> <span class='ocrx_word' id='word_1_83' title='bbox 307 1087 514 1163; x_wconf 81' lang='lat' dir='ltr'>derivantur3</span> <span class='ocrx_word' id='word_1_84' title='bbox 539 1107 652 1151; x_wconf 89' lang='lat' dir='ltr'>verum</span> <span class='ocrx_word' id='word_1_85' title='bbox 670 1085 702 1149; x_wconf 92' lang='lat' dir='ltr'>in</span> <span class='ocrx_word' id='word_1_86' title='bbox 718 1085 919 1167; x_wconf 88' lang='lat' dir='ltr'>quibusdam,</span> <span class='ocrx_word' id='word_1_87' title='bbox 944 1085 1115 1151; x_wconf 89' lang='lat' dir='ltr'>deficiente</span> <span class='ocrx_word' id='word_1_88' title='bbox 1138 1085 1212 1167; x_wconf 86' lang='lat' dir='ltr'>lege</span> <span class='ocrx_word' id='word_1_89' title='bbox 1234 1084 1380 1168; x_wconf 88' lang='lat' dir='ltr'>positiva</span> <span class='ocrx_word' id='word_1_90' title='bbox 1399 1108 1475 1152; x_wconf 93' lang='lat' dir='ltr'>con-</span> 
     </span>
     <span class='ocr_line' id='line_1_10' title="bbox 148 1173 1474 1259; baseline 0 -18"><span class='ocrx_word' id='word_1_91' title='bbox 148 1176 262 1253; x_wconf 86' lang='lat' dir='ltr'>traria,</span> <span class='ocrx_word' id='word_1_92' title='bbox 287 1176 337 1241; x_wconf 90' lang='lat' dir='ltr'>ius</span> <span class='ocrx_word' id='word_1_93' title='bbox 356 1176 517 1253; x_wconf 90' lang='lat' dir='ltr'>naturale,</span> <span class='ocrx_word' id='word_1_94' title='bbox 543 1175 605 1240; x_wconf 88' lang='lat' dir='ltr'>etsi</span> <span class='ocrx_word' id='word_1_95' title='bbox 628 1195 693 1239; x_wconf 90' lang='lat' dir='ltr'>nen</span> <span class='ocrx_word' id='word_1_96' title='bbox 710 1174 833 1256; x_wconf 84' lang='lat' dir='ltr'>exigat,</span> <span class='ocrx_word' id='word_1_97' title='bbox 858 1174 1020 1258; x_wconf 89' lang='lat' dir='ltr'>permittit</span> <span class='ocrx_word' id='word_1_98' title='bbox 1043 1179 1153 1240; x_wconf 90' lang='lat' dir='ltr'>tamen</span> <span class='ocrx_word' id='word_1_99' title='bbox 1170 1173 1354 1257; x_wconf 90' lang='lat' dir='ltr'>aliquorum</span> <span class='ocrx_word' id='word_1_100' title='bbox 1379 1196 1474 1259; x_wconf 89' lang='lat' dir='ltr'>prae-</span> 
     </span>
     <span class='ocr_line' id='line_1_11' title="bbox 148 1265 314 1332; baseline 0.006 -2"><span class='ocrx_word' id='word_1_101' title='bbox 148 1265 314 1332; x_wconf 91' lang='lat' dir='ltr'>lationem.</span> 
     </span>
    </p>
   </div>
   <div class='ocr_carea' id='block_1_4' title="bbox 88 1368 1474 1544">
    <p class='ocr_par' dir='ltr' id='par_1_4' title="bbox 88 1368 1474 1544">
     <span class='ocr_line' id='line_1_12' title="bbox 88 1368 1474 1452; baseline 0.003 -20"><span class='ocrx_word' id='word_1_102' title='bbox 88 1379 139 1433; x_wconf 78' lang='lat'>753</span> <span class='ocrx_word' id='word_1_103' title='bbox 238 1371 276 1435; x_wconf 87' lang='lat' dir='ltr'>R.</span> <span class='ocrx_word' id='word_1_104' title='bbox 294 1372 324 1434; x_wconf 90' lang='lat'>3.</span> <span class='ocrx_word' id='word_1_105' title='bbox 364 1369 546 1434; x_wconf 82' lang='lat' dir='ltr'>Secundum</span> <span class='ocrx_word' id='word_1_106' title='bbox 569 1369 729 1452; x_wconf 84' lang='lat' dir='ltr'>positivae</span> <span class='ocrx_word' id='word_1_107' title='bbox 751 1368 851 1449; x_wconf 87' lang='lat' dir='ltr'>leges,</span> <span class='ocrx_word' id='word_1_108' title='bbox 875 1368 908 1432; x_wconf 94' lang='lat' dir='ltr'>in</span> <span class='ocrx_word' id='word_1_109' title='bbox 932 1368 1069 1434; x_wconf 88' lang='lat' dir='ltr'>diversis</span> <span class='ocrx_word' id='word_1_110' title='bbox 1093 1368 1223 1450; x_wconf 89' lang='lat' dir='ltr'>quidem</span> <span class='ocrx_word' id='word_1_111' title='bbox 1246 1368 1474 1448; x_wconf 86' lang='lat' dir='ltr'>diversimode,</span> 
     </span>
     <span class='ocr_line' id='line_1_13' title="bbox 148 1457 1343 1544; baseline 0 -20"><span class='ocrx_word' id='word_1_112' title='bbox 148 1459 359 1544; x_wconf 86' lang='lat' dir='ltr'>privilegiata</span> <span class='ocrx_word' id='word_1_113' title='bbox 382 1459 502 1535; x_wconf 88' lang='lat' dir='ltr'>debita,</span> <span class='ocrx_word' id='word_1_114' title='bbox 527 1479 611 1539; x_wconf 88' lang='lat' dir='ltr'>qnae</span> <span class='ocrx_word' id='word_1_115' title='bbox 634 1479 713 1540; x_wconf 92' lang='lat' dir='ltr'>prae</span> <span class='ocrx_word' id='word_1_116' title='bbox 736 1457 809 1523; x_wconf 91' lang='lat' dir='ltr'>aliis</span> <span class='ocrx_word' id='word_1_117' title='bbox 832 1457 990 1523; x_wconf 86' lang='lat' dir='ltr'>solvenda</span> <span class='ocrx_word' id='word_1_118' title='bbox 1013 1459 1090 1535; x_wconf 91' lang='lat' dir='ltr'>sint,</span> <span class='ocrx_word' id='word_1_119' title='bbox 1114 1462 1343 1524; x_wconf 86' lang='lat' dir='ltr'>recensentur:</span> 
     </span>
    </p>
   </div>
   <div class='ocr_carea' id='block_1_5' title="bbox 149 1562 1475 1736">
    <p class='ocr_par' dir='ltr' id='par_1_5' title="bbox 149 1562 1475 1736">
     <span class='ocr_line' id='line_1_14' title="bbox 240 1562 1475 1647; baseline 0.002 -18"><span class='ocrx_word' id='word_1_120' title='bbox 240 1563 273 1645; x_wconf 88' lang='lat'>1)</span> <span class='ocrx_word' id='word_1_121' title='bbox 302 1564 429 1628; x_wconf 84' lang='lat' dir='ltr'>Merces</span> <span class='ocrx_word' id='word_1_122' title='bbox 452 1563 648 1628; x_wconf 88' lang='lat' dir='ltr'>famulorum</span> <span class='ocrx_word' id='word_1_123' title='bbox 679 1566 713 1628; x_wconf 92' lang='lat' dir='ltr'>et</span> <span class='ocrx_word' id='word_1_124' title='bbox 742 1562 964 1646; x_wconf 87' lang='lat' dir='ltr'>operariorum</span> <span class='ocrx_word' id='word_1_125' title='bbox 988 1584 1030 1628; x_wconf 85' lang='lat' dir='ltr'>ex</span> <span class='ocrx_word' id='word_1_126' title='bbox 1054 1567 1143 1629; x_wconf 88' lang='lat' dir='ltr'>certo</span> <span class='ocrx_word' id='word_1_127' title='bbox 1166 1567 1315 1647; x_wconf 91' lang='lat' dir='ltr'>tempore</span> <span class='ocrx_word' id='word_1_128' title='bbox 1344 1569 1475 1631; x_wconf 88' lang='lat' dir='ltr'>restans</span> 
     </span>
     <span class='ocr_line' id='line_1_15' title="bbox 149 1652 1332 1736; baseline 0.001 -18"><span class='ocrx_word' id='word_1_129' title='bbox 149 1653 246 1718; x_wconf 89' lang='lat' dir='ltr'>sicuti</span> <span class='ocrx_word' id='word_1_130' title='bbox 269 1652 380 1718; x_wconf 89' lang='lat' dir='ltr'>debita</span> <span class='ocrx_word' id='word_1_131' title='bbox 403 1653 549 1718; x_wconf 88' lang='lat' dir='ltr'>recentia</span> <span class='ocrx_word' id='word_1_132' title='bbox 572 1674 630 1736; x_wconf 91' lang='lat' dir='ltr'>pro</span> <span class='ocrx_word' id='word_1_133' title='bbox 654 1652 751 1717; x_wconf 90' lang='lat' dir='ltr'>rebus</span> <span class='ocrx_word' id='word_1_134' title='bbox 775 1652 876 1718; x_wconf 90' lang='lat' dir='ltr'>victui</span> <span class='ocrx_word' id='word_1_135' title='bbox 900 1652 1101 1730; x_wconf 88' lang='lat' dir='ltr'>necessariis,</span> <span class='ocrx_word' id='word_1_136' title='bbox 1127 1653 1179 1717; x_wconf 92' lang='lat' dir='ltr'>vel</span> <span class='ocrx_word' id='word_1_137' title='bbox 1203 1653 1332 1719; x_wconf 88' lang='lat' dir='ltr'>similia.</span> 
     </span>
    </p>
   </div>
   <div class='ocr_carea' id='block_1_6' title="bbox 150 1757 1476 3014">
    <p class='ocr_par' dir='ltr' id='par_1_6' title="bbox 150 1757 1476 2360">
     <span class='ocr_line' id='line_1_16' title="bbox 240 1757 1474 1843; baseline 0.002 -21"><span class='ocrx_word' id='word_1_138' title='bbox 240 1757 273 1840; x_wconf 83' lang='lat'>2)</span> <span class='ocrx_word' id='word_1_139' title='bbox 296 1759 416 1824; x_wconf 91' lang='lat' dir='ltr'>Debita</span> <span class='ocrx_word' id='word_1_140' title='bbox 442 1762 553 1842; x_wconf 81' lang='lat' dir='ltr'>realia,</span> <span class='ocrx_word' id='word_1_141' title='bbox 577 1758 702 1827; x_wconf 90' lang='lat' dir='ltr'>scilicet</span> <span class='ocrx_word' id='word_1_142' title='bbox 724 1780 783 1843; x_wconf 92' lang='lat' dir='ltr'>pro</span> <span class='ocrx_word' id='word_1_143' title='bbox 800 1760 915 1840; x_wconf 89' lang='lat' dir='ltr'>quibus</span> <span class='ocrx_word' id='word_1_144' title='bbox 938 1758 1122 1843; x_wconf 87' lang='lat' dir='ltr'>hypotheca</span> <span class='ocrx_word' id='word_1_145' title='bbox 1145 1759 1199 1823; x_wconf 91' lang='lat' dir='ltr'>vel</span> <span class='ocrx_word' id='word_1_146' title='bbox 1221 1759 1341 1842; x_wconf 91' lang='lat' dir='ltr'>pignus</span> <span class='ocrx_word' id='word_1_147' title='bbox 1364 1759 1474 1827; x_wconf 91' lang='lat' dir='ltr'>datum</span> 
     </span>
     <span class='ocr_line' id='line_1_17' title="bbox 150 1847 1474 1933; baseline 0.001 -21"><span class='ocrx_word' id='word_1_148' title='bbox 150 1852 218 1914; x_wconf 90' lang='lat' dir='ltr'>est:</span> <span class='ocrx_word' id='word_1_149' title='bbox 242 1848 323 1913; x_wconf 89' lang='lat' dir='ltr'>haec</span> <span class='ocrx_word' id='word_1_150' title='bbox 339 1847 424 1913; x_wconf 92' lang='lat' dir='ltr'>enim</span> <span class='ocrx_word' id='word_1_151' title='bbox 444 1851 550 1933; x_wconf 83' lang='lat' dir='ltr'>primo</span> <span class='ocrx_word' id='word_1_152' title='bbox 573 1848 729 1913; x_wconf 91' lang='lat' dir='ltr'>solvenda</span> <span class='ocrx_word' id='word_1_153' title='bbox 749 1853 826 1914; x_wconf 90' lang='lat' dir='ltr'>sunt</span> <span class='ocrx_word' id='word_1_154' title='bbox 849 1871 891 1914; x_wconf 89' lang='lat' dir='ltr'>ex</span> <span class='ocrx_word' id='word_1_155' title='bbox 906 1850 1012 1932; x_wconf 83' lang='lat' dir='ltr'>pretio</span> <span class='ocrx_word' id='word_1_156' title='bbox 1036 1869 1143 1912; x_wconf 90' lang='lat' dir='ltr'>rerum</span> <span class='ocrx_word' id='word_1_157' title='bbox 1168 1848 1239 1913; x_wconf 89' lang='lat' dir='ltr'>sive</span> <span class='ocrx_word' id='word_1_158' title='bbox 1263 1849 1474 1914; x_wconf 88' lang='lat' dir='ltr'>immobilium</span> 
     </span>
     <span class='ocr_line' id='line_1_18' title="bbox 150 1937 1476 2021; baseline 0.001 -19"><span class='ocrx_word' id='word_1_159' title='bbox 150 1937 221 2002; x_wconf 89' lang='lat' dir='ltr'>sive</span> <span class='ocrx_word' id='word_1_160' title='bbox 236 1937 412 2015; x_wconf 90' lang='lat' dir='ltr'>mobilium,</span> <span class='ocrx_word' id='word_1_161' title='bbox 437 1958 520 2018; x_wconf 90' lang='lat' dir='ltr'>quae</span> <span class='ocrx_word' id='word_1_162' title='bbox 536 1959 595 2020; x_wconf 93' lang='lat' dir='ltr'>pro</span> <span class='ocrx_word' id='word_1_163' title='bbox 612 1943 701 2003; x_wconf 88' lang='lat' dir='ltr'>certo</span> <span class='ocrx_word' id='word_1_164' title='bbox 718 1937 827 2003; x_wconf 90' lang='lat' dir='ltr'>debito</span> <span class='ocrx_word' id='word_1_165' title='bbox 844 1938 1080 2021; x_wconf 85' lang='lat' dir='ltr'>oppignoratae</span> <span class='ocrx_word' id='word_1_166' title='bbox 1096 1941 1183 2014; x_wconf 88' lang='lat' dir='ltr'>sunt,</span> <span class='ocrx_word' id='word_1_167' title='bbox 1207 1937 1315 2020; x_wconf 90' lang='lat' dir='ltr'>idque,</span> <span class='ocrx_word' id='word_1_168' title='bbox 1337 1938 1366 2002; x_wconf 95' lang='lat' dir='ltr'>si</span> <span class='ocrx_word' id='word_1_169' title='bbox 1383 1939 1476 2021; x_wconf 90' lang='lat' dir='ltr'>plura</span> 
     </span>
     <span class='ocr_line' id='line_1_19' title="bbox 151 2025 1474 2108; baseline 0 -16"><span class='ocrx_word' id='word_1_170' title='bbox 151 2026 261 2092; x_wconf 89' lang='lat' dir='ltr'>debita</span> <span class='ocrx_word' id='word_1_171' title='bbox 290 2026 323 2091; x_wconf 90' lang='lat' dir='ltr'>in</span> <span class='ocrx_word' id='word_1_172' title='bbox 354 2025 394 2090; x_wconf 91' lang='lat' dir='ltr'>iis</span> <span class='ocrx_word' id='word_1_173' title='bbox 417 2028 515 2090; x_wconf 90' lang='lat' dir='ltr'>rebus</span> <span class='ocrx_word' id='word_1_174' title='bbox 537 2026 726 2104; x_wconf 87' lang='lat' dir='ltr'>fundantur,</span> <span class='ocrx_word' id='word_1_175' title='bbox 752 2026 881 2108; x_wconf 88' lang='lat' dir='ltr'>singula</span> <span class='ocrx_word' id='word_1_176' title='bbox 904 2026 1032 2108; x_wconf 85' lang='lat' dir='ltr'>integre</span> <span class='ocrx_word' id='word_1_177' title='bbox 1055 2026 1232 2091; x_wconf 89' lang='lat' dir='ltr'>secundnm</span> <span class='ocrx_word' id='word_1_178' title='bbox 1256 2027 1405 2092; x_wconf 88' lang='lat' dir='ltr'>ordinem</span> <span class='ocrx_word' id='word_1_179' title='bbox 1429 2032 1474 2092; x_wconf 83' lang='lat' dir='ltr'>in-</span> 
     </span>
     <span class='ocr_line' id='line_1_20' title="bbox 150 2114 1475 2202; baseline 0 -22"><span class='ocrx_word' id='word_1_180' title='bbox 150 2119 347 2202; x_wconf 80' lang='lat' dir='ltr'>scriptionis,</span> <span class='ocrx_word' id='word_1_181' title='bbox 375 2115 423 2181; x_wconf 90' lang='lat' dir='ltr'>ita</span> <span class='ocrx_word' id='word_1_182' title='bbox 446 2119 483 2181; x_wconf 93' lang='lat' dir='ltr'>ut</span> <span class='ocrx_word' id='word_1_183' title='bbox 501 2118 612 2200; x_wconf 84' lang='lat' dir='ltr'>primo</span> <span class='ocrx_word' id='word_1_184' title='bbox 635 2115 821 2199; x_wconf 89' lang='lat' dir='ltr'>hypotheca</span> <span class='ocrx_word' id='word_1_185' title='bbox 844 2115 1051 2199; x_wconf 85' lang='lat' dir='ltr'>praeferatur</span> <span class='ocrx_word' id='word_1_186' title='bbox 1074 2114 1162 2193; x_wconf 90' lang='lat' dir='ltr'>aliis,</span> <span class='ocrx_word' id='word_1_187' title='bbox 1188 2115 1333 2181; x_wconf 90' lang='lat' dir='ltr'>secunda</span> <span class='ocrx_word' id='word_1_188' title='bbox 1356 2116 1475 2182; x_wconf 87' lang='lat' dir='ltr'>tertiae</span> 
     </span>
     <span class='ocr_line' id='line_1_21' title="bbox 150 2202 1475 2288; baseline 0.001 -19"><span class='ocrx_word' id='word_1_189' title='bbox 150 2210 185 2271; x_wconf 91' lang='lat' dir='ltr'>et</span> <span class='ocrx_word' id='word_1_190' title='bbox 212 2205 259 2270; x_wconf 91' lang='lat' dir='ltr'>sic</span> <span class='ocrx_word' id='word_1_191' title='bbox 288 2225 395 2288; x_wconf 90' lang='lat' dir='ltr'>porro.</span> <span class='ocrx_word' id='word_1_192' title='bbox 420 2243 463 2251; x_wconf 94' lang='lat'>—-</span> <span class='ocrx_word' id='word_1_193' title='bbox 493 2203 615 2281; x_wconf 89' lang='lat' dir='ltr'>Quibus</span> <span class='ocrx_word' id='word_1_194' title='bbox 639 2203 758 2269; x_wconf 88' lang='lat' dir='ltr'>debitis</span> <span class='ocrx_word' id='word_1_195' title='bbox 787 2204 1005 2288; x_wconf 88' lang='lat' dir='ltr'>privilegiatis</span> <span class='ocrx_word' id='word_1_196' title='bbox 1035 2203 1210 2285; x_wconf 91' lang='lat' dir='ltr'>aliquando</span> <span class='ocrx_word' id='word_1_197' title='bbox 1241 2202 1320 2284; x_wconf 90' lang='lat' dir='ltr'>(non</span> <span class='ocrx_word' id='word_1_198' title='bbox 1344 2205 1475 2287; x_wconf 90' lang='lat' dir='ltr'>ubique)</span> 
     </span>
     <span class='ocr_line' id='line_1_22' title="bbox 150 2293 767 2360; baseline 0.003 -2"><span class='ocrx_word' id='word_1_199' title='bbox 150 2295 235 2360; x_wconf 91' lang='lat' dir='ltr'>bona</span> <span class='ocrx_word' id='word_1_200' title='bbox 259 2293 371 2358; x_wconf 89' lang='lat' dir='ltr'>uxoris</span> <span class='ocrx_word' id='word_1_201' title='bbox 394 2293 517 2359; x_wconf 89' lang='lat' dir='ltr'>dotalia</span> <span class='ocrx_word' id='word_1_202' title='bbox 542 2299 767 2360; x_wconf 86' lang='lat' dir='ltr'>accensentur.</span> 
     </span>
    </p>

    <p class='ocr_par' dir='ltr' id='par_1_7' title="bbox 150 2397 1476 3014">
     <span class='ocr_line' id='line_1_23' title="bbox 169 2397 1476 2483; baseline 0.002 -19"><span class='ocrx_word' id='word_1_203' title='bbox 169 2405 180 2426; x_wconf 88' lang='lat'><em>&#39;</em></span> <span class='ocrx_word' id='word_1_204' title='bbox 240 2398 275 2479; x_wconf 84' lang='lat'>3)</span> <span class='ocrx_word' id='word_1_205' title='bbox 298 2398 418 2465; x_wconf 88' lang='lat' dir='ltr'>Debita</span> <span class='ocrx_word' id='word_1_206' title='bbox 439 2402 641 2483; x_wconf 82' lang='lat' dir='ltr'>personalia:</span> <span class='ocrx_word' id='word_1_207' title='bbox 663 2398 840 2480; x_wconf 89' lang='lat' dir='ltr'>inquibus,</span> <span class='ocrx_word' id='word_1_208' title='bbox 864 2399 892 2463; x_wconf 91' lang='lat' dir='ltr'>si</span> <span class='ocrx_word' id='word_1_209' title='bbox 916 2398 1019 2463; x_wconf 90' lang='lat' dir='ltr'>cessio</span> <span class='ocrx_word' id='word_1_210' title='bbox 1043 2399 1200 2463; x_wconf 89' lang='lat' dir='ltr'>bonorum</span> <span class='ocrx_word' id='word_1_211' title='bbox 1223 2397 1290 2463; x_wconf 88' lang='lat' dir='ltr'>iam</span> <span class='ocrx_word' id='word_1_212' title='bbox 1307 2400 1476 2466; x_wconf 87' lang='lat' dir='ltr'>declarata</span> 
     </span>
     <span class='ocr_line' id='line_1_24' title="bbox 151 2486 1476 2570; baseline 0.002 -18"><span class='ocrx_word' id='word_1_213' title='bbox 151 2494 218 2565; x_wconf 86' lang='lat' dir='ltr'>est,</span> <span class='ocrx_word' id='word_1_214' title='bbox 250 2487 358 2552; x_wconf 93' lang='lat' dir='ltr'>nullus</span> <span class='ocrx_word' id='word_1_215' title='bbox 389 2488 468 2553; x_wconf 91' lang='lat' dir='ltr'>ordo</span> <span class='ocrx_word' id='word_1_216' title='bbox 498 2487 710 2570; x_wconf 88' lang='lat' dir='ltr'>praelationis</span> <span class='ocrx_word' id='word_1_217' title='bbox 737 2488 890 2570; x_wconf 87' lang='lat' dir='ltr'>legaliter</span> <span class='ocrx_word' id='word_1_218' title='bbox 912 2488 1102 2569; x_wconf 86' lang='lat' dir='ltr'>agnoscitur</span> <span class='ocrx_word' id='word_1_219' title='bbox 1124 2486 1200 2566; x_wconf 89' lang='lat' dir='ltr'>(nisi</span> <span class='ocrx_word' id='word_1_220' title='bbox 1223 2487 1311 2553; x_wconf 85' lang='lat' dir='ltr'>forte</span> <span class='ocrx_word' id='word_1_221' title='bbox 1335 2490 1476 2555; x_wconf 89' lang='lat' dir='ltr'>creditor</span> 
     </span>
     <span class='ocr_line' id='line_1_25' title="bbox 150 2575 1474 2661; baseline 0.001 -20"><span class='ocrx_word' id='word_1_222' title='bbox 150 2581 299 2660; x_wconf 89' lang='lat' dir='ltr'>tempore</span> <span class='ocrx_word' id='word_1_223' title='bbox 323 2576 432 2642; x_wconf 91' lang='lat' dir='ltr'>debito</span> <span class='ocrx_word' id='word_1_224' title='bbox 456 2598 521 2641; x_wconf 92' lang='lat' dir='ltr'>non</span> <span class='ocrx_word' id='word_1_225' title='bbox 544 2576 765 2661; x_wconf 88' lang='lat' dir='ltr'>apparuerit);</span> <span class='ocrx_word' id='word_1_226' title='bbox 796 2577 853 2640; x_wconf 87' lang='lat' dir='ltr'>sed</span> <span class='ocrx_word' id='word_1_227' title='bbox 881 2576 908 2640; x_wconf 91' lang='lat' dir='ltr'>si</span> <span class='ocrx_word' id='word_1_228' title='bbox 932 2578 1017 2642; x_wconf 90' lang='lat' dir='ltr'>bona</span> <span class='ocrx_word' id='word_1_229' title='bbox 1041 2575 1197 2642; x_wconf 88' lang='lat' dir='ltr'>debitoris</span> <span class='ocrx_word' id='word_1_230' title='bbox 1221 2576 1263 2641; x_wconf 92' lang='lat' dir='ltr'>ad</span> <span class='ocrx_word' id='word_1_231' title='bbox 1287 2578 1399 2644; x_wconf 89' lang='lat' dir='ltr'>omnia</span> <span class='ocrx_word' id='word_1_232' title='bbox 1421 2579 1474 2643; x_wconf 88' lang='lat' dir='ltr'>de·</span> 
     </span>
     <span class='ocr_line' id='line_1_26' title="bbox 150 2664 1475 2748; baseline 0.003 -20"><span class='ocrx_word' id='word_1_233' title='bbox 150 2665 221 2729; x_wconf 88' lang='lat' dir='ltr'>bita</span> <span class='ocrx_word' id='word_1_234' title='bbox 244 2664 483 2747; x_wconf 85' lang='lat' dir='ltr'>exstinguenda</span> <span class='ocrx_word' id='word_1_235' title='bbox 513 2686 578 2731; x_wconf 94' lang='lat' dir='ltr'>non</span> <span class='ocrx_word' id='word_1_236' title='bbox 601 2665 784 2742; x_wconf 85' lang='lat' dir='ltr'>sufficiunt,</span> <span class='ocrx_word' id='word_1_237' title='bbox 816 2664 952 2748; x_wconf 88' lang='lat' dir='ltr'>siugulis</span> <span class='ocrx_word' id='word_1_238' title='bbox 981 2687 1040 2748; x_wconf 89' lang='lat' dir='ltr'>pro</span> <span class='ocrx_word' id='word_1_239' title='bbox 1070 2669 1145 2731; x_wconf 90' lang='lat' dir='ltr'>rata</span> <span class='ocrx_word' id='word_1_240' title='bbox 1169 2665 1326 2734; x_wconf 88' lang='lat' dir='ltr'>solvetur.</span> <span class='ocrx_word' id='word_1_241' title='bbox 1375 2669 1475 2732; x_wconf 90' lang='lat' dir='ltr'>Immo</span> 
     </span>
     <span class='ocr_line' id='line_1_27' title="bbox 150 2754 1473 2838; baseline 0.002 -20"><span class='ocrx_word' id='word_1_242' title='bbox 150 2775 216 2818; x_wconf 90' lang='lat' dir='ltr'>nou</span> <span class='ocrx_word' id='word_1_243' title='bbox 239 2775 314 2818; x_wconf 90' lang='lat' dir='ltr'>raro</span> <span class='ocrx_word' id='word_1_244' title='bbox 338 2754 516 2819; x_wconf 90' lang='lat' dir='ltr'>solutiones</span> <span class='ocrx_word' id='word_1_245' title='bbox 539 2755 630 2818; x_wconf 85' lang='lat' dir='ltr'>brevi</span> <span class='ocrx_word' id='word_1_246' title='bbox 659 2755 765 2838; x_wconf 90' lang='lat' dir='ltr'>spatio</span> <span class='ocrx_word' id='word_1_247' title='bbox 789 2759 866 2819; x_wconf 91' lang='lat' dir='ltr'>ante</span> <span class='ocrx_word' id='word_1_248' title='bbox 890 2754 1084 2831; x_wconf 90' lang='lat' dir='ltr'>cessionem,</span> <span class='ocrx_word' id='word_1_249' title='bbox 1116 2755 1201 2836; x_wconf 89' lang='lat' dir='ltr'>quod</span> <span class='ocrx_word' id='word_1_250' title='bbox 1223 2755 1299 2836; x_wconf 90' lang='lat' dir='ltr'>lege</span> <span class='ocrx_word' id='word_1_251' title='bbox 1323 2756 1473 2823; x_wconf 89' lang='lat' dir='ltr'>determi-</span> 
     </span>
     <span class='ocr_line' id='line_1_28' title="bbox 150 2843 1473 2926; baseline 0.002 -18"><span class='ocrx_word' id='word_1_252' title='bbox 150 2846 265 2920; x_wconf 91' lang='lat' dir='ltr'>natur,</span> <span class='ocrx_word' id='word_1_253' title='bbox 296 2844 382 2907; x_wconf 87' lang='lat' dir='ltr'>forte</span> <span class='ocrx_word' id='word_1_254' title='bbox 412 2844 522 2909; x_wconf 83' lang='lat' dir='ltr'>factae</span> <span class='ocrx_word' id='word_1_255' title='bbox 552 2864 611 2926; x_wconf 92' lang='lat' dir='ltr'>pro</span> <span class='ocrx_word' id='word_1_256' title='bbox 643 2844 743 2908; x_wconf 87' lang='lat' dir='ltr'>irritis</span> <span class='ocrx_word' id='word_1_257' title='bbox 773 2843 951 2920; x_wconf 90' lang='lat' dir='ltr'>habentur,</span> <span class='ocrx_word' id='word_1_258' title='bbox 982 2843 1030 2908; x_wconf 93' lang='lat' dir='ltr'>ita</span> <span class='ocrx_word' id='word_1_259' title='bbox 1059 2849 1096 2909; x_wconf 92' lang='lat' dir='ltr'>nt</span> <span class='ocrx_word' id='word_1_260' title='bbox 1122 2843 1184 2907; x_wconf 89' lang='lat' dir='ltr'>hae</span> <span class='ocrx_word' id='word_1_261' title='bbox 1213 2843 1247 2907; x_wconf 91' lang='lat' dir='ltr'>in</span> <span class='ocrx_word' id='word_1_262' title='bbox 1272 2865 1473 2911; x_wconf 88' lang='lat' dir='ltr'>communem</span> 
     </span>
     <span class='ocr_line' id='line_1_29' title="bbox 150 2931 1472 3014; baseline 0.002 -18"><span class='ocrx_word' id='word_1_263' title='bbox 150 2953 293 2998; x_wconf 88' lang='lat' dir='ltr'>massam</span> <span class='ocrx_word' id='word_1_264' title='bbox 318 2931 457 2996; x_wconf 89' lang='lat' dir='ltr'>conferri</span> <span class='ocrx_word' id='word_1_265' title='bbox 482 2933 638 2997; x_wconf 89' lang='lat' dir='ltr'>debeant:</span> <span class='ocrx_word' id='word_1_266' title='bbox 664 2933 749 3014; x_wconf 90' lang='lat' dir='ltr'>quod</span> <span class='ocrx_word' id='word_1_267' title='bbox 773 2932 872 2998; x_wconf 91' lang='lat' dir='ltr'>etiam</span> <span class='ocrx_word' id='word_1_268' title='bbox 895 2933 929 2998; x_wconf 93' lang='lat' dir='ltr'>in</span> <span class='ocrx_word' id='word_1_269' title='bbox 952 2933 1151 2998; x_wconf 89' lang='lat' dir='ltr'>conscientia</span> <span class='ocrx_word' id='word_1_270' title='bbox 1175 2933 1345 2998; x_wconf 88' lang='lat' dir='ltr'>observari</span> <span class='ocrx_word' id='word_1_271' title='bbox 1371 2936 1472 3001; x_wconf 86' lang='lat' dir='ltr'>debet.</span> 
     </span>
    </p>
   </div>
   <div class='ocr_carea' id='block_1_7' title="bbox 90 3038 1473 3302">
    <p class='ocr_par' dir='ltr' id='par_1_8' title="bbox 90 3038 1473 3302">
     <span class='ocr_line' id='line_1_30' title="bbox 90 3038 1472 3122; baseline 0.003 -22"><span class='ocrx_word' id='word_1_272' title='bbox 90 3047 141 3101; x_wconf 78' lang='lat'>754</span> <span class='ocrx_word' id='word_1_273' title='bbox 239 3039 277 3103; x_wconf 88' lang='lat' dir='ltr'>R.</span> <span class='ocrx_word' id='word_1_274' title='bbox 296 3042 326 3103; x_wconf 73' lang='lat'>4.</span> <span class='ocrx_word' id='word_1_275' title='bbox 368 3038 399 3103; x_wconf 88' lang='lat' dir='ltr'>Si</span> <span class='ocrx_word' id='word_1_276' title='bbox 424 3039 552 3119; x_wconf 90' lang='lat' dir='ltr'>quando</span> <span class='ocrx_word' id='word_1_277' title='bbox 577 3039 704 3103; x_wconf 91' lang='lat' dir='ltr'>debitor</span> <span class='ocrx_word' id='word_1_278' title='bbox 727 3044 804 3103; x_wconf 91' lang='lat' dir='ltr'>ante</span> <span class='ocrx_word' id='word_1_279' title='bbox 827 3039 905 3102; x_wconf 89' lang='lat' dir='ltr'>illud</span> <span class='ocrx_word' id='word_1_280' title='bbox 930 3044 1058 3122; x_wconf 88' lang='lat' dir='ltr'>tempus</span> <span class='ocrx_word' id='word_1_281' title='bbox 1083 3040 1198 3120; x_wconf 86' lang='lat' dir='ltr'>alege</span> <span class='ocrx_word' id='word_1_282' title='bbox 1222 3040 1472 3107; x_wconf 88' lang='lat' dir='ltr'>determinatum</span> 
     </span>
     <span class='ocr_line' id='line_1_31' title="bbox 150 3127 1473 3211; baseline -0.001 -18"><span class='ocrx_word' id='word_1_283' title='bbox 150 3132 273 3193; x_wconf 90' lang='lat' dir='ltr'>statum</span> <span class='ocrx_word' id='word_1_284' title='bbox 297 3149 391 3192; x_wconf 88' lang='lat' dir='ltr'>suum</span> <span class='ocrx_word' id='word_1_285' title='bbox 421 3127 550 3192; x_wconf 90' lang='lat' dir='ltr'>labilem</span> <span class='ocrx_word' id='word_1_286' title='bbox 581 3128 775 3211; x_wconf 85' lang='lat' dir='ltr'>praevidens</span> <span class='ocrx_word' id='word_1_287' title='bbox 799 3128 897 3193; x_wconf 89' lang='lat' dir='ltr'>certis</span> <span class='ocrx_word' id='word_1_288' title='bbox 921 3128 1119 3194; x_wconf 91' lang='lat' dir='ltr'>debitoribus</span> <span class='ocrx_word' id='word_1_289' title='bbox 1149 3150 1228 3211; x_wconf 91' lang='lat' dir='ltr'>prae</span> <span class='ocrx_word' id='word_1_290' title='bbox 1259 3129 1333 3194; x_wconf 91' lang='lat' dir='ltr'>aliis</span> <span class='ocrx_word' id='word_1_291' title='bbox 1364 3131 1473 3195; x_wconf 61' lang='lat' dir='ltr'>fervere</span> 
     </span>
     <span class='ocr_line' id='line_1_32' title="bbox 150 3216 1148 3302; baseline -0.001 -21"><span class='ocrx_word' id='word_1_292' title='bbox 150 3225 185 3283; x_wconf 89' lang='lat' dir='ltr'>et</span> <span class='ocrx_word' id='word_1_293' title='bbox 207 3216 337 3299; x_wconf 87' lang='lat' dir='ltr'>integre</span> <span class='ocrx_word' id='word_1_294' title='bbox 360 3216 489 3281; x_wconf 88' lang='lat' dir='ltr'>solvere</span> <span class='ocrx_word' id='word_1_295' title='bbox 512 3216 603 3293; x_wconf 86' lang='lat' dir='ltr'>velit,</span> <span class='ocrx_word' id='word_1_296' title='bbox 627 3217 678 3281; x_wconf 91' lang='lat' dir='ltr'>ius</span> <span class='ocrx_word' id='word_1_297' title='bbox 702 3217 853 3283; x_wconf 90' lang='lat' dir='ltr'>naturale</span> <span class='ocrx_word' id='word_1_298' title='bbox 875 3216 956 3281; x_wconf 87' lang='lat' dir='ltr'>haec</span> <span class='ocrx_word' id='word_1_299' title='bbox 979 3221 1148 3302; x_wconf 67' lang='lat' dir='ltr'>pei-aridii:</span> 
     </span>
    </p>
   </div>
   <div class='ocr_carea' id='block_1_8' title="bbox 242 3322 846 3406">
    <p class='ocr_par' dir='ltr' id='par_1_9' title="bbox 242 3322 846 3406">
     <span class='ocr_line' id='line_1_33' title="bbox 242 3322 846 3406; baseline 0 -19"><span class='ocrx_word' id='word_1_300' title='bbox 242 3322 274 3403; x_wconf 87' lang='lat'>1)</span> <span class='ocrx_word' id='word_1_301' title='bbox 298 3327 335 3388; x_wconf 90' lang='lat' dir='ltr'>ut</span> <span class='ocrx_word' id='word_1_302' title='bbox 358 3344 483 3406; x_wconf 90' lang='lat' dir='ltr'>pauper</span> <span class='ocrx_word' id='word_1_303' title='bbox 506 3322 714 3405; x_wconf 90' lang='lat' dir='ltr'>praeferatur</span> <span class='ocrx_word' id='word_1_304' title='bbox 737 3322 846 3398; x_wconf 90' lang='lat' dir='ltr'>diviti;</span> 
     </span>
    </p>
   </div>
   <div class='ocr_carea' id='block_1_9' title="bbox 151 3427 1472 4060">
    <p class='ocr_par' dir='ltr' id='par_1_10' title="bbox 151 3427 1472 3688">
     <span class='ocr_line' id='line_1_34' title="bbox 240 3427 1472 3510; baseline 0.002 -19"><span class='ocrx_word' id='word_1_305' title='bbox 240 3429 274 3508; x_wconf 82' lang='lat'>2)</span> <span class='ocrx_word' id='word_1_306' title='bbox 298 3432 344 3504; x_wconf 92' lang='lat' dir='ltr'>ut,</span> <span class='ocrx_word' id='word_1_307' title='bbox 370 3428 424 3508; x_wconf 94' lang='lat' dir='ltr'>qui</span> <span class='ocrx_word' id='word_1_308' title='bbox 447 3428 536 3510; x_wconf 89' lang='lat' dir='ltr'>prior</span> <span class='ocrx_word' id='word_1_309' title='bbox 559 3433 705 3510; x_wconf 86' lang='lat' dir='ltr'>tempore</span> <span class='ocrx_word' id='word_1_310' title='bbox 729 3427 871 3492; x_wconf 89' lang='lat' dir='ltr'>creditor</span> <span class='ocrx_word' id='word_1_311' title='bbox 894 3427 1031 3504; x_wconf 85' lang='lat' dir='ltr'>exstitit,</span> <span class='ocrx_word' id='word_1_312' title='bbox 1059 3427 1149 3510; x_wconf 88' lang='lat' dir='ltr'>prius</span> <span class='ocrx_word' id='word_1_313' title='bbox 1172 3427 1369 3494; x_wconf 89' lang='lat' dir='ltr'>solutionem</span> <span class='ocrx_word' id='word_1_314' title='bbox 1393 3430 1472 3494; x_wconf 87' lang='lat' dir='ltr'>inte·</span> 
     </span>
     <span class='ocr_line' id='line_1_35' title="bbox 151 3516 1471 3598; baseline 0.002 -18"><span class='ocrx_word' id='word_1_315' title='bbox 151 3537 244 3597; x_wconf 86' lang='lat' dir='ltr'>gram</span> <span class='ocrx_word' id='word_1_316' title='bbox 269 3516 425 3598; x_wconf 87' lang='lat' dir='ltr'>accipiat:</span> <span class='ocrx_word' id='word_1_317' title='bbox 450 3517 490 3582; x_wconf 85' lang='lat' dir='ltr'>cf.</span> <span class='ocrx_word' id='word_1_318' title='bbox 516 3537 583 3598; x_wconf 88' lang='lat' dir='ltr'>reg.</span> <span class='ocrx_word' id='word_1_319' title='bbox 608 3517 668 3582; x_wconf 90' lang='lat' dir='ltr'>iur.</span> <span class='ocrx_word' id='word_1_320' title='bbox 694 3518 735 3579; x_wconf 75' lang='lat'>54</span> <span class='ocrx_word' id='word_1_321' title='bbox 760 3517 793 3580; x_wconf 90' lang='lat' dir='ltr'>in</span> <span class='ocrx_word' id='word_1_322' title='bbox 818 3519 873 3593; x_wconf 56' lang='grc' dir='ltr'>θος</span> <span class='ocrx_word' id='word_1_323' title='bbox 898 3517 1026 3598; x_wconf 89' lang='lat' dir='ltr'>Lug0,</span> <span class='ocrx_word' id='word_1_324' title='bbox 1051 3518 1101 3581; x_wconf 83' lang='lat' dir='ltr'>De</span> <span class='ocrx_word' id='word_1_325' title='bbox 1125 3520 1196 3583; x_wconf 83' lang='lat' dir='ltr'>inst.</span> <span class='ocrx_word' id='word_1_326' title='bbox 1222 3525 1249 3581; x_wconf 85' lang='lat' dir='ltr'>et</span> <span class='ocrx_word' id='word_1_327' title='bbox 1273 3521 1345 3583; x_wconf 83' lang='lat' dir='ltr'>iore</span> <span class='ocrx_word' id='word_1_328' title='bbox 1369 3519 1400 3583; x_wconf 93' lang='lat' dir='ltr'>d.</span> <span class='ocrx_word' id='word_1_329' title='bbox 1425 3521 1471 3593; x_wconf 79' lang='lat'>20,</span> 
     </span>
     <span class='ocr_line' id='line_1_36' title="bbox 151 3605 1286 3688; baseline 0.002 -20"><span class='ocrx_word' id='word_1_330' title='bbox 151 3628 182 3670; x_wconf 90' lang='lat' dir='ltr'>n.</span> <span class='ocrx_word' id='word_1_331' title='bbox 210 3608 272 3668; x_wconf 84' lang='grc'>146</span> <span class='ocrx_word' id='word_1_332' title='bbox 290 3626 377 3687; x_wconf 87' lang='lat' dir='ltr'>sqq.;</span> <span class='ocrx_word' id='word_1_333' title='bbox 403 3606 433 3670; x_wconf 88' lang='lat' dir='ltr'>S.</span> <span class='ocrx_word' id='word_1_334' title='bbox 460 3605 575 3688; x_wconf 89' lang='lat' dir='ltr'>Alph.</span> <span class='ocrx_word' id='word_1_335' title='bbox 599 3605 657 3683; x_wconf 91' lang='grc' dir='ltr'>ΙΙΙ,</span> <span class='ocrx_word' id='word_1_336' title='bbox 684 3608 757 3670; x_wconf 73' lang='grc'>690.</span> <span class='ocrx_word' id='word_1_337' title='bbox 1202 3607 1205 3614; x_wconf 88' lang='grc'><strong>’</strong></span> <span class='ocrx_word' id='word_1_338' title='bbox 1283 3680 1286 3685; x_wconf 43' lang='grc'>,</span> 
     </span>
    </p>

    <p class='ocr_par' dir='ltr' id='par_1_11' title="bbox 152 3709 1472 4060">
     <span class='ocr_line' id='line_1_37' title="bbox 241 3709 1472 3797; baseline 0.002 -23"><span class='ocrx_word' id='word_1_339' title='bbox 241 3709 275 3792; x_wconf 87' lang='grc'>3)</span> <span class='ocrx_word' id='word_1_340' title='bbox 299 3716 345 3782; x_wconf 85' lang='lat' dir='ltr'>ut,</span> <span class='ocrx_word' id='word_1_341' title='bbox 363 3711 416 3791; x_wconf 85' lang='lat' dir='ltr'>qui</span> <span class='ocrx_word' id='word_1_342' title='bbox 432 3711 521 3793; x_wconf 89' lang='lat' dir='ltr'>prior</span> <span class='ocrx_word' id='word_1_343' title='bbox 532 3715 679 3793; x_wconf 89' lang='lat' dir='ltr'>tempore</span> <span class='ocrx_word' id='word_1_344' title='bbox 696 3711 890 3776; x_wconf 91' lang='lat' dir='ltr'>solutionem</span> <span class='ocrx_word' id='word_1_345' title='bbox 906 3715 999 3794; x_wconf 89' lang='lat' dir='ltr'>petat</span> <span class='ocrx_word' id='word_1_346' title='bbox 1015 3733 1073 3776; x_wconf 86' lang='lat' dir='ltr'>seu</span> <span class='ocrx_word' id='word_1_347' title='bbox 1089 3717 1217 3793; x_wconf 87' lang='lat' dir='ltr'>urgeat,</span> <span class='ocrx_word' id='word_1_348' title='bbox 1241 3732 1316 3777; x_wconf 91' lang='lat' dir='ltr'>eam</span> <span class='ocrx_word' id='word_1_349' title='bbox 1331 3713 1472 3797; x_wconf 88' lang='lat' dir='ltr'>recipere</span> 
     </span>
     <span class='ocr_line' id='line_1_38' title="bbox 152 3799 1471 3883; baseline -0.001 -19"><span class='ocrx_word' id='word_1_350' title='bbox 152 3799 265 3882; x_wconf 90' lang='lat' dir='ltr'>possit.</span> <span class='ocrx_word' id='word_1_351' title='bbox 317 3800 411 3865; x_wconf 83' lang='lat' dir='ltr'>Unde</span> <span class='ocrx_word' id='word_1_352' title='bbox 435 3801 472 3864; x_wconf 85' lang='lat' dir='ltr'>tit</span> <span class='ocrx_word' id='word_1_353' title='bbox 496 3805 541 3875; x_wconf 87' lang='lat' dir='ltr'>ut,</span> <span class='ocrx_word' id='word_1_354' title='bbox 566 3800 593 3863; x_wconf 91' lang='lat' dir='ltr'>si</span> <span class='ocrx_word' id='word_1_355' title='bbox 618 3800 745 3865; x_wconf 91' lang='lat' dir='ltr'>debitor</span> <span class='ocrx_word' id='word_1_356' title='bbox 768 3800 909 3881; x_wconf 85' lang='lat' dir='ltr'>aliquem</span> <span class='ocrx_word' id='word_1_357' title='bbox 933 3821 973 3864; x_wconf 89' lang='lat' dir='ltr'>ex</span> <span class='ocrx_word' id='word_1_358' title='bbox 998 3801 1221 3877; x_wconf 72' lang='lat' dir='ltr'>creditoribus</span> <span class='ocrx_word' id='word_1_359' title='bbox 1245 3801 1279 3865; x_wconf 92' lang='lat' dir='ltr'>in</span> <span class='ocrx_word' id='word_1_360' title='bbox 1305 3823 1369 3883; x_wconf 90' lang='lat' dir='ltr'>qno</span> <span class='ocrx_word' id='word_1_361' title='bbox 1393 3808 1471 3868; x_wconf 80' lang='lat' dir='ltr'>iusto</span> 
     </span>
     <span class='ocr_line' id='line_1_39' title="bbox 152 3889 1469 3974; baseline -0.001 -21"><span class='ocrx_word' id='word_1_362' title='bbox 152 3899 398 3953; x_wconf 69' lang='lat' dir='ltr'>consuescent·</span> <span class='ocrx_word' id='word_1_363' title='bbox 419 3889 645 3973; x_wconf 69' lang='lat' dir='ltr'>praefentur,</span> <span class='ocrx_word' id='word_1_364' title='bbox 678 3889 782 3952; x_wconf 89' lang='lat' dir='ltr'>amice</span> <span class='ocrx_word' id='word_1_365' title='bbox 806 3893 937 3954; x_wconf 89' lang='lat' dir='ltr'>moneat</span> <span class='ocrx_word' id='word_1_366' title='bbox 969 3889 1061 3970; x_wconf 89' lang='lat' dir='ltr'>isque</span> <span class='ocrx_word' id='word_1_367' title='bbox 1085 3890 1278 3955; x_wconf 89' lang='lat' dir='ltr'>solutionem</span> <span class='ocrx_word' id='word_1_368' title='bbox 1302 3896 1414 3974; x_wconf 90' lang='lat' dir='ltr'>petat,</span> <span class='ocrx_word' id='word_1_369' title='bbox 1446 3889 1469 3954; x_wconf 84' lang='lat' dir='ltr'>ei</span> 
     </span>
     <span class='ocr_line' id='line_1_40' title="bbox 152 3977 833 4060; baseline -0.001 -17"><span class='ocrx_word' id='word_1_370' title='bbox 152 3978 304 4043; x_wconf 87' lang='lat' dir='ltr'>satisfieri</span> <span class='ocrx_word' id='word_1_371' title='bbox 329 3977 448 4060; x_wconf 89' lang='lat' dir='ltr'>possit:</span> <span class='ocrx_word' id='word_1_372' title='bbox 473 3978 583 4058; x_wconf 88' lang='lat' dir='ltr'>Lugo</span> <span class='ocrx_word' id='word_1_373' title='bbox 608 3980 627 4043; x_wconf 95' lang='lat' dir='ltr'>l.</span> <span class='ocrx_word' id='word_1_374' title='bbox 651 4000 677 4042; x_wconf 89' lang='lat' dir='ltr'>c.</span> <span class='ocrx_word' id='word_1_375' title='bbox 703 4001 733 4043; x_wconf 92' lang='lat' dir='ltr'>n.</span> <span class='ocrx_word' id='word_1_376' title='bbox 762 3981 833 4042; x_wconf 74' lang='lat'>174.</span> 
     </span>
    </p>
   </div>
   <div class='ocr_carea' id='block_1_10' title="bbox 151 4084 1469 4596">
    <p class='ocr_par' dir='ltr' id='par_1_12' title="bbox 151 4084 1469 4596">
     <span class='ocr_line' id='line_1_41' title="bbox 242 4084 1469 4153; baseline 0 -5"><span class='ocrx_word' id='word_1_377' title='bbox 242 4084 319 4148; x_wconf 82' lang='lat' dir='ltr'>Cum</span> <span class='ocrx_word' id='word_1_378' title='bbox 344 4085 429 4148; x_wconf 82' lang='lat' dir='ltr'>eninr</span> <span class='ocrx_word' id='word_1_379' title='bbox 453 4085 484 4148; x_wconf 94' lang='lat' dir='ltr'>in</span> <span class='ocrx_word' id='word_1_380' title='bbox 510 4085 657 4149; x_wconf 89' lang='lat' dir='ltr'>omnibus</span> <span class='ocrx_word' id='word_1_381' title='bbox 680 4084 752 4150; x_wconf 90' lang='lat' dir='ltr'>istis</span> <span class='ocrx_word' id='word_1_382' title='bbox 770 4085 898 4149; x_wconf 87' lang='lat' dir='ltr'>casibus</span> <span class='ocrx_word' id='word_1_383' title='bbox 914 4085 1091 4149; x_wconf 87' lang='lat' dir='ltr'>creditores</span> <span class='ocrx_word' id='word_1_384' title='bbox 1116 4106 1179 4149; x_wconf 92' lang='lat' dir='ltr'>non</span> <span class='ocrx_word' id='word_1_385' title='bbox 1202 4085 1348 4153; x_wconf 90' lang='lat' dir='ltr'>habeant</span> <span class='ocrx_word' id='word_1_386' title='bbox 1371 4086 1469 4151; x_wconf 88' lang='lat' dir='ltr'>insin</span> 
     </span>
     <span class='ocr_line' id='line_1_42' title="bbox 152 4174 1469 4256; baseline -0.002 -18"><span class='ocrx_word' id='word_1_387' title='bbox 152 4178 260 4238; x_wconf 87' lang='lat' dir='ltr'>certas</span> <span class='ocrx_word' id='word_1_388' title='bbox 284 4195 337 4238; x_wconf 92' lang='lat' dir='ltr'>res</span> <span class='ocrx_word' id='word_1_389' title='bbox 361 4175 532 4251; x_wconf 89' lang='lat' dir='ltr'>debitoris,</span> <span class='ocrx_word' id='word_1_390' title='bbox 557 4176 614 4239; x_wconf 88' lang='lat' dir='ltr'>sed</span> <span class='ocrx_word' id='word_1_391' title='bbox 638 4175 714 4238; x_wconf 89' lang='lat' dir='ltr'>illae</span> <span class='ocrx_word' id='word_1_392' title='bbox 742 4174 772 4237; x_wconf 91' lang='lat' dir='ltr'>in</span> <span class='ocrx_word' id='word_1_393' title='bbox 798 4175 939 4238; x_wconf 88' lang='lat' dir='ltr'>dominio</span> <span class='ocrx_word' id='word_1_394' title='bbox 963 4175 1119 4239; x_wconf 90' lang='lat' dir='ltr'>debitoris</span> <span class='ocrx_word' id='word_1_395' title='bbox 1143 4179 1314 4250; x_wconf 88' lang='lat' dir='ltr'>maneant,</span> <span class='ocrx_word' id='word_1_396' title='bbox 1341 4175 1398 4253; x_wconf 88' lang='lat' dir='ltr'>iis,</span> <span class='ocrx_word' id='word_1_397' title='bbox 1424 4174 1469 4256; x_wconf 87' lang='lat' dir='ltr'>qui</span> 
     </span>
     <span class='ocr_line' id='line_1_43' title="bbox 152 4263 1469 4347; baseline 0.001 -20"><span class='ocrx_word' id='word_1_398' title='bbox 152 4268 267 4346; x_wconf 89' lang='lat' dir='ltr'>postea</span> <span class='ocrx_word' id='word_1_399' title='bbox 291 4263 396 4327; x_wconf 88' lang='lat' dir='ltr'>minus</span> <span class='ocrx_word' id='word_1_400' title='bbox 419 4265 581 4347; x_wconf 89' lang='lat' dir='ltr'>recepturi</span> <span class='ocrx_word' id='word_1_401' title='bbox 606 4269 691 4338; x_wconf 89' lang='lat' dir='ltr'>sunt,</span> <span class='ocrx_word' id='word_1_402' title='bbox 717 4284 781 4326; x_wconf 88' lang='lat' dir='ltr'>non</span> <span class='ocrx_word' id='word_1_403' title='bbox 805 4263 934 4345; x_wconf 88' lang='lat' dir='ltr'>proprio</span> <span class='ocrx_word' id='word_1_404' title='bbox 957 4265 995 4328; x_wconf 90' lang='lat' dir='ltr'>fit</span> <span class='ocrx_word' id='word_1_405' title='bbox 1018 4264 1144 4340; x_wconf 89' lang='lat' dir='ltr'>iniuria,</span> <span class='ocrx_word' id='word_1_406' title='bbox 1170 4284 1207 4327; x_wconf 89' lang='lat' dir='ltr'>eo</span> <span class='ocrx_word' id='word_1_407' title='bbox 1224 4265 1310 4344; x_wconf 91' lang='lat' dir='ltr'>quod</span> <span class='ocrx_word' id='word_1_408' title='bbox 1330 4287 1373 4329; x_wconf 83' lang='lat' dir='ltr'>ex</span> <span class='ocrx_word' id='word_1_409' title='bbox 1394 4266 1469 4347; x_wconf 90' lang='lat' dir='ltr'>prio·</span> 
     </span>
     <span class='ocr_line' id='line_1_44' title="bbox 152 4352 1469 4436; baseline -0.002 -21"><span class='ocrx_word' id='word_1_410' title='bbox 152 4352 240 4415; x_wconf 89' lang='lat' dir='ltr'>ribus</span> <span class='ocrx_word' id='word_1_411' title='bbox 268 4374 361 4416; x_wconf 90' lang='lat' dir='ltr'>nemo</span> <span class='ocrx_word' id='word_1_412' title='bbox 392 4354 464 4435; x_wconf 89' lang='lat' dir='ltr'>plus</span> <span class='ocrx_word' id='word_1_413' title='bbox 489 4352 649 4435; x_wconf 83' lang='lat' dir='ltr'>receperit</span> <span class='ocrx_word' id='word_1_414' title='bbox 674 4373 770 4432; x_wconf 88' lang='lat' dir='ltr'>qnam</span> <span class='ocrx_word' id='word_1_415' title='bbox 795 4353 879 4432; x_wconf 88' lang='lat' dir='ltr'>quod</span> <span class='ocrx_word' id='word_1_416' title='bbox 907 4374 1000 4415; x_wconf 89' lang='lat' dir='ltr'>suurn</span> <span class='ocrx_word' id='word_1_417' title='bbox 1025 4356 1112 4430; x_wconf 89' lang='lat' dir='ltr'>erat,</span> <span class='ocrx_word' id='word_1_418' title='bbox 1144 4353 1344 4436; x_wconf 87' lang='lat' dir='ltr'>posteriores</span> <span class='ocrx_word' id='word_1_419' title='bbox 1369 4359 1469 4419; x_wconf 87' lang='lat' dir='ltr'>antem</span> 
     </span>
     <span class='ocr_line' id='line_1_45' title="bbox 152 4440 1469 4526; baseline -0.001 -22"><span class='ocrx_word' id='word_1_420' title='bbox 152 4442 330 4505; x_wconf 88' lang='lat' dir='ltr'>creditores</span> <span class='ocrx_word' id='word_1_421' title='bbox 360 4443 464 4506; x_wconf 88' lang='lat' dir='ltr'>solum</span> <span class='ocrx_word' id='word_1_422' title='bbox 495 4443 527 4505; x_wconf 91' lang='lat' dir='ltr'>in</span> <span class='ocrx_word' id='word_1_423' title='bbox 552 4464 591 4506; x_wconf 86' lang='lat' dir='ltr'>ea</span> <span class='ocrx_word' id='word_1_424' title='bbox 615 4443 700 4504; x_wconf 92' lang='lat' dir='ltr'>bona</span> <span class='ocrx_word' id='word_1_425' title='bbox 724 4461 806 4520; x_wconf 90' lang='lat' dir='ltr'>quae</span> <span class='ocrx_word' id='word_1_426' title='bbox 835 4440 980 4504; x_wconf 85' lang='lat' dir='ltr'>cessione</span> <span class='ocrx_word' id='word_1_427' title='bbox 1004 4441 1094 4506; x_wconf 85' lang='lat' dir='ltr'>facta</span> <span class='ocrx_word' id='word_1_428' title='bbox 1117 4446 1245 4506; x_wconf 90' lang='lat' dir='ltr'>restant</span> <span class='ocrx_word' id='word_1_429' title='bbox 1277 4442 1327 4507; x_wconf 90' lang='lat' dir='ltr'>ius</span> <span class='ocrx_word' id='word_1_430' title='bbox 1353 4444 1469 4526; x_wconf 87' lang='lat' dir='ltr'>possint</span> 
     </span>
     <span class='ocr_line' id='line_1_46' title="bbox 151 4549 314 4596; baseline 0.031 -5"><span class='ocrx_word' id='word_1_431' title='bbox 151 4549 314 4596; x_wconf 85' lang='lat' dir='ltr'>exercere.</span> 
     </span>
    </p>
   </div>
   <div class='ocr_carea' id='block_1_11' title="bbox 246 4624 613 4702">
    <p class='ocr_par' dir='ltr' id='par_1_13' title="bbox 246 4624 613 4702">
     <span class='ocr_line' id='line_1_47' title="bbox 246 4624 613 4702; baseline 0.003 -17"><span class='ocrx_word' id='word_1_432' title='bbox 246 4624 299 4686; x_wconf 75' lang='lat' dir='ltr'>Tb.</span> <span class='ocrx_word' id='word_1_433' title='bbox 325 4647 364 4688; x_wconf 76' lang='lat' dir='ltr'>aa</span> <span class='ocrx_word' id='word_1_434' title='bbox 389 4624 414 4696; x_wconf 91' lang='lat' dir='ltr'>I,</span> <span class='ocrx_word' id='word_1_435' title='bbox 442 4626 525 4687; x_wconf 73' lang='lat'>1025</span> <span class='ocrx_word' id='word_1_436' title='bbox 543 4643 613 4702; x_wconf 78' lang='lat' dir='ltr'>sqq.</span> 
     </span>
    </p>
   </div>
   <div class='ocr_carea' id='block_1_12' title="bbox 0 0 1558 5168">
    <p class='ocr_par' dir='ltr' id='par_1_14' title="bbox 0 0 1558 5168">
     <span class='ocr_line' id='line_1_48' title="bbox 0 0 1558 5168; baseline 0 0"><span class='ocrx_word' id='word_1_437' title='bbox 0 0 1558 5168; x_wconf 95' lang='lat' dir='ltr'> </span> 
     </span>
    </p>
   </div>
  </div>
 </body>
</html>
