3106 5168
253 280 407 337 Translatio
424 281 475 336 iur.
494 299 520 352 p.
540 285 703 336 contractus.
722 312 757 321 -
778 284 975 337 Commodatum
994 286 1023 337 et
1041 285 1194 352 depositum.
1320 285 1385 351 427

61 455 177 536 gravis
199 455 348 539 proxime
372 457 522 539 cognatis
553 457 647 524 illata
677 459 838 525 redundet
861 498 904 508 —
928 459 960 524 id
985 459 1069 541 quod
1100 480 1199 543 saepe
1222 462 1260 526 fit
1283 497 1327 508 —
1372 464 1388 526 t

61 545 181 609 iniuria
204 545 316 627 gravis
338 545 371 610 iu
396 546 603 613 donatorem:
627 547 668 613 of.
693 548 905 626 Carriere,
930 550 980 614 De
1003 556 1100 614 contr.
1125 571 1156 613 n.
1182 552 1256 615 609.

153 651 192 718 R.
217 654 246 716 2.
293 652 440 716 Heredes
470 652 637 719 donatoris
666 652 717 719 ius
746 655 921 720 revocandi
952 655 1071 719 donum
1101 653 1304 719 interrivos
1334 663 1447 719 εει-843

61 740 203 804 cundum
225 739 276 804 ius
299 762 459 806 cominune
481 743 534 806 vel
551 744 709 808 Gallicum
733 764 798 808 non
820 743 952 820 habent,
976 743 1039 807 nisi
1062 742 1201 808 donator
1224 744 1386 809 actionem

63 828 249 894 iudicialem
272 829 337 894 iam
360 829 528 914 inceperit,
553 832 606 896 vel
631 830 687 911 (of.
712 832 911 897 Garriere
941 834 961 898 l.
987 832 1029 914 o.)
1052 831 1138 897 infra
1155 853 1311 898 annuma
1335 832 1387 898 die

61 918 176 983 delicti
192 917 385 995 decesserit3
410 920 587 985 secundum
602 920 653 984 ius
677 921 806 987 Germ.
831 923 962 996 habent,
987 920 1094 986 sedin
1111 944 1144 986 eo
1159 929 1282 986 teritum
1299 944 1385 1004 cusu,

62 1007 193 1088 quando
224 1006 415 1072 donatarius
446 1011 630 1074 donatorem
659 1013 835 1075 volitatorio
866 1013 979 1076 oceidit
1009 1010 1064 1074 vel
1096 1031 1170 1075 eum
1200 1010 1386 1076 voluntarie

63 1100 99 1162 et
121 1095 242 1161 iniuste
266 1119 287 1160 a
312 1101 504 1163 revocatione
526 1101 690 1182 impedivit
713 1097 748 1179 (l.
773 1098 825 1180 c).

151 1202 190 1268 R.
216 1204 246 1268 3.
293 1202 405 1278 Quoad
433 1203 700 1270 testamentariae
730 1203 959 1288 dispositiones
991 1225 1048 1269 eas
1078 1202 1209 1287 proprie
1239 1226 1387 1269 revocure
1420 1233 1422 1237 ·

62 1295 174 1375 potest
206 1291 295 1355 solus
327 1295 485 1367 testator;
519 1296 618 1373 atque
651 1293 792 1375 privatio
825 1293 926 1359 etiam
957 1296 1060 1377 ipsius
1091 1296 1198 1378 portia
1231 1295 1387 1378 leqitimoe

60 1379 217 1445 testatori
234 1379 421 1445 conceditur
437 1402 501 1445 non
517 1381 621 1447 solum
637 1386 772 1464 propter
799 1382 943 1447 rationes
966 1380 1221 1464 ingratitudinis,
1247 1382 1288 1446 ob
1304 1402 1386 1463 quas

63 1469 197 1535 donatio
221 1468 367 1533 revocari
392 1469 513 1552 possit,
545 1470 602 1535 sed
633 1470 732 1535 etiam
756 1476 890 1554 propter
913 1470 1016 1536 vitam
1041 1470 1245 1535 inhonestam
1270 1475 1386 1536 contra

61 1559 267 1623 voluntatem
300 1559 471 1624 testatoris
504 1558 635 1624 ductam
667 1558 730 1638 (ius
764 1560 897 1625 Germ.
931 1559 949 1640 ξ
983 1561 1102 1640 2333);
1142 1559 1192 1623 ius
1225 1559 1385 1625 Gallio.

61 1645 306 1711 revocationem
323 1646 542 1730 dispositionis
565 1648 783 1714 hereditariae
806 1648 960 1723 admittit,
986 1647 1084 1713 etiam
1109 1652 1269 1732 exparte
1292 1649 1386 1713 here·

63 1736 140 1800 dum
164 1735 344 1812 testatoris,
370 1757 412 1800 ex
436 1736 549 1801 iisdem
566 1737 674 1802 causis
697 1736 835 1802 iniuriae
858 1738 911 1802 vel
935 1736 1044 1803 delicti
1061 1737 1173 1819 gravis
1197 1742 1313 1803 contra
1335 1741 1387 1802 te·

61 1828 222 1890 statorem
245 1824 335 1902 facti,
360 1825 444 1890 sicut
467 1825 585 1891 statuit
607 1826 849 1905 reyocationem
874 1825 1057 1891 donationis
1079 1826 1166 1892 inter
1189 1825 1298 1903 vivos,
1323 1825 1387 1890 nisi

65 1913 147 1978 haec
179 1913 299 1978 delicta
332 1914 457 1978 censeri
488 1914 616 1997 possint
648 1935 667 1979 a
697 1919 858 1981 testatore
893 1914 1094 1980 condonata:
1126 1915 1168 1979 cf.
1193 1918 1256 1981 art.
1291 1916 1386 1994 1046,

66 2004 151 2068 1047
177 2007 212 2068 et
234 2002 429 2067 Carriere
452 2003 473 2070 l.
499 2024 526 2069 o.
551 2025 582 2069 n.
608 2005 682 2068 618.

153 2109 192 2175 R.
217 2112 247 2175 4.
293 2108 340 2175 At
362 2110 476 2195 ubique
499 2109 659 2192 quaedam
682 2108 868 2175 admittitur
890 2111 1084 2195 indignitas,
1114 2108 1146 2172 vi
1171 2107 1262 2173 ouius
1286 2108 1448 2174 etiam844

62 2198 158 2263 heres
174 2197 304 2262 excludi
327 2197 431 2281 possit
451 2199 492 2263 ab
509 2199 596 2263 omni
619 2198 812 2276 hereditate,
835 2197 932 2279 idque
955 2201 1031 2282 post
1053 2202 1193 2263 mortem
1215 2196 1387 2263 testatoris

64 2286 169 2370 possit
191 2286 350 2370 postulari
375 2288 415 2352 ab
439 2286 488 2365 iis,
514 2308 649 2368 quorum
673 2288 811 2353 interest
833 2291 1068 2353 testamentum
1091 2285 1241 2353 rescindi.

154 2385 313 2450 Rationes
335 2384 540 2466 indignitatis
564 2384 713 2450 diversae
736 2407 757 2451 a
780 2384 918 2450 diversis
940 2385 1064 2449 iuribus
1087 2384 1308 2466 assignantur.

155 2482 187 2548 C.
214 2482 317 2548 Gall.
341 2482 498 2566 imprimis
522 2504 581 2565 pro
605 2482 785 2548 rationibus
801 2483 901 2549 habet
916 2481 1174 2548 machinationes
1190 2483 1244 2547 vel
1267 2501 1388 2562 graves

64 2571 247 2637 calumnias
279 2575 395 2637 contra
428 2575 639 2649 testatorem,
675 2573 728 2637 vel
762 2572 876 2637 horum
909 2571 1089 2637 facinorum
1125 2570 1387 2653 cooperationem

63 2660 166 2726 etiam
195 2661 400 2742 negativam3
432 2660 465 2726 C.
497 2660 626 2727 Germ.
651 2661 797 2726 dolosum
828 2661 881 2725 vel
912 2661 1090 2726 violentum
1121 2659 1387 2742 impedimentum

64 2749 222 2832 posuisse,
248 2750 417 2832 quominus
440 2753 582 2815 testator
605 2751 706 2815 libere
730 2753 920 2817 testaretur.
949 2749 1009 2832 (of.
1035 2750 1068 2815 C.
1094 2748 1199 2814 Gall.
1225 2752 1286 2814 art.
1305 2749 1386 2825 7273

63 2839 98 2904 C.
125 2838 253 2905 Germ.
277 2839 294 2919 ᾗ
320 2841 416 2915 2339,
442 2839 554 2921 2345.)

154 2952 208 3017 An
231 2973 422 3028 uuarsrruu
447 2954 485 3015 2⁰¹
508 2952 546 3016 R.
576 2955 602 3017 l.
650 2952 805 3018 Testator
832 2951 961 3033 quidem
994 2950 1107 3015 habuit
1137 2949 1297 3014 rationem
1329 2969 1389 3013 ex-

63 3040 215 3106 cludendi
246 3041 423 3107 Drusillum
454 3041 495 3105 ab
532 3040 732 3116 hereditate;
770 3041 827 3104 sed
861 3039 1065 3104 revocandae
1103 3037 1287 3103 donationis
1321 3036 1388 3101 iam

63 3131 175 3197 factae
199 3129 359 3196 rationem
383 3130 525 3195 fortasse
549 3151 590 3194 ne
613 3129 682 3212 ipse
706 3129 836 3211 quidem
859 3128 981 3194 habuit.

154 3237 193 3302 R.
220 3240 249 3302 2.
296 3236 374 3302 Cum
398 3239 540 3302 testator
563 3234 741 3300 Drusillum
758 3235 870 3299 eiusve
885 3234 1032 3316 legatum
1055 3253 1120 3296 non
1136 3230 1306 3315 expunxit,
1332 3230 1388 3295 alii

63 3326 202 3391 heredes
237 3330 436 3409 potestatem
476 3324 716 3408 impugnandae
760 3322 980 3406 dispositionis
1020 3320 1290 3386 testamentariae
1322 3341 1387 3384 non

64 3415 198 3491 habent,
222 3415 284 3479 nisi
308 3418 437 3479 constet
460 3414 499 3477 de
523 3416 661 3496 legitimo
685 3414 874 3496 indignitate
898 3410 1041 3478 Drusilli.
1073 3410 1162 3487 Quae
1186 3430 1259 3475 oum
1282 3430 1388 3491 neque

63 3504 244 3569 secundum
273 3504 324 3568 ius
348 3502 508 3569 Gallicum
537 3523 643 3583 neque
675 3502 852 3566 secuudum
881 3500 931 3565 ius
955 3500 1106 3566 German.
1131 3499 1183 3563 vel
1214 3498 1265 3563 ius
1299 3519 1388 3563 com·

63 3613 161 3658 mune
186 3593 288 3658 adsit:
319 3593 455 3657 heredes
486 3591 532 3656 illi
562 3592 612 3656 ius
642 3612 706 3655 non
731 3591 853 3655 habent
883 3588 1095 3673 impugnandi
1117 3587 1220 3670 legati
1244 3587 1389 3653 Drusillo

37 3681 182 3760 ‘relicti,
207 3682 312 3746 minus
336 3681 434 3746 etiam
459 3680 699 3764 impugnandae
722 3678 906 3745 donationis
928 3679 994 3744 iam
1016 3678 1136 3746 factae.

340 3923 661 3991 COMMODATUM.
684 3961 729 3971 —
752 3921 1007 3988 PRRIOULUM
1030 3921 1115 3988 REI.

622 4087 731 4153 Casus.
760 4093 836 4161 (261)

154 4237 296 4313 Agricola
317 4237 483 4296 commodat
503 4236 636 4295 Ausonio
658 4236 730 4294 duos
752 4254 842 4311 equos
864 4233 895 4292 in
916 4233 1128 4293 hebdomadam
1150 4233 1186 4290 ad
1208 4231 1389 4306 colligendas

63 4320 167 4394 fruges
189 4337 342 4394 agrorum,
371 4337 444 4393 quas
472 4317 536 4393 ipse
557 4336 573 4374 e
595 4316 656 4374 suis
678 4314 758 4390 agris
784 4315 842 4372 iam
864 4314 1041 4388 collegerat,
1069 4313 1220 4372 Ausonius
1249 4311 1388 4385 colligere

63 4400 194 4459 nondum
215 4398 318 4475 potuit.
340 4430 379 4438 -
408 4397 465 4456 Sed
486 4417 520 4455 eo
542 4401 674 4472 tempore
695 4394 846 4453 Ausonius
870 4393 982 4470 patitur
1002 4393 1118 4467 insigne
1140 4393 1249 4449 furtum
1272 4397 1388 4451 noctur·

63 4499 150 4550 num;
181 4479 258 4554 quod
286 4498 355 4536 mox
383 4478 635 4546 animadvertens,
668 4480 792 4533 conatur
819 4475 901 4533 fures
928 4473 1065 4549 persequi
1094 4470 1256 4530 ascendens
1284 4490 1388 4546 equum

63 4560 296 4619 commodatum:
318 4559 367 4634 qui
388 4558 512 4617 incitato
528 4576 614 4615 cursu
630 4555 740 4614 corruit
761 4560 791 4612 et
812 4553 925 4611 inutilis
940 4553 1079 4611 redditur.
1114 4551 1262 4609 Postridie
1283 4557 1388 4611 exorto

63 4639 201 4700 incendio
223 4639 368 4716 inpage,
397 4644 428 4697 et
448 4637 606 4713 Agricolae
629 4643 657 4694 et
678 4633 803 4693 Ausonii
828 4632 916 4691 aedes
939 4634 1175 4707 conflagrarunt,
1203 4636 1291 4706 atque
1313 4633 1389 4691 alter
