3106 5168
182 293 247 356 432
319 288 359 342 De
378 287 526 342 virtutibus
544 291 572 343 et
589 287 686 343 officiis
704 304 770 357 erga
788 287 918 341 homines.
937 316 973 324 —
991 286 1043 341 011.
1062 287 1135 341 circa
1152 287 1223 340 bona
1240 263 1365 342 externa

421 490 687 557 MANDATUM.
711 529 755 538 -
778 488 1072 555 NEGOTIORUM
1096 487 1261 556 009110.

736 634 845 698 Casus.
874 640 950 706 (264)

270 771 415 831 Avelinus
436 772 608 849 principalis
625 772 742 831 adiutor
754 772 878 843 Braulii,
900 771 957 830 viri
977 771 1162 831 industrialis
1176 777 1206 831 et
1223 772 1363 848 potentis,
1387 772 1505 842 abhoc,

182 872 246 910 cum
269 853 306 910 ad
326 855 416 911 breve
437 860 552 930 tempus
574 872 696 929 peregre
724 852 872 928 proficisci
894 853 1029 922 deberet,
1058 852 1166 928 accipit
1193 852 1335 910 mandata
1363 852 1394 910 iu
1417 853 1504 911 certis

181 935 268 991 rebus
290 932 409 1007 negotia
429 933 639 1008 pertractandi.
681 933 737 991 Sed
760 953 824 991 cum
853 952 891 991 ex
917 932 1070 1007 inopinato
1092 932 1227 991 absentia
1248 931 1361 990 Braulii
1389 932 1506 1007 longior

181 1013 249 1083 fist,
279 1018 438 1072 occurrunt
458 1013 577 1088 negotia
598 1013 791 1087 gravissima,
820 1012 981 1088 dequibus
1002 1012 1146 1071 Avelinus
1174 1012 1285 1070 nullum
1314 1012 1406 1070 habet
1426 1032 1504 1071 man·

181 1093 296 1163 datum,
325 1093 378 1151 sed
399 1113 474 1168 quae
501 1100 623 1168 urgent,
651 1093 709 1150 nisi
736 1093 836 1167 magui
857 1093 974 1151 omnino
995 1092 1070 1152 lucri
1092 1092 1210 1150 occasio
1238 1092 1503 1167 praetermittatur,

180 1193 274 1248 neque
303 1180 402 1231 tamen
431 1176 494 1231 sine
516 1173 647 1249 periculo
669 1173 768 1231 damni
789 1178 866 1232 sunt.
906 1173 1051 1231 Avelinus
1073 1192 1108 1230 ea
1129 1172 1287 1231 tractanda
1307 1173 1437 1231 assumit
1457 1192 1504 1231 no·

181 1253 258 1311 mine
279 1253 392 1311 Braulii
420 1258 508 1328 atque
530 1253 565 1311 de
586 1273 618 1310 re
640 1253 767 1310 feliciter
787 1258 873 1327 gesta
894 1252 1009 1311 laudem
1030 1252 1086 1311 sibi
1107 1253 1214 1310 meruit
1241 1258 1329 1327 atque
1350 1251 1504 1311 liberalem

180 1333 455 1392 remunerationem.
483 1366 517 1373 --
549 1333 649 1402 Alias,
678 1332 767 1391 simili
794 1332 951 1391 occasione
978 1337 1164 1402 recurrente,
1192 1332 1338 1391 Aveliuus
1366 1332 1502 1390 damnum

180 1414 253 1472 fecit
274 1415 353 1472 2000
373 1433 446 1483 mc.;
469 1413 544 1489 quod
567 1413 704 1471 Braulius
725 1413 872 1489 postulat,
895 1419 927 1471 ut
949 1432 987 1470 ex
1007 1412 1103 1471 media
1124 1419 1209 1489 parte
1230 1414 1267 1470 ab
1289 1411 1354 1488 ipso
1376 1413 1503 1472 Avelino

180 1494 301 1553 feratur.

182 1597 409 1666 0991999991ο
435 1598 503 1673 quid
532 1597 571 1656 sit
598 1597 787 1668 mandatum,
815 1597 883 1673 quid
913 1597 1097 1672 negotiorum
1125 1597 1221 1672 gestio
1250 1616 1410 1674 eorumque
1439 1618 1503 1657 con·

435 1678 574 1736 diciones.

378 1769 408 1823 2⁰
434 1766 502 1841 quid
527 1766 599 1824 iuris
626 1766 665 1825 sit
690 1766 720 1824 in
742 1785 814 1825 casu
835 1766 987 1842 proposito
1009 1766 1087 1825 inter
1108 1765 1266 1825 Avelinum
1288 1771 1319 1825 et
1341 1765 1502 1826 Braulium.

774 1948 909 2015 Solutio.

120 2103 171 2156 853
269 2090 322 2156 Ar>
346 2112 537 2168 Qunusrruu
564 2095 599 2156 1¹¹²
632 2091 672 2157 R.
698 2093 725 2157 1.
778 2090 971 2155 Mandatum
1001 2093 1189 2156 contractus
1219 2094 1289 2167 est,
1324 2112 1389 2173 quo
1421 2112 1501 2156 unus

181 2181 277 2246 alteri
306 2182 472 2262 negotium
504 2180 681 2263 gerendum
711 2179 781 2244 sive
810 2179 844 2243 in
873 2179 981 2262 specie
1010 2178 1080 2244 sive
1109 2179 1143 2243 in
1166 2200 1287 2262 genere
1315 2181 1500 2256 committit,

181 2271 266 2334 ulter
288 2270 350 2334 boc
374 2271 541 2352 negotium
562 2270 615 2334 vel
639 2270 719 2334 haec
743 2267 876 2349 negotia
899 2269 1005 2333 alieno
1030 2268 1158 2333 nomine
1181 2268 1326 2350 gerenda
1349 2270 1500 2354 suscipit:

181 2358 266 2439 quod
299 2359 352 2422 vel
385 2359 531 2440 gratuito
562 2359 614 2422 vel
647 2380 705 2441 pro
738 2358 888 2422 mercede
919 2357 990 2422 fieri
1022 2361 1142 2441 potest,
1173 2393 1214 2402 —·
1250 2357 1439 2424 Generatim
1473 2358 1502 2421 id

181 2447 302 2531 scripto
326 2448 550 2525 committitur,
575 2468 637 2529 quo
661 2446 886 2512 mandatarius
908 2447 1005 2511 fidem
1029 2446 1138 2511 facere
1161 2445 1274 2528 possit.

270 2553 308 2618 R.
334 2555 363 2618 2.
406 2553 568 2618 Mandane
591 2556 723 2619 tenetur
745 2556 820 2617 rata
842 2552 972 2628 habere,
999 2573 1082 2633 quae
1105 2550 1331 2617 mandatarius
1355 2552 1389 2617 vi
1414 2573 1501 2617 man-

182 2641 250 2705 dati
275 2641 352 2722 ogit.
378 2680 419 2688 -
443 2641 509 2725 Ipsi
532 2642 747 2719 mandatorio,
775 2642 802 2706 si
826 2663 898 2705 cum
922 2640 1068 2706 mandati
1091 2640 1301 2705 exsecutione
1325 2643 1501 2724 periculum

182 2730 387 2795 coniunctum
411 2735 478 2807 est,
509 2731 667 2795 mandans
698 2752 909 2813 compensare
933 2731 1030 2794 debet
1053 2731 1205 2794 damnum
1229 2729 1315 2794 forte
1341 2736 1499 2796 exortum.

181 2820 297 2884 saltem
322 2820 349 2883 si
374 2821 563 2885 mandatum
582 2825 653 2885 crat
677 2821 873 2902 gratuitum
899 2840 974 2883 nam
998 2819 1025 2883 si
1049 2840 1106 2901 pro
1123 2819 1281 2895 mercede,
1307 2840 1360 2883 res
1385 2821 1499 2903 pendet

181 2908 449 2973 econventione.
497 2909 550 2973 Ius
582 2910 683 2974 Gall.
716 2909 814 2974 etiam
846 2908 878 2972 in
909 2907 969 2972 hoc
1001 2929 1077 2972 casu
1108 2929 1166 2989 per
1189 2929 1225 2972 se
1255 2907 1383 2989 obligat
1413 2931 1500 2973 man·

181 2998 312 3062 dantem
337 2999 377 3063 ad
401 2998 633 3081 praestandam
658 2997 904 3062 indemnitatem
928 2996 983 3075 (cf.
1009 3001 1070 3062 art.
1091 2999 1174 3061 1999
1200 3001 1233 3061 et
1257 2998 1370 3078 2000).

268 3105 307 3170 R.
341 3109 370 3170 3.
419 3104 643 3169 Mandatarius
676 3104 773 3168 debet
805 3125 840 3167 se
874 3104 1040 3167 continere
1071 3103 1160 3167 intra
1192 3103 1311 3168 limites
1344 3104 1497 3170 mandati.

179 3192 268 3268 Quae
291 3193 322 3256 in
348 3194 555 3275 exsequendo
579 3193 734 3257 mandato
759 3193 964 3275 culpabiliter
983 3193 1133 3257 cassavit
1149 3194 1267 3256 damna
1290 3193 1324 3257 in
1347 3195 1499 3259 mandato

179 3303 243 3345 non
260 3287 423 3359 contenta,
448 3284 528 3348 haec
552 3283 621 3364 ipse
645 3282 803 3347 resarcire
820 3282 916 3346 debet
932 3281 1002 3345 sive
1019 3281 1185 3345 mandanti
1210 3280 1280 3345 sive
1295 3282 1379 3348 aliis.
1415 3283 1498 3359 Quae

179 3374 274 3435 extra
289 3372 418 3437 limites
442 3372 587 3436 nrandati
612 3371 691 3452 agit,
716 3392 776 3453 per
798 3393 833 3435 99
857 3370 986 3454 proprio
1012 3370 1081 3451 agit
1105 3370 1233 3434 nomine
1257 3375 1357 3452 atque
1381 3393 1440 3455 pro
1463 3372 1497 3435 iis

179 3481 295 3524 cavere
320 3461 425 3535 debet,
450 3482 514 3524 non
537 3461 707 3535 mandene,
731 3460 792 3524 nisi
816 3460 902 3525 forto
926 3460 995 3523 eius
1019 3460 1221 3523 voluntatem
1245 3460 1497 3544 praesumpserit

179 3553 277 3629 atque
301 3553 436 3631 propter
458 3553 585 3615 mutata
608 3549 763 3614 adiuncta
786 3548 855 3614 iure
879 3569 1086 3631 praesumere
1110 3547 1268 3630 potuerit,
1297 3549 1351 3613 vel
1376 3550 1404 3614 is
1429 3556 1497 3615 acta

179 3644 253 3701 rata
276 3638 404 3703 lrabeat.
445 3638 506 3719 (cf.
523 3639 577 3702 lus
595 3640 721 3702 Germ.
740 3638 756 3719 ἓ
775 3638 864 3719 665.)
902 3638 956 3700 199
974 3638 1076 3702 Gall.
1099 3637 1255 3720 postulat,
1280 3641 1318 3702 ut
1342 3639 1383 3702 ad
1407 3660 1497 3722 prae-

178 3727 395 3808 sumptionem
411 3737 453 3790 99
469 3732 563 3808 parte
586 3727 782 3792 mandatarii
803 3727 939 3792 accedat
963 3726 1148 3792 mandantis
1172 3726 1362 3793 ratihabitio
1385 3730 1496 3793 saltem

179 3816 280 3879 tacita
305 3815 381 3894 (art.
410 3815 518 3895 1998).

268 3922 304 3986 li.
330 3924 360 3985 4.
408 3922 599 3984 Mandatum
629 3943 758 4004 semper
787 3920 935 3983 revocari
966 3927 1075 4003 potest
1106 3942 1147 3984 ex
1178 3925 1273 4003 parte
1303 3923 1495 3988 mandantis

178 4011 356 4074 ri‘muntiari
382 4033 423 4074 cx
447 4016 541 4093 parte
565 4011 776 4086 mandatarii,
808 4010 855 4074 ita
885 4014 1012 4086 tamen,
1045 4015 1081 4073 ut
1111 4032 1174 4074 uon
1199 4019 1349 4074 coisset-ur
1373 4012 1495 4095 aliquod

178 4101 341 4163 denirium.

117 4209 166 4261 991
267 4199 304 4262 R.
330 4202 359 4262 5.
408 4197 621 4277 Negotiorum
646 4196 751 4277 gestio
776 4218 813 4260 oo
839 4197 947 4262 differt
970 4220 989 4261 a
1014 4197 1185 4274 mandato,
1217 4199 1302 4278 quod
1335 4199 1493 4280 negotium

177 4288 318 4350 alienum
348 4287 556 4350 tractandum
589 4309 647 4349 999
674 4289 869 4349 conoessum
897 4290 952 4367 sil,
985 4287 1042 4350 scd
1073 4309 1114 4350 ox
1144 4293 1358 4369 praesumpta
1382 4285 1493 4351 domini

177 4377 346 4440 voluntate
371 4379 583 4461 sriscipiotur:
607 4376 806 4455 quodetiam
827 4376 969 4457 positiva
992 4377 1064 4455 lege
1088 4376 1119 4438 in
1138 4376 1357 4457 compluribus
1374 4377 1494 4440 casibus

176 4465 385 4545 permittitur,
410 4465 567 4546 imprimis
591 4466 631 4527 90
656 4466 836 4529 avertenda
859 4465 974 4547 gravia
999 4465 1116 4528 clanma
1141 4463 1309 4528 adomino
1334 4466 1493 4548 impedito,

177 4558 210 4616 ct
234 4555 274 4616 90
299 4555 506 4618 tractandum
524 4554 700 4634 nogotium,
727 4555 816 4618 cuius
833 4555 997 4621 tructamli
1015 4554 1142 4618 domino
1163 4553 1319 4635 impedito
1344 4553 1492 4619 incumbit

177 4642 342 4719 obligatio
