3106 5168
424 274 633 327 Itobodilr'emue
650 276 723 326 recte
741 271 785 326 vel
804 271 874 326 falso
892 272 1053 343 applicatus.
1379 277 1422 341 35

92 448 215 535 pendet
234 449 276 514 ab
292 448 458 526 Ecclesia3
482 448 564 514 haec
586 451 697 514 autem
720 447 864 525 indulsit,
889 451 927 512 ut
948 448 1117 527 terminus,
1142 469 1241 532 aquo
1264 448 1424 533 inciperet

93 538 249 605 ieiunium
273 539 441 615 naturale,
466 540 555 603 esset
577 537 685 602 media
708 558 774 602 nox
797 536 867 602 sive
890 557 986 614 vera,
1015 538 1086 604 sive
1108 537 1269 620 horologii
1292 539 1422 622 publici.

93 628 232 711 Insuper
247 627 398 692 Leander
420 626 454 692 in
476 627 539 692 hac
561 631 675 693 nostra
698 625 922 710 suppositione
946 628 1211 694 circumstantias
1235 649 1300 692 non
1322 628 1424 694 libere

94 715 235 794 induxit,
260 716 319 782 sed
341 737 459 800 passus
482 721 543 783 est.

185 831 225 898 R.
251 833 281 898 5.
328 831 366 896 In
396 835 488 897 tertio
518 851 597 896 casu
620 829 768 895 Leander
796 829 906 915 potuit
934 829 1100 896 Bruxellis
1131 831 1317 909 comedere,
1348 830 1425 913 quia
1434 842 1469 895 68

96 920 201 987 utitur
223 920 295 986 iure
317 923 353 985 et
374 919 547 1004 privilegio
571 919 650 997 loci3
675 918 883 984 nihilominus
906 918 1014 1003 potuit
1036 919 1186 1002 sequenti
1205 919 1257 985 die
1273 919 1425 986 Coloniae

96 1009 275 1077 celebrare.
320 1009 479 1075 Ieiunium
503 1030 568 1074 non
591 1008 704 1085 laesit3
735 1008 903 1086 laesisset,
935 1007 961 1072 si
992 1011 1063 1074 tum
1092 1010 1249 1092 temporis
1272 1009 1425 1074 Coloniae

96 1099 236 1176 edisset;
261 1118 375 1163 verum
399 1098 573 1175 Bruxellis‚
598 1118 663 1162 non
686 1097 839 1163 Coloniae
863 1097 1012 1164 comedit.
1038 1135 1082 1145 -—
1105 1097 1218 1164 Potuit
1240 1097 1340 1163 etiam
1365 1099 1425 1164 Co·

97 1188 204 1254 loniae
229 1188 418 1266 comedere,
451 1188 581 1269 quando
613 1186 658 1252 ibi
689 1192 819 1270 tempus
851 1185 1016 1270 publicum
1039 1190 1113 1252 erat
1143 1187 1225 1252 hora
1253 1187 1358 1267 12¹l4,
1392 1191 1426 1252 et

99 1277 307 1343 nihilominus
329 1280 446 1361 postea
465 1277 640 1354 celebrare,
664 1275 760 1358 idque
784 1275 854 1341 sive
874 1275 1027 1341 Coloniae
1050 1275 1121 1342 sive
1142 1275 1325 1353 Bruxellis;
1350 1276 1426 1358 quia

98 1366 159 1432 hoc
182 1366 268 1431 idem
291 1370 422 1450 tempus
445 1365 621 1431 secundum
639 1369 769 1449 tempus
785 1385 899 1430 verum
916 1364 983 1445 (vel
1006 1366 1182 1431 secundum
1204 1370 1335 1449 tempus
1358 1385 1426 1430 me·

99 1455 187 1520 dium
220 1455 339 1536 locale)
370 1476 434 1520 non
464 1458 538 1521 erat
567 1454 629 1519 nisi
656 1450 758 1534 ll³l43
789 1453 880 1535 atqui
903 1454 1053 1519 Leander
1079 1475 1144 1520 non
1173 1455 1348 1520 tenebatur
1376 1454 1426 1521 uti

99 1550 248 1629 tempore
277 1543 423 1629 publico,
455 1545 513 1609 sed
542 1543 651 1628 potuit
680 1544 728 1609 uti
758 1546 905 1626 tempore
929 1564 1007 1608 vero
1031 1544 1085 1608 vel
1114 1543 1219 1609 medio
1250 1543 1426 1609 secundum

99 1633 315 1699 meridianum
345 1633 417 1700 loci.
446 1671 490 1681 -
519 1632 677 1699 Attamen
707 1630 899 1713 hora12⁸l4
929 1653 995 1697 non
1023 1631 1132 1717 potuit
1161 1632 1301 1716 amplius
1331 1633 1427 1698 edere

100 1727 133 1788 et
156 1726 275 1807 postea
293 1722 458 1788 Bruxellis
481 1722 657 1787 celebrare.
696 1721 808 1788 Laesit
832 1721 915 1786 eninr
940 1721 1010 1787 sine
1034 1722 1130 1788 dubio
1153 1721 1307 1788 ieiunium
1330 1725 1428 1788 uatu-

100 1812 179 1890 rale,
205 1811 281 1894 quia
297 1833 361 1877 non
377 1812 481 1877 solum
498 1810 675 1876 secundum
694 1814 824 1894 tempus
847 1810 1021 1894 publicum,
1045 1811 1103 1876 sed
1127 1811 1227 1877 etiam
1250 1812 1428 1877 secundum

100 1904 231 1985 tempus
254 1922 368 1966 verum
392 1899 499 1966 media
522 1922 588 1966 nox
612 1900 726 1984 elapsa
748 1905 830 1966 erat.
877 1899 993 1983 Neque
1016 1901 1128 1966 obstat
1150 1901 1334 1979 Bruxellis,
1365 1922 1428 1982 quo

100 1990 220 2057 statuit
239 1990 414 2067 celebrare,
439 1988 545 2056 adhuc
569 2010 641 2054 esse
665 1993 794 2072 tempus
817 1989 859 2054 ad
883 1989 1115 2055 comedendum
1131 1993 1261 2074 aptum;
1286 2011 1360 2055 narn
1385 1989 1428 2055 ibi

101 2100 165 2144 non
182 2078 333 2157 comedit,
358 2098 463 2161 neque
479 2078 631 2144 Coloniae
646 2083 756 2161 potest
780 2077 827 2144 uti
850 2077 1021 2162 privilegio
1045 2100 1103 2144 seu
1126 2078 1339 2162 indulgentia,
1365 2100 1431 2162 qua

101 2167 149 2234 uti
173 2171 287 2253 posset
309 2167 484 2246 Bruxellis,
509 2167 537 2232 si
560 2166 726 2234 Bruxellis
749 2172 847 2233 esset.

191 2284 231 2352 R.
250 2286 280 2349 6.
319 2283 356 2348 ln
373 2292 487 2369 quarto
507 2303 584 2348 casu
600 2282 721 2349 iniuste
737 2282 815 2365 egit.
855 2283 947 2361 Esto,
971 2282 1139 2366 probabile
1154 2303 1226 2349 esse
1245 2287 1430 2365 utrumque,
1439 2289 1473 2344 69

102 2378 172 2439 tum
202 2376 437 2439 testamentum
468 2371 608 2437 informe
637 2392 710 2437 esse
738 2371 898 2446 validum,
929 2375 999 2438 tum
1028 2371 1108 2437 illud
1138 2392 1211 2438 esse
1240 2372 1429 2450 invalidum,

102 2466 203 2545 atque
226 2465 403 2546 propterea
419 2460 559 2543 aliquem
583 2462 678 2526 modo
702 2481 810 2538 unam,
835 2460 930 2525 modo
954 2461 1093 2527 alteram
1109 2461 1292 2545 opinionem
1310 2461 1431 2544 eligere

102 2572 216 2636 posse:
244 2555 357 2617 tamen
380 2572 479 2616 unum
502 2551 652 2632 idemque
675 2554 911 2616 testamentum
935 2570 971 2614 re
993 2550 1067 2633 ipsa
1089 2551 1232 2617 validum
1257 2556 1291 2617 et
1312 2550 1430 2616 invali-

103 2641 181 2706 dum
204 2660 278 2706 esee
300 2635 499 2725 impossibile
523 2642 583 2705 est.
630 2638 736 2715 Quare
760 2643 948 2705 alterutrum
970 2647 1094 2705 matum
1122 2640 1156 2705 in
1180 2641 1324 2722 quolibet
1352 2661 1431 2706 casu

102 2729 180 2813 eligi
203 2733 324 2814 potest.
360 2728 480 2806 Quodsi
503 2728 604 2812 igitur
618 2728 768 2793 Leander
791 2728 893 2810 eligat
917 2728 1100 2813 opinionem
1122 2728 1185 2794 sibi
1207 2729 1375 2797 faventem
1391 2728 1431 2794 de

103 2818 181 2886 talis
211 2818 402 2886 testamenti
432 2818 561 2895 valore,
592 2838 656 2882 non
687 2821 798 2901 potest
827 2818 922 2882 simul
954 2822 1107 2884 excutere
1138 2839 1219 2884 onus
1243 2818 1431 2884 adiunctum

102 2907 254 2974 solvendi
276 2908 433 2991 legatum.
480 2907 532 2972 Ad
555 2906 639 2972 hanc
662 2906 747 2971 enim
771 2906 963 2973 hereditatis
986 2912 1113 2991 partem
1144 2907 1205 2973 sibi
1228 2907 1432 2973 retinendam

102 3000 228 3064 nudum
252 3000 369 3062 iustum
392 2998 519 3061 titulum
541 2995 657 3061 habet:
681 3017 746 3060 non
762 3000 1007 3075 testamentum,
1031 2997 1106 3079 quia
1130 2997 1192 3062 hoc
1208 3018 1280 3062 eam
1304 3001 1431 3081 partem

103 3086 201 3152 alteri
226 3085 356 3161 tribuit;
381 3107 445 3151 non
460 3086 568 3167 legale
587 3085 637 3150 ius
653 3085 896 3162 hereditarium,
921 3085 1007 3167 quia,
1031 3089 1068 3151 ut
1083 3087 1285 3170 supponitur,
1310 3107 1352 3151 ex
1371 3086 1432 3150 hoc

103 3175 202 3243 titulo
227 3175 376 3240 Leandro
401 3175 452 3239 vel
477 3173 556 3239 nihil
580 3176 633 3239 vel
657 3174 774 3240 saltem
804 3175 910 3239 minus
934 3175 1086 3252 debetur,
1117 3175 1173 3240 ille
1203 3180 1313 3241 autem
1344 3175 1432 3240 solus

102 3270 155 3331 est
178 3264 306 3342 titulus,
331 3263 360 3329 si
382 3267 616 3330 testamentum
641 3267 790 3329 sumatur
812 3285 872 3348 pro
894 3263 1039 3330 invalido
1056 3270 1156 3347 atque
1178 3287 1217 3330 ec
1233 3287 1266 3330 eo
1281 3264 1432 3329 Leandro

103 3354 183 3420 nihil
209 3374 327 3438 capere
350 3353 458 3420 liceat.

224 3594 541 3662 PROBABILITAS
566 3595 707 3661 RECTE
731 3596 794 3662 AN
818 3596 954 3663 FALSO
979 3597 1221 3664 APPLICATA
1246 3598 1315 3683 (ll).

672 3777 783 3844 Casus.
812 3786 869 3853 (19)

196 3930 347 3990 Lucienus
368 3929 517 4001 sacerdos,
542 3929 784 3988 distractionibus
806 3931 952 3989 obnoxius
973 3931 1159 3990 confessione
1181 3932 1282 3991 andita
1302 3933 1435 4007 graviter

103 4012 233 4082 dubitat,
255 4029 325 4069 num
346 4011 545 4086 paenitentem
567 4010 743 4081 absolverit3
766 4011 902 4069 similiter
922 4011 953 4069 in
968 4012 1065 4070 officio
1081 4011 1180 4070 divino
1201 4013 1353 4071 recitando
1369 4033 1434 4073 cum

104 4091 295 4172 pervenisset
319 4090 463 4150 adfinem
484 4090 602 4161 Nonae,
631 4090 764 4165 graviter
785 4091 914 4162 dubitat,
944 4111 1013 4150 num
1034 4092 1154 4151 Sextam
1183 4094 1369 4164 recitaverit,
1398 4095 1434 4153 de

104 4193 165 4250 qua
186 4171 313 4231 recitata
333 4190 371 4229 ne
392 4171 505 4231 verbuli
526 4171 643 4246 quidem
664 4172 845 4230 recordatur.
886 4172 922 4229 ln
943 4178 1066 4247 utroque
1088 4192 1159 4231 casu
1184 4192 1221 4231 ex
1243 4173 1435 4233 communiter

105 4251 351 4328 contingentibus
378 4256 408 4310 et
432 4271 470 4310 ex
491 4251 729 4328 praesumptione
751 4252 901 4311 concludit
922 4253 958 4311 ad
980 4253 1112 4312 valorem
1133 4258 1218 4312 actus
1240 4273 1334 4329 neque
1355 4253 1435 4328 quid·

104 4354 195 4412 qnam
217 4331 334 4409 repetit.

105 4456 286 4528 Qusnmrun
308 4459 338 4514 1⁰
363 4473 438 4530 quae
459 4454 500 4513 sit
519 4453 567 4594 vig
587 4453 779 4514 concludendi
801 4474 838 4514 ex
859 4454 1098 4532 praesumptione
1126 4460 1156 4515 et
1185 4476 1221 4515 ex
1244 4453 1436 4516 communiter

363 4535 546 4610 contingenti
568 4555 612 4594 ns.

309 4635 339 4692 2⁰
364 4638 484 4692 rectene
506 4633 601 4708 egerit
621 4632 779 4693 Lucienus.

1187 4729 1203 4782 3
1210 4729 1222 4758 *
