3106 5168
301 292 425 348 Virtutes
444 310 505 347 cum
526 292 616 346 debito
634 292 717 360 legali
736 297 804 346 etc:
823 294 965 361 Advocato,
985 311 1031 346 reo
1050 294 1116 362 quid
1134 294 1218 346 liceat.
1357 296 1420 359 255

691 493 827 560 Salutio.

185 645 238 709 Au
262 664 453 720 cuasarum
480 648 515 708 1¹²²
546 643 584 710 R.
612 647 640 709 1.
687 645 765 709 Cum
790 644 971 711 advocatus
1001 664 1074 709 cum
1104 663 1160 708 reo
1184 643 1421 725 quodammodo
1432 653 1484 708 500

96 753 392 889 Εὲἓὲιοέἓὲῗῗυέιθῐὲ
416 733 612 810 constituat,
643 733 676 797 in
700 755 736 798 re
760 732 919 799 criminali
942 734 1012 799 fere
1036 733 1122 798 idem
1152 732 1181 796 ei
1211 732 1305 808 licet,
1336 731 1421 812 quod

185 928 224 994 R.
250 930 280 996 2.
327 928 405 993 Cum
429 926 530 1009 igitur
552 948 627 993 reus
657 928 699 993 ad
729 948 867 1012 poenam
895 950 958 993 non
982 932 1135 995 teneatur
1158 927 1218 991 nisi
1243 926 1421 1002 convictus,

96 1017 266 1083 convictus
282 1020 392 1083 eutem
416 1017 550 1094 nonsit,
576 1017 730 1099 quamdiu
753 1017 898 1084 rationes
917 1022 1033 1083 contra
1056 1038 1091 1082 se
1115 1016 1294 1082 militantes
1317 1016 1422 1099 possit

95 1107 293 1190 infringere:
324 1107 424 1172 etiam
455 1106 616 1173 advocato
646 1105 757 1172 licebit
787 1127 899 1172 omnes
923 1106 1071 1172 deiectus
1100 1106 1271 1189 detegere,
1303 1105 1358 1187 qui
1388 1104 1421 1169 in

95 1196 304 1263 accusatione
328 1199 427 1276 etque
450 1195 646 1262 testimoniis
670 1200 785 1261 contra
808 1195 959 1262 clientem
975 1217 1069 1260 suum
1086 1194 1296 1272 occurrerint,
1321 1199 1421 1274 atque

95 1285 297 1369 probationis
320 1285 397 1362 vinr,
423 1289 579 1366 quantum
603 1284 674 1350 fieri
695 1285 810 1368 possit,
836 1306 1003 1351 enervare.

185 1390 223 1456 R.
249 1393 278 1455 3.
326 1389 544 1455 Nihilominus
568 1389 737 1456 fraudibus
760 1395 795 1457 et
818 1390 994 1456 mendaciis
1025 1389 1073 1456 uti
1104 1411 1145 1454 ne
1168 1389 1202 1454 in
1225 1389 1421 1472 gravissima

95 1479 225 1561 quidem
258 1498 358 1545 causa
389 1478 482 1556 licet;
516 1480 613 1544 immo
645 1479 673 1544 si
705 1485 826 1562 agatur
857 1480 897 1546 de
929 1501 986 1545 reo
1019 1479 1244 1545 communitati
1276 1477 1422 1560 graviter

94 1569 211 1646 noxio,
242 1568 312 1633 eius
336 1567 556 1634 defensionem
586 1589 748 1634 summum
771 1568 819 1635 ita
842 1568 1008 1653 suscipere
1032 1572 1066 1634 et
1089 1589 1204 1650 gerere
1227 1572 1352 1652 potest,
1385 1570 1420 1632 ut

95 1679 201 1742 poena
224 1657 410 1741 mitigetur,
441 1679 505 1722 non
535 1662 573 1723 ut
601 1659 696 1741 plene
726 1657 809 1723 liber
838 1658 985 1726 redditus
1016 1678 1102 1723 nova
1126 1657 1244 1722 damna
1269 1656 1419 1723 societat'

94 1747 217 1812 inferre
240 1747 353 1830 possit.

184 1871 237 1936 Au
253 1891 444 1947 uunasrruu
462 1873 500 1934 2³²
516 1871 554 1935 R.
575 1872 602 1936 1.
639 1870 734 1936 Certe
758 1870 908 1954 peccavit
923 1871 1010 1936 Zeno
1034 1870 1221 1936 mendaciis.
1262 1870 1295 1935 Si
1311 1875 1480 1943 autem501

96 1960 265 2026 mendacia
293 1963 327 2026 et
359 1960 491 2025 fraudes
521 1980 585 2024 non
619 1965 733 2026 contra
764 1961 898 2026 tertium
929 1961 1071 2042 aliquem
1104 1959 1266 2025 insontem
1297 1960 1421 2025 directa

95 2056 181 2123 sunt,
207 2070 266 2134 per
288 2070 324 2114 se
347 2050 513 2134 pertinent
537 2050 578 2115 ad
601 2069 705 2131 genus
727 2049 968 2114 mendaciorum
994 2048 1211 2114 officiosorum
1234 2070 1340 2130 neque
1364 2070 1421 2114 ve·

95 2140 196 2206 nialia
219 2142 357 2223 peccata
380 2139 552 2204 excedunt.
600 2138 676 2203 Dixi
694 2161 757 2223 per
780 2161 829 2205 aa:
857 2137 933 2219 quia
956 2139 1132 2219 aliquando
1156 2138 1308 2203 damnum
1333 2159 1420 2203 com·

95 2250 191 2294 mune
215 2229 330 2294 adesse
353 2232 473 2310 potest,
498 2229 538 2292 de
561 2248 624 2309 quo
647 2249 725 2292 mox
748 2229 781 2293 in
804 2228 954 2310 sequenti
978 2247 1144 2312 responso.

185 2333 222 2399 R.
253 2335 282 2398 2.
330 2333 428 2398 Sumo
460 2333 560 2415 igitur
593 2354 683 2398 reum
716 2354 780 2398 non
813 2354 885 2399 esse
918 2336 1140 2416 grassatorem
1174 2334 1226 2399 vel
1258 2334 1419 2400 latronem

96 2442 233 2505 eumque
248 2421 509 2503 incorrigibilem,
530 2443 572 2486 ex
588 2422 679 2486 cuius
695 2422 887 2489 liberatione
903 2423 1081 2506 periculum
1100 2443 1268 2488 commune
1283 2421 1419 2487 oriatur.

95 2512 180 2578 Nam
198 2511 226 2576 si
248 2511 326 2578 talis
342 2515 439 2587 esset,
465 2511 633 2576 mendacia
655 2512 771 2578 fierent
794 2512 960 2590 damnosa,
985 2532 1089 2594 neque
1108 2517 1283 2593 utcumque
1306 2512 1421 2577 liceret

94 2601 258 2667 hominem
286 2600 385 2665 istum
417 2600 595 2666 efficaciter
623 2600 813 2671 defendere,
844 2601 906 2666 nisi
929 2601 1014 2667 serio
1038 2601 1245 2685 promitteret
1268 2601 1420 2665 emenda-

95 2691 216 2758 tionem
233 2693 267 2756 et
282 2709 373 2773 spem
390 2690 578 2756 ostenderet
594 2689 830 2755 emendationis
846 2711 881 2755 re
898 2712 977 2756 vera
993 2695 1175 2757 secuturae.
1201 2690 1248 2757 uf.
1262 2691 1420 2755 Ballen-

96 2780 218 2845 Palm.
243 2784 285 2845 tr.
311 2782 341 2855 9,
366 2799 392 2844 c.
419 2781 449 2855 3,
475 2800 505 2861 p.
531 2781 581 2844 73.

184 2885 222 2950 R.
248 2887 277 2951 3.
325 2884 359 2949 Si
381 2885 486 2949 solum
510 2885 661 2949 damnum
692 2885 857 2969 privatum
880 2885 1024 2952 familiae
1048 2887 1117 2950 eius
1141 2884 1196 2967 qui
1219 2885 1345 2950 occisus
1369 2889 1419 2950 est

95 2975 126 3037 in
151 2973 374 3056 quaestionem
399 2974 506 3050 venit,
535 2974 595 3039 hoc
618 2975 659 3039 ab
683 2975 844 3041 advocato
869 2974 923 3056 qui
947 2995 1036 3038 reum
1061 2975 1239 3041 efficaciter
1263 2973 1417 3048 defendit,

95 3085 158 3128 non
190 3068 342 3129 censetur
372 3063 498 3128 causari
524 3065 581 3127 sed
611 3064 771 3146 permitti,
803 3064 856 3128 vel
880 3069 1031 3129 censetur
1055 3064 1124 3128 eius
1147 3067 1267 3129 occasio
1289 3069 1417 3128 tantum

95 3152 180 3235 poni,
206 3173 278 3216 cum
300 3151 445 3216 defensio
462 3151 585 3217 directe
600 3152 717 3218 tendat
731 3152 764 3217 in
781 3152 908 3218 clientis
923 3153 1021 3234 longe
1037 3155 1141 3217 maius
1156 3153 1275 3217 bonum
1292 3151 1418 3216 altioris

95 3240 227 3307 ordinis.
274 3241 430 3307 Attamen
461 3242 641 3307 advocatus
665 3242 804 3308 debebat
828 3262 958 3307 monere
982 3242 1035 3306 vel
1059 3242 1158 3307 etiam
1183 3241 1278 3304 minis
1301 3262 1418 3322 urgere

95 3331 247 3396 clientem
271 3351 374 3405 suum,
399 3335 435 3396 ut
456 3330 556 3396 etiam
580 3335 654 3414 post
670 3335 855 3396 secuturam
873 3330 1068 3397 sententiam
1087 3329 1318 3396 absolutorium
1334 3336 1418 3397 tem·

95 3419 221 3504 poralia
245 3420 365 3484 damna
387 3420 531 3485 familiae
554 3420 648 3487 illata
671 3421 857 3486 resarciret.

183 3517 304 3594 Quodsi
341 3517 503 3582 hominem
542 3517 739 3602 reipublicae
777 3518 993 3602 perniciosum
1029 3517 1209 3582 advocatus
1243 3517 1419 3582 orenduciis

95 3609 276 3683 liberasset,
300 3612 380 3690 puto
403 3607 599 3672 advocatum
623 3607 721 3673 etiam
746 3608 852 3691 egisse
877 3611 992 3672 irrriuato
1008 3627 1087 3689 erga
1110 3605 1267 3671 familiam
1283 3606 1416 3685 laesam,

95 3697 121 3761 si
145 3695 353 3781 praevideret
376 3695 456 3773 fore,
482 3700 517 3762 ut
534 3696 634 3762 cliens
651 3717 691 3761 ne
707 3697 763 3761 illa
779 3696 906 3778 quidem
925 3696 1043 3762 damna
1058 3700 1246 3778 repara1·et;
1271 3716 1309 3760 ac
1325 3696 1416 3778 proin

97 3785 195 3853 etiam
219 3785 416 3851 advocatum
440 3786 631 3851 secundarie
655 3785 854 3852 restitutioni
878 3807 950 3851 esse
974 3785 1158 3850 obnoxium.

497 4026 610 4092 uleus
634 4025 802 4092 cainan*
826 4025 1016 4092 NEGANS.

650 4192 759 4259 Casus.
789 4201 864 4268 (146)

183 4343 314 4413 Maurus,
337 4341 524 4416 coniugicidii
546 4347 712 4414 accusatus,
734 4341 851 4400 indiciis
873 4342 945 4400 adeo
966 4342 1066 4400 multis
1088 4347 1117 4400 et
1138 4342 1278 4416 gravibus
1298 4340 1414 4398 convin-

96 4423 186 4493 citur,
216 4427 249 4480 ut
275 4421 363 4480 iurati
385 4441 442 4480 uno
465 4441 514 4480 ore
537 4442 601 4480 eum
623 4442 703 4480 reum
726 4442 792 4482 esse
813 4422 1006 4499 pronuntiant
1033 4422 1201 4497 iudicesque
1224 4420 1330 4496 capitis
1352 4441 1416 4478 sen·

95 4504 216 4563 tentiam
231 4503 344 4561 ferant:
366 4503 430 4578 ipsa
447 4502 636 4561 nihilominus
651 4503 681 4560 in
696 4502 847 4561 infitiando
863 4503 996 4578 persistit
1012 4508 1099 4577 atque
1121 4503 1231 4560 iudices
1253 4501 1415 4559 iniustitiae

94 4585 226 4653 incusat,
256 4602 320 4642 cum
344 4603 403 4641 non
425 4582 516 4641 semel
538 4584 648 4641 lactum
670 4583 724 4651 sit,
753 4589 787 4640 ut
814 4591 917 4642 contra
945 4584 1130 4640 innocentem
1158 4581 1334 4656 gravissima
1362 4582 1414 4640 sed

95 4664 170 4725 falsa
191 4664 301 4723 indicia
317 4663 487 4722 exstiterint
508 4671 596 4738 atque
617 4663 758 4722 innocens
780 4683 903 4739 poenam
919 4663 1066 4721 sustinere
1081 4668 1202 4721 coactus
1216 4661 1269 4720 sit:
1293 4662 1414 4720 duorum
