3106 5168
476 297 582 368 Regula
600 305 701 352 remoto
719 315 768 352 seu
786 299 845 351 lca:
863 296 1036 368 dispensatio.
1377 300 1420 364 59

91 473 247 556 aliquam,
272 472 459 558 quaeipsis
481 472 658 557 probabilis
681 477 716 539 et
738 472 825 539 iusta
848 478 996 557 apparet,
1022 474 1172 551 afferunt,
1198 473 1310 538 curin
1333 473 1420 550 Qua·

91 563 280 647 dragesima
308 567 440 629 tantum
469 562 519 627 bia
548 563 602 628 vel
632 565 684 628 ter
715 561 749 627 in
781 562 985 627 hebdomada
1014 561 1174 636 ieiunant3
1206 582 1247 626 ne
1276 562 1363 628 forte
1392 562 1421 627 si

90 652 172 738 ipsis
188 652 328 734 denique
344 651 580 729 contradicant,
604 651 656 716 vel
676 671 852 734 numquam
871 650 1025 731 ieiunant,
1050 651 1103 715 vel
1126 651 1167 717 ob
1188 651 1420 718 conscientiam

91 741 236 898 gfpiaviust
244 745 392 825 peccent,
418 740 472 823 qui
495 740 638 823 alioquin
662 740 732 805 siue
756 740 842 805 omni
866 741 962 824 culpa
984 740 1037 805 vel
1062 740 1181 806 saltem
1200 740 1270 806 sine
1288 741 1420 807 mortali

142 851 218 896 saon
238 833 265 896 .“

183 945 222 1011 R.
248 947 278 1013 2.
325 944 361 1010 ln
386 945 522 1010 secondo
552 964 630 1009 casu
654 943 854 1027 dispensatio
885 943 1017 1021 corruit,
1049 943 1077 1009 ai
1107 943 1236 1009 Laelius
1259 943 1357 1028 plane
1387 948 1482 1010 etna

91 1055 136 1100 ex
167 1033 298 1118 integro
332 1033 554 1099 convaluerat.
602 1032 761 1108 Quamdiu
794 1053 873 1097 vero
906 1053 1006 1099 causa
1037 1032 1306 1117 dispensationis,
1341 1033 1361 1099 i.
1392 1053 1421 1099 e.

91 1124 227 1189 morbus
248 1123 301 1188 vel
323 1123 497 1189 infirmitas
521 1142 563 1187 ax
586 1122 699 1187 morbo
723 1125 902 1198 contracta,
926 1143 991 1187 non
1014 1121 1163 1188 totaliter
1186 1121 1339 1199 cessavit,
1363 1120 1421 1186 sed

92 1234 137 1279 ex
159 1217 256 1297 parte
279 1211 447 1288 remansit,
473 1211 673 1296 dispensatio
696 1211 886 1278 sustinetur.

184 1325 223 1392 R.
247 1328 277 1393 3.
316 1326 353 1391 In
378 1329 468 1394 tertio
489 1347 577 1403 casu,
602 1346 673 1390 oum
692 1345 791 1390 causa
808 1324 932 1392 motiva
947 1323 1097 1391 totaliter
1113 1323 1302 1401 cessaverit,
1327 1329 1421 1391 ante-

93 1436 192 1498 quam
210 1415 452 1481 commissarius
468 1412 714 1496 (confessarius)
732 1414 1008 1499 dispensationem
1024 1412 1135 1479 Laelio
1158 1412 1344 1498 impertitus
1367 1414 1420 1493 sit,

93 1503 288 1570 confessarii
303 1504 445 1570 facultas
468 1524 506 1569 eo
530 1504 601 1588 ipso
625 1503 775 1579 evanuit;
800 1524 902 1586 quare
921 1502 1121 1587 dispensatio
1145 1506 1215 1568 tum
1238 1502 1420 1582 affinitatis,

93 1598 166 1660 turn
178 1594 249 1660 voti
261 1592 425 1660 castitatis
442 1597 515 1659 erat
528 1592 683 1671 invalida,
702 1596 801 1674 atque
813 1592 1056 1658 matrimonium
1071 1592 1271 1674 subsequens
1287 1592 1421 1662 nullum.

93 1681 217 1760 Quodsi
241 1688 317 1766 post
340 1681 613 1766 dispensationem
638 1702 711 1747 cum
735 1682 846 1747 Laelio
870 1680 1140 1747 communicatam
1165 1681 1274 1766 proles
1292 1685 1423 1747 mortua

93 1776 194 1849 essct,
220 1771 420 1856 dispensatio
444 1771 485 1836 ab
509 1770 671 1837 affinitate
695 1770 846 1836 effectum
865 1792 958 1836 suum
977 1770 1155 1847 habuisset,
1180 1770 1340 1852 siquidem
1362 1770 1423 1836 im·

94 1861 318 1944 pedinrentum
343 1859 515 1927 affinitatis
539 1864 629 1925 esset
651 1861 807 1937 ablatum,
832 1881 937 1942 neque
960 1861 1162 1941 subsequens
1181 1859 1422 1925 matrimonium

92 1949 287 2016 invalidum.
328 1949 538 2032 Dispensatio
562 1971 582 2015 a
606 1953 683 2014 voto
708 1949 883 2028 eastitatis,
908 1969 981 2014 curn
1005 1949 1084 2014 data
1107 1949 1151 2015 ait
1174 1969 1239 2013 non
1263 1949 1421 2026 absolute,

93 2038 153 2105 sed
176 2042 307 2104 tantum
330 2039 372 2103 ad
395 2037 457 2103 hoc
487 2043 524 2104 ut
553 2059 612 2122 per
633 2037 876 2104 matrimonium
899 2059 973 2103 cum
997 2037 1093 2104 Anna
1114 2037 1291 2103 ineundum
1314 2039 1423 2122 proles

93 2128 347 2210 legitimaretur,
372 2131 522 2193 cessante
541 2129 605 2192 fine
624 2127 777 2205 cessavit,
799 2148 905 2210 neque
921 2130 1010 2194 licuit
1026 2126 1165 2210 amplius
1181 2127 1424 2193 matrimonium

92 2217 175 2282 illud
198 2216 292 2295 inire,
316 2217 371 2282 sed
397 2217 520 2282 revixit
543 2215 707 2282 castitatis
731 2221 853 2283 votum.
901 2216 948 2282 Of.
976 2217 1034 2282 Th.
1059 2239 1099 2281 m.
1123 2216 1149 2294 I,
1173 2218 1246 2282 173.

121 2441 486 2510 DISPENSATIONIS
510 2442 566 2507 ET
591 2441 887 2509 DISPENSANDI
909 2442 1178 2510 FACULTATIS
1201 2442 1396 2509 AMBITUS

649 2549 705 2615 ΕΤ
730 2549 871 2618 LIMES.

663 2714 774 2781 (lasus.
801 2723 859 2792 (33)

186 2863 318 2923 Licinius
339 2863 545 2922 missionarius
568 2869 725 2940 acceperat
745 2870 876 2941 tempore
898 2865 1070 2924 missionum
1084 2866 1257 2925 facultatem
1276 2885 1341 2924 oum
1356 2866 1424 2924 fide·

95 2944 175 3004 libus
200 2963 255 3015 ,ex
277 2962 368 3003 causa
390 2943 579 3019 dispensandi
602 2944 633 3002 in
654 2945 720 3020 lege
740 2944 855 3014 ieiunii,
877 2946 1004 3004 maxime
1026 2946 1317 3021 quadragesimalis“.
1360 2945 1424 3004 Dis·

94 3030 205 3101 pensat
226 3043 291 3082 oum
312 3024 418 3083 incolis
439 3024 496 3083 loci
519 3030 549 3082 et
570 3044 636 3082 cum
657 3025 822 3101 peregrinis
843 3025 929 3101 idque
951 3027 1040 3085 etiam
1060 3046 1114 3102 pro
1135 3032 1281 3103 ternpore,
1303 3045 1360 3101 quo
1381 3026 1424 3084 illi

95 3105 167 3164 alibi
188 3108 356 3174 versantur,
378 3110 440 3163 tum
455 3124 474 3162 a
491 3104 611 3176 ieiunio,
633 3111 696 3164 tum
716 3108 754 3165 ab
775 3106 957 3165 abstinentia
978 3107 1122 3165 carnium:
1145 3107 1233 3165 immo
1248 3105 1350 3173 Iulius,
1371 3125 1425 3182 per

95 3185 194 3262 ipsum
216 3204 234 3243 a
255 3184 362 3244 ieiunio
382 3184 580 3260 dispensatus,
603 3205 638 3244 eo
660 3185 724 3262 ipso
746 3206 778 3245 sa
799 3187 956 3245 immunem
978 3187 1130 3245 existimat
1151 3207 1169 3245 a
1189 3187 1255 3261 loge
1276 3186 1423 3244 abstinen-

94 3265 173 3336 tiae,
196 3265 285 3323 otiam
306 3264 370 3341 ipse
391 3263 524 3324 Licinius
545 3264 574 3322 in
596 3264 702 3324 itinere
724 3266 759 3324 ad
782 3265 951 3325 missionem
973 3267 1095 3326 alterius
1113 3266 1257 3326 dioecesis
1272 3266 1426 3343 dispensat

96 3365 163 3404 oum
186 3345 267 3404 socio
290 3349 320 3403 et
340 3364 441 3404 secum
462 3345 534 3421 ipso.

95 3459 276 3530 Quasnrrua
299 3461 327 3518 1⁰
352 3459 495 3534 quomodo
517 3459 716 3534 intellegenda
737 3460 777 3518 ait
798 3460 980 3536 dispensatio
1007 3467 1038 3520 et
1066 3462 1195 3521 facultas
1216 3462 1424 3539 dispensandi3

351 3544 471 3598 rectene
492 3539 644 3598 intellecta
666 3542 705 3598 sit
726 3559 744 3597 a
765 3540 880 3600 Licinio
902 3546 932 3600 et
952 3540 1037 3600 Iulio.

297 3640 326 3696 2⁰
351 3638 484 3714 possitne
504 3638 568 3696 fieri
591 3637 773 3714 dispensatio
795 3639 1055 3715 comperegrinis.

298 3738 328 3795 3ο
351 3736 519 3812 potueritne
540 3737 673 3796 Licinius
694 3757 759 3795 curn
782 3737 862 3797 sooio
884 3743 914 3797 et
935 3738 998 3814 ipse
1020 3757 1119 3797 secum
1141 3739 1322 3815 dispensare.

695 3919 830 3987 solutio.

188 4061 241 4125 Au
264 4081 456 4137 QUAESITUM
483 4064 519 4124 1¹n
544 4060 581 4127 lt.
604 4064 633 4128 1.
680 4062 834 4128 Potestas
865 4062 1089 4147 dispensandi,
1120 4066 1236 4146 utpote
1266 4062 1362 4128 favor
1393 4067 1486 4133 et120

96 4150 219 4235 gratia,
244 4150 312 4216 late
336 4150 585 4233 interpretanda
608 4155 669 4217 est.

188 4266 227 4331 n.
253 4268 282 4332 2.
322 4265 399 4349 Ipsa
423 4264 522 4330 etiam
547 4264 756 4348 dispensatio,
782 4287 865 4348 quae
889 4287 962 4331 curn
986 4261 1058 4332 tota
1082 4266 1315 4333 communitate
1336 4267 1426 4331 facta

96 4362 160 4432 est,
184 4355 287 4420 latam
308 4354 614 4438 interpretationem
633 4356 767 4438 patitur,
792 4376 864 4420 oum
880 4357 933 4421 sit
956 4356 1116 4437 quaedam
1139 4355 1222 4439 legis
1246 4355 1367 4420 ablatio
1392 4361 1426 4420 et

97 4446 139 4512 ad
164 4445 270 4511 instar
294 4442 455 4528 privilegii
478 4442 678 4513 favorabilis.

188 4559 227 4625 R.
251 4562 281 4626 3.
321 4558 530 4642 Dispensatio
547 4558 764 4643 particularis,
790 4560 906 4625 saltem
932 4559 973 4623 ad
996 4559 1188 4626 instantiam
1205 4559 1308 4641 partis
1324 4557 1424 4633 facta,

98 4649 251 4716 strictam
273 4648 374 4714 habet
397 4648 719 4732 interpretationem
744 4653 896 4715 censetur
919 4649 1004 4713 enirn
1029 4648 1175 4713 odiosum
1194 4647 1271 4729 quid
1296 4667 1368 4713 esse
1391 4650 1425 4711 et
