3106 5168
290 292 425 347 Bonorum
443 295 472 346 et
488 291 587 346 iurium
606 291 749 362 acquisitio
769 321 802 330 —
822 295 951 361 usucapio
970 258 1196 360 elpramooiptio.
1341 294 1405 359 315

82 468 245 534 solutione
262 468 332 534 fieri
355 472 474 553 potest,
499 472 536 535 nt
558 468 709 535 absolute
724 467 924 534 diminuatur
944 471 979 533 et
1001 466 1232 550 exstinguatur
1247 465 1406 544 debitum

82 558 190 640 magis
218 557 335 640 igitur,
369 561 406 624 nt
436 557 668 640 exstinguatur
697 557 940 633 condicionate,
974 556 1100 622 scilicet
1124 557 1184 621 sub
1208 556 1407 633 condicione,

83 647 170 729 quod
193 646 337 713 creditor
359 646 504 713 debitam
527 668 638 712 curam
662 667 726 711 non
750 646 943 712 adhibuerit.

533 861 845 928 PRAESCRIPTIO
873 859 958 944 (IV).

641 1020 752 1086 Casus.
780 1027 855 1095 (187)

174 1160 286 1221 Gelasii
308 1162 396 1220 aedes
417 1160 494 1218 hanc
508 1160 663 1237 patiuntur
676 1158 859 1230 servitutem,
882 1165 915 1218 ut
928 1159 1026 1219 vicino
1047 1159 1136 1218 liceat
1156 1179 1210 1236 per
1223 1158 1287 1218 eius
1302 1159 1409 1218 atrium

83 1243 142 1302 iter
170 1260 286 1301 sumere
313 1240 402 1299 etiam
430 1260 496 1299 cunr
524 1259 611 1300 curru
639 1245 753 1300 onusto.
796 1239 934 1299 Gelasius
960 1240 1017 1298 hac
1044 1259 1076 1299 re
1104 1241 1229 1298 molesta
1252 1245 1408 1316 pertaesus

83 1331 233 1397 tempore,
262 1340 318 1397 quo
347 1320 422 1380 alias
443 1321 559 1379 vicinus
579 1321 659 1380 mam
679 1321 757 1379 hanc
785 1339 900 1380 sumere
928 1321 1020 1392 solet,
1049 1339 1113 1379 eam
1134 1319 1227 1379 variis
1247 1319 1409 1379 obstaculis

84 1403 228 1462 obstruit:
250 1420 307 1478 quo
328 1400 375 1471 fit,
397 1406 431 1460 ut
450 1400 580 1471 vicinus,
602 1420 640 1460 ne
660 1401 796 1476 querelas
816 1399 942 1471 excitet,
963 1399 1023 1459 alia
1043 1398 1093 1459 via
1112 1405 1223 1471 utatur,
1245 1399 1408 1477 praescrip-

84 1482 176 1542 tionis
197 1487 301 1541 contra
322 1500 407 1540 suum
427 1480 474 1540 ius
494 1482 571 1540 forte
593 1481 783 1558 complendae
808 1481 894 1558 plane
916 1481 1076 1540 immemor.
1118 1480 1175 1539 Sed
1197 1499 1263 1538 cum
1283 1479 1408 1539 termino

84 1560 328 1640 praescriptionis
350 1562 452 1638 elapso
472 1561 566 1620 denuo
580 1567 682 1620 vetere
702 1560 766 1620 iuro
787 1579 841 1620 suo
862 1561 906 1619 uti
920 1561 994 1632 vult,
1015 1560 1167 1620 aGelnsio
1189 1560 1368 1637 prohibetur.

85 1667 263 1738 Quanumun
282 1685 351 1726 num
374 1666 494 1726 Gelasio
514 1666 557 1725 ita
578 1685 669 1742 agere
688 1665 785 1725 liceat

678 1849 813 1916 Salutio.

174 1992 228 2057 An
244 2011 435 2068 euasurum
458 1991 497 2057 R.
517 1993 545 2057 1.
585 1992 623 2056 ln
646 1991 804 2057 eiusmodi
827 1991 1042 2057 servitutibus
1065 1991 1313 2075 exstinguendis
1335 2005 1473 2077 pro-623

85 2081 202 2147 babilis
231 2080 458 2162 theologorum
488 2080 653 2147 sententia
676 2085 743 2158 est,
775 2080 926 2146 sufficere
953 2102 1027 2146 eum
1050 2084 1197 2165 tempore
1227 2083 1411 2167 praescrip·

86 2169 185 2237 tionis
201 2170 319 2235 bonam
335 2170 431 2235 fidem
453 2172 642 2254 stepelinum,
667 2190 752 2252 quae
775 2169 925 2236 consistit
948 2169 981 2233 in
1004 2169 1236 2251 non-negando
1258 2171 1313 2236 vel
1330 2193 1412 2236 non·

86 2257 291 2343 impediendo
321 2257 391 2323 iure
422 2256 507 2335 eius,
539 2257 572 2323 in
596 2258 687 2323 cuius
717 2258 865 2324 favorem
895 2257 1038 2324 servitus
1061 2257 1201 2324 exsistit.
1248 2258 1354 2337 Quare
1384 2261 1411 2324 si

87 2347 238 2414 Gelasius
267 2347 373 2413 solum
402 2346 562 2424 siluisset,
594 2368 698 2430 neque
728 2347 932 2414 obstaculum
963 2351 1124 2413 creasset:
1154 2351 1271 2431 postea
1300 2348 1412 2432 elapso

85 2444 234 2521 tempore
258 2436 524 2520 praescriptionis
547 2440 620 2502 tuto
643 2435 815 2520 prohibere
838 2439 951 2520 posset
979 2434 1121 2501 vicinum
1144 2437 1186 2501 ab
1210 2458 1269 2502 usu
1290 2437 1413 2504 veteris

87 2527 176 2604 iuris,
201 2529 316 2611 utpote
339 2525 409 2591 eius
432 2525 557 2591 incuria
580 2525 746 2592 exstincti.

175 2633 215 2699 R.
233 2635 263 2697 2.
303 2631 367 2698 Sed
382 2629 460 2713 quia
482 2631 624 2714 positive
646 2631 815 2697 obstacula
834 2631 952 2715 posuit,
976 2652 1018 2696 no
1033 2630 1160 2697 vicinus
1176 2631 1231 2698 ille
1246 2631 1413 2699 commode

87 2726 199 2807 posset
220 2720 292 2786 iure
315 2720 372 2798 uti,
397 2720 623 2788 fraudulenter
638 2742 712 2786 eum
735 2721 777 2785 ab
793 2720 951 2787 exercitio
973 2720 1054 2786 iuris
1076 2720 1257 2804 impedivit,
1280 2720 1413 2787 fraude·

86 2831 149 2893 que
165 2808 455 2894 praescriptionem
472 2810 623 2877 extorsit.
661 2811 767 2887 Quare
783 2810 845 2876 hac
860 2808 1128 2893 praescriptione,
1153 2810 1216 2877 etsi
1231 2832 1290 2894 per
1305 2810 1412 2893 legem

87 2900 135 2967 uti
165 2900 260 2975 licet,
289 2897 322 2962 in
346 2898 546 2964 couscientia
569 2899 616 2966 uti
646 2899 776 2980 nequit,
807 2899 866 2964 sed
888 2898 1032 2964 vicinum
1061 2898 1094 2964 in
1117 2920 1176 2964 suo
1205 2899 1276 2979 iure
1298 2904 1412 2966 vetere

87 2989 193 3054 denuo
216 2987 416 3054 constituere
440 2987 546 3054 debet.

177 3094 215 3159 lt.
240 3095 271 3159 3.
324 3093 426 3158 Immo
458 3093 520 3158 etsi
551 3113 592 3158 ex
623 3092 784 3159 adiunctis
813 3092 895 3160 satis
925 3096 1015 3158 certo
1047 3092 1237 3175 colligatur,
1269 3092 1412 3158 vicinum

86 3184 178 3250 illum
205 3183 431 3265 neglecturum
454 3181 556 3247 fuisse
585 3204 679 3247 usum
708 3182 788 3248 iuris
813 3182 879 3260 sui,
911 3181 1040 3247 etiamsi
1064 3182 1212 3247 Gelasius
1243 3181 1413 3248 obstacula

85 3273 145 3338 illa
166 3292 232 3337 non
255 3275 411 3348 creasset,
436 3271 583 3353 adeoque
606 3271 754 3354 legitima
777 3270 1034 3356 praescriptione
1056 3271 1089 3335 in
1112 3291 1151 3336 eo
1175 3291 1253 3336 casu
1271 3270 1412 3338 vicinum

87 3383 129 3428 ex
153 3361 222 3426 iure
245 3381 305 3425 suo
321 3360 506 3426 excisurum
529 3360 647 3425 fuisse:
670 3381 789 3426 revera
811 3381 896 3425 nunc
919 3381 984 3425 non
1007 3358 1139 3437 asciuit,
1163 3360 1221 3425 sed
1244 3359 1412 3427 adelaia

87 3451 120 3516 in
144 3471 183 3515 eo
206 3449 429 3516 rest'tuendus
451 3453 513 3515 est.
559 3449 645 3515 Nam
669 3470 754 3515 nune
779 3471 844 3515 non
868 3449 965 3514 debet
994 3449 1138 3527 attendi,
1170 3448 1248 3531 quid
1270 3447 1413 3516 fortasse

86 3540 236 3606 facturus
258 3539 390 3615 fuisset,
414 3537 472 3602 sed
496 3537 572 3620 quid
596 3559 632 3604 re
655 3538 727 3622 ipsa
749 3540 856 3605 locum
880 3536 1003 3604 habuit.
1049 3538 1099 3604 Re
1121 3558 1202 3604 vera
1224 3539 1330 3604 locum
1354 3539 1413 3605 ha·

88 3629 159 3694 buit
181 3627 273 3693 fram
296 3627 435 3705 Gelasii,
466 3647 530 3709 qua
554 3627 744 3711 impeditur,
776 3626 947 3710 quominus
971 3627 1081 3692 valida
1103 3629 1162 3693 fiat
1186 3628 1412 3714 praescriptio,

87 3738 172 3801 quae
195 3717 265 3783 sine
288 3717 404 3783 fraude
427 3716 539 3782 valida
561 3715 687 3783 fuisset.

176 3822 214 3890 R.
232 3826 263 3890 4.
302 3822 410 3889 Aliter
425 3822 595 3888 dicendum
620 3829 718 3900 esset,
742 3822 769 3887 si
792 3823 848 3888 via
869 3822 935 3887 ista
958 3821 1173 3888 communiter
1195 3822 1317 3889 soleret
1340 3844 1413 3890 esse

88 3913 265 3978 obstaculis
288 3912 445 3995 impedita
467 3917 566 3995 atque
589 3912 815 3979 tantummodo
838 3915 972 3995 petente
987 3911 1093 3977 altero
1116 3911 1219 3977 libera
1242 3916 1276 3979 et
1298 3913 1413 3996 pervia

88 4001 289 4069 redderetur.
336 4001 405 4079 Quo
434 4001 467 4066 in
491 4023 570 4067 casu
594 4001 720 4067 vicinus
745 4001 817 4078 ille,
848 4000 876 4066 si
906 4021 965 4085 per
986 4005 1117 4083 tempus
1146 4001 1413 4084 praescriptionis

88 4091 251 4157 omisisset
280 4094 410 4175 petere,
441 4095 478 4157 ut
507 4091 568 4156 sibi
599 4090 757 4158 transitus
787 4091 976 4175 patefieret,
1005 4089 1076 4155 iure
1106 4089 1240 4171 antiquo
1264 4089 1330 4154 iam
1354 4111 1413 4156 ex·

86 4181 221 4248 sisteret
244 4180 430 4246 destitutus
