3106 5168
576 276 766 332 voluntarium
785 277 956 332 indirectum.
1408 283 1426 345 7

100 452 247 531 debeam,
279 474 321 518 ne
350 457 507 535 sequatur
530 459 641 521 certus
669 453 726 518 ille
755 455 901 532 effectus,
925 455 1062 520 effectus
1087 453 1143 519 ille
1165 457 1329 521 moraliter
1351 455 1427 519 mihi

99 546 137 607 ut
161 562 282 607 causae
305 541 510 610 adscribitur.

190 630 404 710 Similitersi
435 652 520 715 pono
544 631 716 710 actionem,
748 652 790 697 ex
814 653 879 714 qua
902 636 1011 697 certus
1035 631 1153 714 aliquis
1176 633 1312 698 effectus
1336 653 1429 697 secu-

98 725 195 785 turus
219 719 441 803 praevidetur,
466 742 562 803 quern
587 741 652 785 non
681 720 812 805 proprie
834 720 1019 797 intendam
1050 721 1105 786 ille
1128 723 1264 787 effectus
1292 721 1369 786 mihi
1393 726 1430 787 ut

100 829 223 874 causae
258 808 469 887 adscribitur,
504 809 562 874 sed
597 813 666 875 tum
698 813 826 876 tantum
858 809 1068 887 adscribitur,
1100 811 1229 891 quando
1261 810 1354 876 debui
1386 809 1429 875 'ab

100 897 232 963 actione
262 903 439 981 propterea
469 898 645 976 abstinere,
676 919 717 964 ne
750 899 886 964 effectus
916 898 972 964 ille
1002 898 1143 966 oriatur:
1175 898 1258 964 alias
1286 899 1429 964 mihine

98 986 274 1052 moraliter
296 986 426 1068 quidem
449 987 655 1053 voluntarius
679 991 740 1053 est.

191 1100 244 1165 An
268 1121 459 1177 quassmun
484 1105 522 1166 2³²
546 1122 737 1185 responsum
762 1102 902 1167 dandum
930 1105 958 1168 1.
983 1103 1024 1167 ad
1054 1101 1088 1167 id
1117 1101 1233 1178 tendit,
1264 1105 1301 1167 ut
1325 1100 1475 1185 expli-12

99 1192 211 1268 cetur,
242 1190 449 1271 quandonam
478 1195 613 1274 propter
639 1190 826 1274 praevisum
850 1192 1002 1257 effectum
1027 1190 1167 1273 aliquem
1191 1190 1348 1256 oriturum
1374 1191 1429 1254 de-

97 1279 195 1344 beam
226 1278 280 1343 vel
303 1278 456 1345 omittere
479 1280 641 1344 actionem
673 1300 714 1344 ne
744 1301 786 1344 ex
810 1300 850 1345 ea
873 1280 1014 1358 oriatur,
1046 1281 1099 1345 vel
1124 1279 1284 1345 actionem
1308 1300 1430 1364 ponere

98 1371 201 1449 atque
224 1366 273 1433 ita
295 1367 453 1452 impedire
476 1389 517 1433 ne
540 1370 677 1434 effectus
699 1368 755 1435 ille
778 1369 904 1434 oriatur
926 1369 1073 1447 aliunde3
1101 1368 1308 1451 quandonam
1332 1369 1373 1434 ad
1396 1368 1430 1433 id

100 1476 166 1521 non
190 1461 316 1522 tenear.

190 1544 242 1609 Ad
267 1545 353 1627 quod
383 1550 420 1611 ut
449 1544 512 1611 rite
535 1544 759 1627 intellegatur,
784 1546 962 1611 notandum
991 1550 1043 1612 est
1072 1567 1167 1630 posse
1192 1547 1341 1611 effectum
1370 1545 1430 1610 ali·

100 1654 199 1716 quem
224 1633 442 1699 diversimode
466 1655 508 1699 ex
539 1639 630 1700 certa
653 1635 795 1717 quadam
819 1634 948 1701 actione
972 1635 1059 1712 oriri,
1090 1656 1147 1700 seu
1172 1656 1244 1699 eam
1269 1635 1429 1701 actionem

99 1743 174 1788 cum
198 1723 263 1790 isto
288 1724 405 1789 effectu
421 1722 586 1788 diversam
609 1724 730 1789 habere
751 1745 848 1807 posse
867 1724 1079 1789 conexionem
1096 1729 1195 1807 atque
1212 1724 1280 1789 eius
1297 1746 1430 1789 causam

100 1812 207 1894 magis
231 1812 401 1894 minusque
424 1812 638 1897 propinquam
661 1817 696 1878 et
719 1817 843 1878 certam
866 1833 949 1879 esse.

189 1901 255 1966 Pro
285 1901 416 1966 diversa
445 1901 510 1967 ista
541 1901 720 1966 conexione
750 1901 945 1983 diversaque
976 1900 1171 1967 causalitate
1201 1900 1429 1983 distinguitur:

101 2010 202 2055 causa
230 1992 362 2076 physica
395 1995 429 2055 et
463 1993 615 2071 noerolls,·
648 1990 737 2073 prior
768 1990 902 2073 physice
932 1990 1060 2072 agendo
1095 1992 1246 2056 effectum
1282 1990 1428 2073 attingit,

100 2078 264 2163 posterior
286 2078 438 2155 iussione,
462 2078 615 2144 suasione
639 2084 700 2145 etc.
727 2080 808 2145 alios
827 2079 868 2145 ad
888 2079 1021 2164 physice
1040 2080 1202 2160 agendum
1222 2080 1428 2146 determinat.

190 2176 297 2242 Causa
312 2178 499 2241 imoorodiota
523 2180 557 2241 et
580 2179 738 2242 ozedieto:
761 2176 849 2261 prior
869 2176 976 2260 ipsum
992 2179 1143 2242 effectum
1167 2177 1200 2241 in
1224 2198 1259 2242 se
1283 2176 1429 2260 attingit,

101 2265 208 2332 altera
231 2286 305 2330 eum
329 2286 394 2330 non
409 2265 546 2348 attingit
568 2265 630 2329 nisi
654 2266 819 2333 mediante
843 2266 909 2331 alia
924 2287 1034 2332 causa.
1059 2265 1194 2330 Moralis
1209 2264 1312 2348 igitur
1330 2288 1430 2332 causa

101 2374 231 2438 semper
254 2353 399 2420 mediata
429 2358 490 2430 est,
515 2354 592 2436 quia
615 2355 771 2420 accedere
795 2355 893 2421 debet
920 2376 1021 2421 causa
1044 2375 1237 2436 exsequens,
1262 2376 1346 2437 quae
1368 2355 1429 2420 im·

101 2442 245 2509 mediate
268 2444 420 2509 effectum
443 2447 572 2525 tangat.

189 2540 298 2606 Causa
318 2543 467 2625 proximo
490 2544 524 2605 et
547 2548 685 2606 remoto:
706 2541 869 2624 posterior
892 2540 1031 2623 requirit
1053 2541 1164 2624 plures
1187 2562 1304 2607 causas
1326 2540 1429 2608 inter·

99 2629 235 2708 medias,
252 2629 369 2712 quibus
385 2632 520 2694 effectus
536 2629 731 2711 attingatur,
755 2632 857 2711 fitque
876 2650 914 2694 eo
931 2629 1096 2705 remotior,
1121 2651 1185 2712 quo
1201 2630 1311 2713 plures
1326 2630 1428 2696 inter-

100 2718 227 2784 medias
251 2739 368 2784 causas
392 2717 555 2800 requirat;
586 2738 687 2783 causa
710 2719 860 2802 proxima
883 2740 947 2783 non
977 2719 1025 2784 ita
1048 2719 1196 2801 requirit,
1221 2719 1278 2784 sed
1301 2720 1374 2803 ipsa
1396 2719 1429 2783 in

100 2829 159 2873 suo
183 2828 304 2891 genere
328 2811 421 2872 arcte
445 2828 518 2872 cum
542 2807 660 2873 effectu
684 2807 899 2890 coniungitur.

190 2906 298 2970 Causa
321 2928 383 2990 per
414 2927 446 2970 se
476 2910 511 2970 et
539 2928 597 2990 per
621 2907 786 2971 accidens:
813 2904 976 2988 posterior
999 2904 1122 2988 aliquid
1145 2904 1275 2987 quidem
1298 2906 1428 2989 confert,

100 2999 137 3061 ut
160 2994 297 3061 effectus
316 2994 371 3058 ille
394 3014 430 3058 re
453 2993 525 3076 ipsa
540 2993 750 3076 producatur,
775 2999 923 3060 attamen
947 2995 987 3060 de
1010 3015 1046 3059 se
1069 3014 1134 3058 non
1150 2994 1256 3060 tendit
1273 2993 1307 3058 in
1321 2994 1428 3078 ipsum

100 3083 327 3161 determinate,
345 3103 449 3164 neque
463 3084 612 3148 effectum
626 3083 772 3165 attingit,
790 3084 852 3147 nisi
865 3083 1025 3150 accedant
1039 3082 1304 3148 circumstantiae
1318 3083 1427 3164 singu-

101 3172 198 3249 lares,
223 3193 307 3254 quae
331 3171 544 3237 communiter
567 3172 696 3237 soleant
718 3172 849 3248 abesse;
883 3172 973 3256 prior
996 3177 1115 3238 natura
1139 3193 1199 3237 sua
1221 3171 1254 3235 in
1279 3172 1429 3236 effectum

99 3262 207 3328 tendit
239 3265 339 3343 atque
371 3282 445 3326 enm
477 3262 630 3325 effectum
662 3261 722 3326 sub
755 3261 916 3327 adiunctis
949 3260 1164 3327 communiter
1193 3260 1428 3326 exsistentibus

100 3371 158 3416 seu
182 3349 446 3432 contingentibus
470 3349 629 3433 producit,
654 3349 680 3414 si
704 3350 844 3414 sumitur
868 3372 966 3415 conso
985 3374 1047 3435 per
1067 3372 1100 3415 se
1122 3349 1314 3433 simpliciter
1329 3349 1427 3417 dicta.

100 3439 222 3504 Verum

189 3529 295 3593 Causa
318 3548 377 3610 per
400 3548 435 3591 se
459 3531 570 3611 potest
594 3548 666 3592 esse
687 3529 898 3612 graviterve]
919 3529 1027 3593 leviter
1045 3527 1201 3593 influens:
1224 3528 1314 3611 prior
1330 3527 1429 3593 vehe-
1490 3508 1502 3527 Ι

100 3621 241 3683 mentem
266 3616 425 3681 influxum
449 3619 582 3681 exercet
604 3615 638 3680 in
662 3615 775 3680 ordine
799 3615 840 3681 ad
864 3618 1016 3682 effectum
1044 3616 1085 3681 de
1108 3638 1171 3699 quo
1196 3617 1306 3699 agitur
1329 3623 1428 3699 atque

99 3706 206 3790 ipsum
231 3706 381 3771 effectum
406 3705 554 3771 ultimum
580 3709 699 3770 natura
722 3726 782 3769 sua
804 3726 913 3770 secum
938 3706 1020 3777 fert:
1053 3706 1159 3772 altera
1188 3727 1252 3771 non
1282 3706 1339 3781 ita,
1370 3705 1429 3771 sed

100 3816 297 3878 quamquam
321 3796 422 3860 tendit
445 3794 478 3858 in
500 3793 606 3878 ipsum
630 3794 720 3859 illum
737 3795 899 3871 effectum,
924 3794 1027 3859 solam
1051 3799 1162 3860 tamen
1185 3794 1427 3878 dispositionem

99 3886 256 3950 minorem
280 3882 479 3951 maioremve
503 3884 542 3947 de
572 3904 608 3948 se
632 3885 794 3967 producit.
841 3883 888 3949 uf.
919 3885 974 3949 Tb.
999 3906 1039 3949 m.
1064 3883 1089 3961 I,
1118 3887 1174 3957 11;
1208 3883 1329 3949 Frins
1352 3885 1374 3950 l.
1399 3905 1427 3950 c.

100 3995 131 4041 n.
155 3975 218 4039 187
236 3993 306 4054 sqq.

188 4062 272 4127 Fere
294 4061 380 4126 idem
403 4060 616 4143 intellegitur,
648 4060 675 4125 si
706 4060 919 4143 distinguitur
942 4081 1043 4127 causa
1068 4061 1181 4145 effisos
1204 4065 1239 4128 et
1263 4062 1431 4145 inefficax,-

99 4147 253 4217 inefficax
277 4150 361 4215 enim
387 4150 426 4215 de
456 4171 492 4215 se
521 4171 586 4214 non
617 4149 739 4215 sufficit
764 4150 804 4214 ad
830 4153 990 4226 effectum,
1021 4150 1078 4214 sed
1106 4150 1290 4215 necessario
1313 4150 1429 4217 haeret

98 4241 131 4306 in
156 4240 267 4322 aliqua
290 4239 360 4305 eius
384 4238 597 4323 dispositione
620 4239 838 4322 producenda.

189 4345 228 4410 R.
251 4349 281 4412 2.
321 4346 404 4411 Sunt
426 4345 528 4429 igitur
551 4345 685 4427 regulae
701 4345 861 4427 quaedam
886 4344 926 4408 de
950 4344 1136 4411 voluntario
1159 4346 1311 4409 indirecto
1335 4347 1369 4408 et
1394 4346 1427 4408 in

99 4457 200 4500 cuasa
224 4444 358 4501 tontum.

189 4541 270 4623 Reg.
299 4546 337 4606 1⁴.
385 4540 419 4606 Si
448 4541 558 4622 agitur
588 4540 628 4605 de
652 4539 837 4605 voluntario
869 4539 1024 4621 negativo
1055 4559 1111 4602 seu
1143 4539 1183 4602 de
1213 4540 1340 4612 effectu,
1371 4537 1470 4619 qui13

98 4651 162 4694 non
188 4651 229 4695 ex
252 4651 327 4695 mea
351 4630 489 4706 actione,
520 4629 578 4694 sed
609 4650 650 4695 ex
674 4629 782 4694 aliena
806 4628 935 4694 actione
958 4629 1129 4692 secuturus
1160 4630 1220 4704 est,
1245 4646 1339 4708 quem
1364 4646 1425 4708 ego
