3106 5168
436 262 532 319 Status
549 264 708 332 religiosus:
731 263 858 333 religiosa
873 273 1029 333 paupertas.
1333 268 1391 332 161

69 441 263 507 derelictum
286 440 400 524 poenis
416 441 539 507 decreti
555 444 576 506 4
592 441 678 508 Nou.
698 443 783 506 1892
802 440 977 520 subiectus,
1001 440 1058 505 sed
1073 440 1123 519 iis,
1148 462 1230 524 quas
1246 442 1278 508 S.
1295 441 1396 507 Sedes

69 529 171 684 {211¹}th
171 529 362 685 bibisset
384 529 618 609 instrumento,
647 552 709 613 quo
733 530 928 596 solutionem
951 551 971 595 a
995 529 1081 596 votis
1103 530 1396 597 Franciscanorum

160 733 200 800 R.
214 737 245 800 4.
273 734 306 799 N
308 755 369 799 unc
385 738 505 812 autem,
523 755 595 799 cum
608 755 644 800 re
656 734 729 818 ipsa
741 743 811 821 post
829 743 899 800 uoto
915 734 1081 815 relinquat
1094 733 1292 812 institutum,
1309 742 1396 801 onte·

68 846 168 909 quam
190 822 389 889 ordinarium
412 825 606 889 benevolum
629 829 853 908 susceptorem
870 822 1043 900 invenerit,
1068 842 1089 888 a
1110 821 1213 888 sacris
1230 823 1397 889 ordinibus

69 932 250 997 suspensus
272 916 340 990 est,
368 912 468 979 etiam
491 913 525 977 in
548 934 643 991 casu,
673 933 737 995 quo
761 933 782 979 a
804 912 898 978 novis
921 911 1009 977 votis
1033 911 1310 995 dispensationem
1333 913 1397 978 rite

70 1001 260 1068 obtinuerit.

138 1098 227 1164 Nam
260 1099 445 1165 institutum
478 1098 736 1177 Lazaristarum,
770 1119 967 1182 quamquam
999 1119 1064 1163 non
1096 1101 1148 1164 est
1184 1097 1397 1181 congregatio

71 1187 204 1272 proprie
233 1188 410 1270 regularis,
442 1189 500 1253 sed
530 1188 707 1254 saecularis
737 1188 828 1270 (quia
856 1192 952 1266 vota,
984 1206 1068 1269 quae
1090 1187 1302 1265 emittuntur,
1332 1208 1397 1252 uon

71 1276 278 1360 accipiuntur
308 1276 507 1342 auctoritate
531 1277 728 1360 Ecclesiae),
759 1280 870 1343 tamen
902 1296 980 1341 vere
1010 1281 1062 1342 est
1090 1276 1223 1359 aliquod
1253 1297 1295 1342 ex
1330 1275 1397 1353 ,in-

70 1365 199 1433 stitutis
223 1369 374 1432 votorum
398 1365 624 1450 simplicium“,
649 1365 828 1449 dequibus
855 1366 1021 1432 decretum
1047 1368 1180 1448 ,Auctio
1203 1364 1395 1431 admodum“

72 1459 265 1522 constanter
291 1455 451 1538 loquitur:
482 1455 576 1539 proin
606 1455 660 1539 qui
684 1456 725 1520 ab
754 1456 810 1520 illo
837 1455 988 1521 instituto
1013 1454 1164 1521 dimissus
1188 1475 1230 1520 ex
1253 1455 1397 1521 claustro

72 1549 189 1622 exeat,
220 1549 397 1627 autequam
429 1545 634 1627 ,episcopum
664 1545 857 1610 benevolum
886 1547 1091 1629 receptorem
1113 1543 1277 1609 invenerit
1300 1548 1334 1610 et
1357 1543 1398 1609 de

71 1632 297 1699 ecclesiastico
319 1632 515 1717 patrimonio
538 1634 601 1698 sibi
623 1633 836 1718 providerit“,
860 1654 1037 1718 suspensus
1056 1636 1167 1698 manet
1183 1633 1225 1699 ab
1241 1632 1397 1698 exercitio

71 1743 240 1789 sacrorum
265 1722 421 1789 ordinum.

440 1935 698 2003 PAUPERTAS
722 1935 954 2003 RELIGIOSA
979 1935 1033 2020 (l).

637 2112 749 2179 casus.
776 2119 835 2188 (86)

163 2268 281 2345 Lupus,
305 2267 462 2343 religiosus
483 2274 617 2329 votorum
639 2269 829 2346 simplicium,
852 2289 917 2328 cum
937 2288 1032 2347 nuper
1052 2269 1082 2329 in
1103 2269 1230 2346 patriam
1250 2268 1399 2346 proficisci

74 2349 196 2408 deberet
216 2354 247 2408 et
266 2349 413 2408 inveniret
434 2355 578 2424 cognatos
599 2350 778 2409 necessitate
799 2369 934 2427 pressos,
959 2353 1100 2409 bonorum
1121 2369 1255 2420 suorum,
1278 2369 1399 2426 quorum

75 2428 234 2488 dominium
255 2428 385 2499 retinuit,
407 2428 554 2488 dimidiam
575 2435 690 2506 partem
708 2431 843 2506 cognatis
864 2431 971 2507 partim
992 2429 1091 2502 donat,
1113 2429 1220 2506 partim
1234 2429 1399 2489 donandam

74 2508 235 2586 promittit,
263 2508 382 2567 interim
409 2529 441 2568 re
463 2509 596 2587 deposita
625 2509 701 2587 apud
723 2509 864 2583 amicum,
892 2511 1034 2586 reliquam
1058 2516 1172 2586 partem
1194 2509 1342 2569 convertit
1368 2509 1398 2567 in

74 2590 178 2649 titulos
209 2589 419 2663 obligationum
455 2608 489 2648 ao
524 2609 622 2649 escum
658 2591 764 2660 sumit,
800 2597 834 2649 ut
867 2589 943 2666 apud
977 2595 1198 2667 procuratorem
1227 2589 1400 2649 monasterii

75 2671 212 2746 deponat.
255 2669 394 2745 Superior
415 2670 546 2745 queritur
567 2672 602 2729 de
630 2671 713 2729 laesa
739 2676 914 2747 paupertate
936 2674 1024 2746 atque
1045 2670 1268 2746 dispositionem
1288 2670 1399 2730 factam

74 2770 108 2808 se
130 2750 202 2808 dicit
222 2749 384 2808 annullare.

75 2874 254 2945 Qunaamua
276 2874 305 2931 1⁰
329 2873 359 2932 in
387 2893 443 2949 quo
472 2873 617 2933 consistat
645 2880 746 2933 votum
773 2873 958 2951 paupertatis
984 2874 1159 2950 religiosae,
1191 2877 1221 2931 et
1247 2872 1316 2948 quid
1344 2870 1401 2931 dis·

330 2953 462 3012 criminis
483 2954 522 3012 sit
543 2955 621 3013 inter
641 2960 741 3013 votum
762 2955 948 3032 paupertatis
969 2955 1110 3014 sollemne
1132 2959 1162 3012 et
1182 2951 1317 3028 simplex.

275 3051 305 3108 2⁰
331 3051 538 3128 peccaveritne
558 3051 659 3129 Lupus
681 3058 785 3111 contra
805 3058 907 3111 votum
927 3051 1121 3130 paupertatis.

276 3151 305 3207 3⁰
331 3155 449 3208 rectene
471 3150 604 3227 superior
625 3149 688 3210 eius
710 3150 919 3226 dispositiones
940 3149 1147 3211 annullaverit.

671 3364 806 3432 Salutio.

167 3526 219 3590 Ao
243 3545 434 3601 ouansrruu
460 3527 496 3588 1¹¹³
513 3524 551 3591 R.
571 3527 600 3591 l.
634 3525 754 3591 Votum
771 3524 943 3607 religiosae
959 3524 1164 3608 paupertatis
1180 3523 1400 3591 essentialiter
1409 3540 1459 3594 321

76 3619 231 3681 uersatur
261 3613 348 3679 circa
377 3613 647 3696 independentem
679 3635 772 3678 usum
794 3635 852 3678 seu
876 3613 1120 3697 dispositionem
1144 3635 1252 3679 rerum
1274 3619 1399 3697 tempo·

75 3705 194 3770 ralium
217 3703 322 3787 pretio
346 3701 612 3769 aestimabilium:
636 3702 684 3768 ita
701 3708 737 3769 ut
760 3702 932 3784 religiosus
955 3703 989 3767 vi
1004 3702 1074 3768 voti
1089 3703 1295 3788 paupertatis
1310 3702 1400 3768 nulla

75 3815 113 3859 re
137 3792 185 3860 uti
209 3793 249 3858 de
272 3813 354 3858 eave
377 3792 548 3875 disponere
571 3791 676 3876 possit
698 3791 768 3856 sine
791 3791 924 3857 licentia
946 3791 1131 3876 superioris.

167 3908 206 3974 R.
224 3910 254 3973 2.
295 3907 385 3972 Haec
408 3906 541 3972 licentia
556 3911 667 3990 potest
683 3926 755 3971 esse
779 3929 938 3993 expresse,
962 3910 1068 3990 tacito,
1092 3916 1308 3993 praesumptu.
1348 3907 1400 3972 Ad

76 3995 304 4063 declinandum
328 4000 499 4080 peccatum
522 4001 637 4061 contra
660 3999 773 4061 votum
796 3997 1001 4079 paupertatis
1022 4017 1102 4061 sano
1125 3996 1246 4063 sufficit
1268 3996 1400 4066 licentia

76 4107 237 4170 expressa
266 4088 301 4150 et
330 4085 430 4150 etiam
460 4083 564 4150 tacita
593 4084 648 4165 (ad
679 4105 775 4166 quam
806 4086 1021 4151 adnumerare
1045 4085 1121 4151 licet
1143 4087 1399 4151 cousuetudinem

76 4175 280 4261 lepitimum);
297 4174 329 4238 in
345 4174 442 4238 rebus
458 4173 592 4238 minoris
607 4174 762 4239 momenti
778 4174 900 4241 sufficit
915 4196 1014 4258 saepe
1029 4174 1162 4241 licentia
1177 4177 1399 4257 praesumpta,

76 4266 197 4331 saltem
227 4263 255 4328 si
285 4263 452 4328 commode
484 4262 632 4347 superior
661 4263 743 4328 adiri
774 4263 886 4346 nequit
915 4267 950 4329 et
985 4263 1224 4330 rationabiliter
1255 4266 1397 4346 putetur,

77 4375 153 4420 eum
176 4353 248 4418 fore
271 4356 468 4420 contentum.
508 4352 545 4416 ln
568 4352 665 4416 rebus
688 4352 893 4435 gravioribus
909 4357 945 4418 ut
969 4374 1010 4417 ex
1033 4352 1166 4417 licentia
1188 4355 1400 4435 praesumpta

77 4463 178 4525 agere
208 4441 322 4516 liceat,
353 4441 451 4505 debet
478 4441 633 4506 accedere
664 4440 859 4518 necessitas,
892 4462 975 4523 quae
1006 4461 1129 4505 moram
1154 4462 1219 4504 non
1241 4437 1398 4521 patiatur,

78 4552 183 4612 neque
212 4533 322 4614 potest
352 4551 423 4594 esse
453 4528 621 4595 definitiva
651 4530 836 4615 dispositi0,
868 4530 996 4612 quando
1028 4529 1150 4594 sufficit
1174 4525 1399 4593 condicionata

77 4641 135 4686 seu
159 4618 364 4686 revocabilis

132 4729 559 4778 Lehmkuhl,Caauaeonaclentlae.
586 4731 604 4774 1.
1155 4720 1183 4772 ll
