3106 5168
565 284 683 339 Peccata
701 284 845 355 capitalia:
867 288 978 341 Acedio.

684 478 857 546 aunum.

671 635 781 703 casus.
810 643 868 713 (47)

194 775 388 846 Firmundus,
416 773 523 833 nobilis
551 775 742 846 adulescens,
771 776 839 835 dnm
860 775 978 835 scholas
999 776 1216 853 frequentaret,
1244 800 1262 838 a
1290 780 1434 856 singulari

103 876 219 916 morum
238 854 432 931 ingenuitate,
454 854 607 927 modestia,
629 854 740 931 pietate
762 856 1030 928 commendabatur,
1052 858 1082 916 in
1099 860 1322 934 frequentandis
1337 880 1434 920 sacra·

102 937 213 997 mentis
234 939 312 996 bono
334 934 469 1011 exemplo
491 935 558 995 aliis
579 935 722 1012 praeibat.
764 935 823 995 Sed
844 956 910 995 cum
931 936 1086 998 altioribus
1115 939 1220 999 studiis
1240 940 1433 1013 incumberet,

102 1018 273 1077 liberiorem
293 1014 385 1075 vitam
414 1016 536 1074 edoctus
563 1015 706 1091 malisque
734 1016 825 1076 sociis
853 1016 994 1076 seductus
1021 1037 1118 1078 mores
1148 1020 1266 1080 omnino
1287 1021 1319 1079 iu
1349 1021 1433 1098 peius

103 1097 248 1169 mutavit,
276 1096 430 1171 indulgere
450 1096 550 1172 coepit
572 1095 774 1172 potationibus
795 1102 826 1155 et
846 1096 1047 1158 immunditiis.
1089 1097 1262 1159 Orationem
1282 1101 1342 1160 iam
1362 1121 1433 1161 nau·

103 1184 180 1248 seat,
204 1178 241 1236 ad
263 1181 451 1236 sacramenta
471 1175 524 1235 vix
545 1181 676 1253 tempora
697 1175 832 1252 paschali
853 1177 978 1250 accedit,
1001 1183 1089 1254 atque
1111 1179 1226 1239 demum
1247 1200 1282 1240 eo
1304 1181 1433 1254 devenit,

103 1264 137 1318 ut
152 1260 267 1317 doleret
287 1257 401 1316 caelum
423 1255 619 1331 abnegatione
637 1262 666 1315 et
686 1275 786 1333 pugna
801 1276 868 1316 esse
887 1258 1124 1335 comparandum,
1145 1259 1280 1320 feliciora
1294 1261 1434 1322 aestimat

103 1341 208 1410 bruta,
238 1357 312 1414 quae
334 1337 398 1396 sine
422 1335 553 1412 periculo
574 1335 758 1396 cruciatuum
779 1335 887 1395 infami
907 1339 1111 1414 voluptatibus
1130 1341 1248 1417 possint
1271 1341 1433 1417 indulgere.

102 1418 238 1478 Tandem
252 1417 336 1494 gravi
355 1417 456 1475 morbo
470 1420 634 1493 correptus,
656 1435 721 1475 cum
742 1415 876 1476 advitae
897 1419 1010 1477 exitum
1030 1425 1213 1496 properaret,
1233 1426 1302 1498 post
1322 1421 1432 1481 multos

102 1505 230 1558 conatus
251 1497 414 1558 sacerdotis
435 1496 467 1554 in
488 1496 757 1555 reconciliationem
779 1516 844 1555 cum
866 1498 929 1556 Deo
951 1497 1108 1557 ineundam
1130 1501 1288 1573 consentit,
1309 1507 1433 1578 paratus

102 1580 142 1638 ad
165 1578 383 1639 confessionem
404 1577 613 1636 necessariam.
654 1576 709 1647 (Of.
731 1577 876 1637 Reuter
895 1578 914 1637 l.
936 1597 961 1638 c.
983 1598 1044 1639 cas.
1067 1580 1125 1653 15.)

103 1685 284 1755 Quarmrua
306 1686 334 1741 1ο
358 1700 435 1759 qnae
456 1682 497 1741 sit
517 1682 630 1753 acedia,
651 1701 726 1758 quae
747 1683 832 1742 varia
854 1683 917 1743 eius
939 1689 1073 1760 peccata.

304 1774 334 1831 2ο
359 1772 502 1849 quomodo
524 1771 701 1831 Firmundns
722 1771 826 1831 acedia
847 1772 981 1848 graviter
1000 1773 1179 1850 peccaverit.

303 1864 334 1922 3ο
359 1879 434 1938 qnae
454 1860 516 1920 siut
536 1865 639 1920 contra
660 1860 792 1920 acediam
814 1862 944 1921 remedia
965 1862 1204 1923 commendanda.

701 2043 837 2112 Solutio.

194 2181 247 2245 An
270 2200 461 2255 ouansrruu
488 2181 525 2242 1¹¹²
554 2177 593 2243 R.
621 2182 648 2243 1.
696 2178 819 2244 Acedia
842 2178 875 2242 in
898 2199 1019 2260 genere
1048 2186 1180 2264 sumpta
1203 2185 1256 2247 est
1284 2182 1430 2248 taedium
1441 2192 1492 2248 lor

102 2291 161 2336 seu
186 2268 325 2335 tristitia
341 2268 381 2334 de
405 2267 497 2333 bonis
521 2267 754 2352 spiritualibus,
780 2272 941 2350 quatenus
965 2289 1038 2333 cum
1055 2268 1169 2335 labore
1185 2274 1219 2336 et
1238 2271 1431 2339 difficultate

100 2357 288 2441 comparari
303 2357 454 2435 debeant,
479 2357 624 2438 adeoque
640 2356 784 2421 taedium
807 2361 842 2423 et
864 2356 1012 2422 remissio
1033 2357 1067 2422 in
1082 2359 1249 2425 exercitiis
1264 2360 1431 2443 religionis

101 2452 137 2515 et
160 2446 306 2531 pietatis.

193 2544 232 2610 R.
250 2546 281 2610 2.
320 2543 487 2621 Quatenus
509 2542 555 2608 sic
576 2542 758 2625 generatim
775 2542 923 2621 sumitur,
947 2564 1006 2628 per
1022 2564 1095 2609 eam
1111 2549 1276 2628 peccatur,
1300 2547 1430 2629 qnando

99 2639 136 2701 ct
161 2637 323 2716 qnatenus
346 2632 505 2698 exercitia
527 2631 695 2714 religionis
722 2632 774 2697 vel
799 2631 1001 2697 diversarum
1025 2632 1201 2713 virtutum,
1232 2655 1304 2700 cum
1334 2658 1430 2721 prae-

100 2731 191 2811 cepeto
210 2727 297 2801 sunt,
321 2723 556 2804 negleguntur;
581 2727 680 2803 atque
695 2721 735 2786 iis
751 2721 895 2805 peccatis
910 2723 1077 2802 gravitate
1092 2726 1127 2788 et
1142 2722 1251 2806 specie
1267 2724 1411 2791 distinct’

101 2816 270 2898 peccatur,
294 2832 379 2894 quae
401 2810 612 2876 inveniuntur
634 2810 667 2875 in
691 2810 805 2875 horum
828 2815 1077 2894 praeceptorum
1101 2811 1284 2880 omissione.

193 2919 232 2985 R.
257 2920 288 2985 3.
330 2918 377 2985 At
399 2916 541 3000 speciale
564 2916 694 2998 aliquod
718 2919 890 3001 peccatum
913 2916 1045 2983 acediae
1069 2917 1294 2998 committitur,
1319 2919 1347 2984 si
1369 2920 1429 2987 tri·

100 3008 195 3075 stitia
229 3007 311 3073 haec
342 3005 527 3072 voluntarie
562 3005 743 3088 concipitur
774 3005 861 3071 circa
893 3006 1012 3071 bonnm
1045 3005 1189 3072 divinum
1222 3007 1430 3091 divinamque

100 3097 281 3163 amicitiam
297 3118 369 3161 cnm
393 3096 506 3160 labore
523 3095 792 3178 comparandam:
817 3095 902 3176 quod
920 3099 971 3160 est
993 3099 1165 3180 peccatum
1189 3097 1318 3162 omnino
1342 3119 1428 3163 mor·

100 3188 170 3254 tale
194 3206 299 3269 neque
323 3185 478 3258 admittit,
504 3190 541 3250 ut
564 3205 623 3268 per
645 3205 681 3249 se
704 3188 807 3268 patet,
833 3184 991 3249 materiae
1014 3184 1223 3268 parvitatem.

191 3300 245 3365 Au
270 3320 461 3376 ouansmuu
492 3301 530 3363 2¹²¹
559 3299 599 3368 R.
627 3302 654 3364 1.
702 3297 793 3374 Quod
823 3298 942 3365 dicitur
971 3299 1166 3365 Firmundus
1195 3299 1230 3365 in
1258 3299 1341 3366 vitia
1371 3300 1490 3370 de·168

100 3392 215 3474 lapsus
248 3389 428 3455 orationem
458 3408 618 3454 nauseare
649 3392 682 3453 et
715 3387 756 3452 ad
786 3393 994 3454 sacramenta
1017 3389 1075 3454 vix
1103 3394 1251 3472 tempore
1281 3389 1428 3473 paschali

100 3480 276 3546 accedere:
300 3498 344 3544 ex
367 3478 428 3543 hoc
451 3479 522 3543 solo
545 3481 677 3543 mortale
698 3481 868 3560 peccatum
885 3478 1084 3543 const'tuere
1099 3481 1219 3562 potest,
1244 3480 1329 3561 quod
1353 3499 1428 3544 ora·

99 3569 224 3635 tionem
260 3567 342 3634 adeo
377 3567 550 3650 neglegat,
591 3571 627 3633 nt
663 3587 705 3631 ne
739 3567 887 3648 graviter
922 3567 1050 3650 quidem
1086 3572 1280 3651 praeceptas
1314 3588 1428 3652 preces

99 3658 272 3742 persolvat
305 3657 359 3721 vel
393 3678 435 3721 ne
471 3656 505 3720 in
538 3654 776 3722 tentationibus
811 3655 940 3737 quidem
978 3655 1134 3739 gravibus
1168 3657 1210 3723 ad
1246 3659 1427 3723 orationem

99 3746 286 3830 confugiat:
311 3746 424 3827 inquo
443 3745 624 3829 posteriore
647 3766 724 3809 casu
748 3749 866 3828 peccat
888 3766 926 3810 eo
943 3751 1089 3829 peccato,
1114 3746 1199 3828 qnod
1215 3746 1427 3813 succumbens

98 3834 277 3904 tentationi
300 3834 483 3902 committit.
507 3873 552 3882 -
580 3834 781 3916 Neglegeuti
804 3834 1009 3918 susceptione
1032 3839 1311 3901 sacramentorum
1340 3857 1426 3903 novo

99 3926 210 4008 aliquo
226 3928 363 4010 peccato
384 3923 516 3989 mortali
538 3943 602 3988 non
618 3927 744 4007 peccat,
768 3923 795 3988 si
820 3944 856 3988 re
872 3945 952 3989 vera
974 3924 1122 4008 paschali
1144 3927 1292 4009 tempore
1309 3925 1427 4008 diguus

99 4015 253 4092 accedam
283 4014 366 4080 alias
389 4016 505 4098 peceat
534 4012 574 4077 iis
596 4013 757 4097 peccatis,
789 4012 903 4094 quibus
933 4013 1114 4079 succumbit
1144 4018 1178 4080 et
1205 4018 1320 4079 contra
1343 4036 1427 4097 quae

99 4104 154 4170 vel
176 4103 211 4168 in
233 4103 307 4169 aliis
329 4102 391 4188 piis
415 4101 580 4167 exercitiis
604 4103 656 4167 vel
685 4101 719 4166 in
742 4101 963 4184 frequentiore
990 4107 1269 4169 sacramentorum
1292 4124 1426 4188 suscep·

97 4194 190 4261 tione
212 4191 391 4258 remedium
414 4191 604 4257 invenisset.

190 4290 229 4356 R.
253 4294 284 4356 2.
323 4289 414 4366 Quod
438 4310 517 4354 vero
540 4288 709 4355 tristitiam
733 4288 835 4354 libere
858 4289 1013 4355 sustinuit
1037 4289 1077 4354 de
1100 4289 1191 4355 caelo
1215 4310 1274 4373 per
1296 4288 1426 4355 labores

97 4378 335 4464 comparando,
358 4379 392 4444 id
415 4377 552 4445 denotat
573 4377 743 4444 tristitiam
767 4378 807 4443 de
831 4378 914 4443 bono
939 4378 1065 4456 divino,
1090 4377 1201 4444 divina
1225 4376 1368 4443 amicitia
1392 4383 1426 4445 et

97 4470 255 4535 fruitione
279 4468 393 4546 beata3
418 4467 481 4534 etsi
503 4468 585 4533 haec
608 4467 745 4534 tristitia
768 4467 808 4532 de
831 4467 925 4532 bouis
947 4467 1012 4532 illis
1036 4467 1185 4550 capiatur
1207 4489 1272 4531 non
1289 4471 1427 4550 propter

96 4581 134 4626 se
158 4560 217 4624 sed
244 4561 379 4642 propter
401 4556 531 4622 labores
554 4556 741 4634 adiunctos,
771 4560 883 4623 tamen
906 4577 1020 4621 verum
1050 4560 1102 4622 est
1131 4560 1165 4622 et
1194 4555 1425 4638 gravissimum

96 4653 270 4735 peccatum
293 4646 426 4713 acediae
449 4646 578 4731 proprie
602 4651 637 4713 et
658 4666 771 4730 presse
794 4645 911 4712 dictae.
