3106 5168
447 248 541 338 Status
560 283 718 351 religiosus:
744 286 882 352 discessus,
900 287 1029 339 dimissio.
1335 291 1398 354 153

69 461 158 528 modi
180 459 354 542 religiosus
383 459 526 544 speciale
555 465 727 543 peccatum
758 465 874 526 contra
904 459 1136 542 obligationem
1167 460 1333 546 aspirandi
1356 463 1398 528 ad

68 550 306 636 perfectionem
331 549 508 615 committit
537 550 570 629 a)
594 548 759 631 frequenti
781 548 961 616 violatione
984 554 1136 616 votorum
1165 551 1198 615 in
1225 571 1262 616 re
1285 553 1397 634 grevi;

69 641 104 723 b)
127 639 316 722 regularum
341 639 494 720 neglectu
517 636 594 716 tali,
618 637 674 719 qui
696 658 771 703 eum
794 638 935 703 coniciet
957 638 991 704 in
1013 659 1117 721 greve
1140 639 1333 723 peniculum,
1357 662 1398 707 ne

68 729 258 797 dimittatur
287 748 329 793 ex
359 727 487 793 ordine:
519 728 604 808 quod
635 726 690 809 qui
720 726 881 805 advertit,
911 727 972 792 sub
1001 728 1097 810 gravi
1126 731 1258 794 tenetur
1286 751 1398 795 euram

68 819 225 886 adhibere
248 816 291 883 ad
315 815 539 881 diminuendos
562 815 622 881 hos
646 815 802 894 defectus,
827 815 890 882 etsi
913 815 946 881 in
969 836 1006 881 se
1029 838 1093 882 non
1112 817 1261 899 graviter
1276 819 1397 897 mal0s3

68 907 100 989 c)
124 907 178 973 cui
201 904 329 973 accedit
351 905 572 987 transgressio
595 905 782 986 regularum
812 926 855 970 ex
884 905 1015 971 formali
1038 909 1228 991 contemptu
1256 908 1398 973 auctori-

67 997 150 1064 tatis
174 994 275 1078 (quod
298 1000 410 1061 tamen
434 994 476 1059 ed
499 992 772 1059 inoboedientiam
796 993 884 1060 trahi
907 993 1008 1075 licet).
1060 995 1116 1061 lb.
1140 1019 1180 1062 ιι.
1205 996 1230 1075 1,
1255 999 1330 1061 517.

159 1102 199 1168 R.
225 1104 255 1168 3.
302 1100 395 1166 Alias
424 1099 458 1165 in
488 1100 654 1183 plerisque
677 1099 842 1165 ordinibus
865 1102 1000 1184 regulae
1030 1125 1069 1167 ex
1095 1124 1128 1168 se
1157 1123 1223 1167 non
1251 1102 1399 1185 obligant

66 1191 129 1257 sub
152 1194 308 1274 peccato,
339 1188 487 1271 obligant
515 1194 626 1256 temen
656 1188 699 1255 ad
722 1189 947 1255 sustinendam
969 1211 1125 1274 poenam,
1156 1212 1240 1274 quae
1263 1196 1399 1275 propter

68 1280 213 1346 violatas
228 1279 361 1362 regulas
378 1278 464 1344 forte
479 1278 676 1361 imponatur,
700 1281 801 1361 atque
816 1279 918 1344 etiam
935 1280 1127 1363 plerumque
1149 1280 1182 1345 in
1197 1281 1270 1364 ipse
1286 1301 1398 1346 earum

68 1369 249 1435 violatione
272 1366 397 1434 suberit
420 1367 559 1433 effectus
582 1367 756 1435 venialiter
778 1368 1034 1451 peccaminosus‚
1059 1369 1114 1450 qui
1146 1369 1189 1436 ad
1211 1373 1398 1452 transgres-

67 1459 194 1524 sionem
218 1456 369 1523 moverit.

158 1570 213 1636 An
236 1590 428 1646 quarsmuu
452 1573 491 1635 2³
521 1570 560 1636 R.
588 1573 616 1635 1.
663 1570 796 1636 Infirma
819 1571 975 1637 valetudo
999 1575 1111 1638 novitii
1139 1593 1215 1638 raro
1238 1572 1323 1640 ratio
1347 1576 1399 1639 est
1408 1589 1460 1644 306

67 1683 126 1728 cur
142 1661 272 1737 debeat,
296 1659 394 1725 facile
417 1680 475 1724 cur
497 1658 602 1742 possit
617 1679 775 1741 quaerere
798 1679 966 1741 egressum
991 1682 1033 1726 ex
1057 1661 1179 1727 ordine.
1214 1661 1278 1727 Pro
1302 1683 1399 1746 aupe-

67 1751 210 1816 rioribus
241 1748 363 1814 ordinis
393 1749 493 1814 etiam
523 1748 608 1815 ratio
636 1751 704 1827 est,
736 1769 794 1813 cur
816 1748 868 1814 vel
899 1749 1038 1815 invitum
1062 1751 1238 1819 dimittant.
1285 1751 1398 1829 lmmo,

67 1840 130 1905 nisi
153 1839 242 1905 forte
266 1838 339 1904 aliis
362 1838 422 1902 Dei
446 1837 539 1902 donis
568 1837 624 1901 ille
648 1836 796 1903 defectus
825 1845 1071 1922 compensetur,
1102 1839 1142 1904 iis
1169 1840 1326 1922 obligatio
1349 1840 1399 1905 in-

68 1930 222 1994 cumbere
254 1929 366 2011 petest
395 1926 596 2004 dimittendi,
630 1947 671 1991 ne
701 1947 774 1991 cum
805 1927 973 2011 dispendio
1005 1927 1180 2010 religiosae
1210 1929 1400 2013 disciplinae

66 2018 192 2083 multas
215 2015 441 2099 exemptiones
465 2019 499 2080 et
522 2014 782 2099 dispensationes
805 2036 827 2081 a
849 2016 965 2099 regula
982 2016 1093 2083 fecere
1108 2022 1224 2102 postea
1240 2023 1400 2100 cogentur

67 2112 169 2189 etque
192 2105 390 2172 relaxationi
415 2104 537 2169 ordinis
561 2104 648 2169 viem
672 2108 832 2171 sternant.

157 2205 197 2269 R.
224 2206 254 2269 2.
301 2202 381 2268 Post
404 2202 523 2267 emissa
546 2206 642 2279 vote,
673 2203 793 2267 nedum
816 2202 1003 2280 sollemnia,
1034 2204 1092 2268 sed
1116 2204 1216 2270 etiam
1239 2204 1421 2290 simplicia·

67 2298 210 2370 tantum,
235 2312 320 2374 quae
342 2295 418 2374 post
440 2291 573 2357 decreta
603 2252 662 2357 Pii
686 2291 732 2356 lX
763 2291 841 2358 data
864 2292 895 2358 d
923 2294 962 2357 19
986 2292 1097 2359 Mertii
1123 2295 1207 2358 1857
1232 2297 1310 2360 ante
1333 2294 1398 2359 sol·

68 2383 200 2448 lemnen
223 2381 460 2465 professionem
483 2402 543 2464 pro
567 2379 707 2446 triennio
732 2380 837 2446 emitti
862 2380 1049 2458 debente
1031 2386 1177 2465 atquae
1206 2404 1266 2467 per
1289 2383 1399 2448 dimis-

67 2473 193 2538 sionem
218 2491 260 2535 ex
284 2469 397 2535 ordine
420 2469 516 2553 plene
539 2468 725 2536 solvuntur:
755 2469 884 2535 infirma
907 2471 1080 2549 valetudo,
1105 2491 1190 2554 quae
1219 2476 1294 2556 post
1323 2493 1398 2556 pro·

69 2561 246 2626 fossionem
269 2562 421 2625 votorum
446 2558 639 2642 simplicium
663 2558 900 2643 supervenerit,
925 2581 989 2624 non
1006 2560 1196 2642 agnoscitur
1211 2582 1270 2644 pro
1288 2582 1398 2639 causa,

67 2671 126 2715 cur
149 2671 170 2714 a
193 2647 415 2733 superioribus
437 2647 566 2713 illorum
591 2648 756 2725 ordinum,
781 2670 863 2750 quos
887 2649 1021 2715 decreta
1042 2648 1101 2715 illa
1123 2654 1292 2733 spectant,
1323 2671 1399 2733 pro·

66 2741 177 2804 fessus
192 2744 344 2805 votorum
363 2737 557 2820 simplicium
576 2737 681 2819 possit
666 2737 829 2805 tdimitti.
863 2741 896 2805 S.
915 2740 1009 2823 Conq.
1027 2739 1110 2823 Epp.
1129 2741 1246 2825 etRep.
1271 2742 1311 2804 12
1327 2740 1397 2806 lun.

67 2834 102 2894 et
129 2826 251 2892 171ul.
275 2829 370 2892 1858.

159 2925 199 2992 R.
231 2927 263 2990 3.
320 2922 539 2989 Nihilominus
575 2928 768 2989 occurrente
806 2944 885 2989 casu
919 2946 1071 2991 recursus
1108 2925 1179 2992 fieri
1212 2929 1323 3009 potest
1357 2926 1397 2991 ad

68 3016 101 3082 S.
127 3014 244 3080 Sedem
267 3033 326 3077 seu
350 3013 381 3078 S.
407 3012 702 3093 Congregationem
725 3013 807 3097 Epp.
833 3017 867 3079 et
889 3014 1016 3096 Regul.‚
1042 3036 1126 3097 quae
1149 3037 1191 3080 ex
1215 3015 1276 3079 hac
1300 3035 1398 3080 cause

67 3103 219 3188 professo
242 3106 395 3168 votorum
424 3100 617 3184 simplicium
647 3105 764 3186 petenti
794 3101 1071 3186 dispensationem
1100 3108 1134 3170 et
1161 3104 1354 3170 solutionem
1379 3124 1399 3169 a

68 3193 199 3257 vinculo
234 3194 344 3257 status
375 3189 519 3272 religiosi
554 3193 588 3254 et
620 3195 772 3257 votorum
808 3196 917 3274 potest
949 3193 1137 3259 concedere.
1190 3192 1237 3258 Cf.
1274 3193 1314 3257 de
1348 3191 1398 3257 his

68 3281 220 3347 omnibus
247 3280 304 3345 [lli.
328 3302 370 3345 m.
394 3279 419 3355 I,
445 3282 519 3345 504.
545 3281 627 3354 5053
654 3280 930 3346 Vermearsoh
952 3281 975 3347 l.
999 3302 1026 3347 c.
1052 3303 1082 3346 n.
1108 3284 1183 3347 326.

159 3370 263 3434 Immo
285 3389 344 3452 pro
364 3372 483 3434 nature
498 3367 699 3434 infirmitatis
714 3369 784 3434 fieri
800 3372 920 3453 potest,
945 3369 1087 3436 maxime
1105 3371 1134 3436 si
1152 3370 1238 3435 aliae
1253 3370 1398 3436 rationes

68 3459 240 3535 accedant,
265 3461 302 3524 ut
324 3457 406 3523 haec
424 3458 585 3523 habeatur
600 3479 659 3541 pro
676 3479 776 3523 cause
792 3459 997 3540 gravissima,
1023 3481 1082 3525 cur
1097 3461 1140 3525 ab
1162 3460 1234 3543 ipsa
1249 3459 1398 3525 sollemni

67 3547 275 3633 professione
291 3547 322 3613 S.
340 3546 441 3612 Sedes
460 3548 618 3613 concedat
640 3547 846 3614 solutionem.
881 3548 943 3625 lta,
968 3554 1005 3615 ut
1027 3549 1061 3614 in
1084 3549 1202 3614 libellis
1224 3548 1399 3632 periodicis

67 3641 191 3705 Linzor
215 3635 466 3718 Quomolsobrift
495 3635 570 3700 anni
598 3639 682 3703 1902
713 3658 743 3721 p.
772 3640 833 3702 110
850 3658 898 3719 sq.
927 3638 1086 3716 refertur,
1117 3641 1151 3706 S.
1178 3639 1326 3723 Officium
1357 3658 1398 3703 ex

67 3726 205 3812 speciali
229 3725 389 3792 facultate
413 3745 433 3790 a
457 3725 488 3790 S.
514 3724 672 3791 Pontifica
695 3732 832 3809 accepta
854 3726 950 3792 alicui
974 3727 1072 3794 fratri
1095 3727 1178 3793 laico
1203 3727 1324 3792 ordinis
1347 3748 1399 3792 re·

68 3816 178 3899 ligiosi
196 3813 400 3881 sollemniter
416 3814 574 3896 professo,
599 3814 704 3896 quiet
726 3815 887 3899 scrupulis
909 3816 1083 3882 laborabat
1106 3821 1141 3882 et
1162 3816 1280 3881 iudicio
1296 3817 1399 3881 medi·

69 3927 183 3972 corum
199 3903 378 3987 periculum
403 3903 591 3986 patiebatur
613 3905 646 3968 in
663 3905 870 3983 dementiam,
894 3925 995 3987 aqua
1010 3906 1107 3971 modo
1122 3910 1259 3972 sanatus
1278 3904 1398 3983 fuerat,

68 3992 255 4068 relabendi,
283 3993 311 4058 si
334 3997 516 4059 resumeret
538 3992 725 4074 religiosam
749 3993 869 4071 vitam,
895 3995 1056 4061 concessit
1079 3995 1354 4079 dispensationem
1379 4016 1400 4059 a

68 4084 157 4150 vetis
190 4102 263 4146 curn
296 4085 462 4166 potestate
494 4081 625 4147 ineundi
657 4083 871 4160 matrimonii,
905 4083 1003 4149 certis
1035 4089 1146 4150 temen
1179 4084 1399 4149 clausulist
1365 4088 1399 4149 et

68 4170 281 4258 poenitentiis
304 4169 448 4236 adiuuet
424 4175 477 4236 trs.

157 4287 212 4353 An
236 4305 428 4362 qnaasruun
460 4288 509 4350 3.
555 4284 595 4350 A.
628 4288 741 4366 Quoad
771 4286 921 4352 Herberti
950 4294 1095 4372 teporem.
1142 4289 1180 4353 R.
1209 4291 1235 4352 1.
1276 4288 1328 4350 Ex
1359 4306 1397 4350 eo
1407 4300 1458 4354 307

69 4378 154 4461 qued
178 4375 363 4442 Herbertus
388 4376 552 4461 aliquoties
575 4379 691 4440 contre
713 4379 793 4441 vota
815 4371 964 4457 graviter
986 4376 1150 4460 peccavit,
1178 4375 1293 4440 inferri
1317 4395 1397 4439 non·

70 4468 145 4533 dum
169 4468 292 4551 potest,
316 4485 390 4528 eum
413 4467 546 4547 praeter
569 4464 721 4530 mortalia
744 4468 880 4548 peccata
904 4465 1051 4530 contre
1042 4487 1148 4549 ipsum
1180 4463 1260 4529 illud
1284 4467 1397 4529 votum

70 4557 154 4638 quod
173 4553 314 4620 violavit
337 4552 519 4629 commissa,
543 4552 676 4636 insuper
699 4575 818 4619 novum
842 4555 981 4619 mortale
1004 4558 1174 4639 peccatum
1199 4552 1398 4617 commisisse

71 4645 237 4712 abiciendo
255 4663 367 4709 curam
384 4641 608 4726 perfectiouis:
633 4664 709 4709 nam
731 4643 773 4708 ed
795 4643 829 4707 id
852 4643 1038 4725 requiritur,
1062 4648 1099 4710 ut
1119 4645 1303 4729 frequenter
1317 4640 1398 4706 illud
