3106 5168
342 289 459 345 Votnm:
478 288 649 345 condiciones
666 288 844 353 necessariae,
863 304 1011 357 earumque
1028 286 1160 344 defectus.
1351 289 1414 353 133

87 465 300 551 impediverit
329 464 525 531 condicionis
548 464 813 532 verificationem.
859 463 968 542 Quare
992 468 1030 532 ut
1048 462 1209 531 iniuriam
1232 463 1322 529 illam
1345 462 1417 530 Deo

88 556 217 622 illatam
240 555 325 632 luat,
356 554 557 620 suadendum
580 559 648 632 est,
679 558 717 621 ut
739 554 866 621 ratione
889 553 1111 638 paenitentiae
1133 573 1215 636 opus
1238 558 1317 619 voto
1340 573 1417 636 pro·

87 643 456 800 rsrriszrrlmhnilssllongqrgs
486 649 649 729 praestem
681 665 795 712 verum
827 643 909 710 baec
938 663 1003 709 non
1033 647 1085 711 est
1107 643 1225 711 stricta
1247 640 1416 724 obligatio.

115 787 121 801 .
203 755 264 819 p.
338 783 346 814 ,
440 786 447 801 .

424 925 657 993 OBLIGATIO
682 925 742 991 EX
764 924 883 993 VOT0
906 923 1083 991 ALIENO.

656 1069 765 1139 Casus.
793 1076 851 1147 (ra)

179 1193 325 1266 Arcadia,
353 1200 488 1254 matrona
509 1193 575 1271 pia,
598 1194 683 1255 vovit
703 1213 736 1254 se
756 1193 848 1254 filium
869 1192 994 1273 primum
1015 1212 1100 1271 quern
1121 1193 1204 1254 Deus
1225 1191 1282 1253 sibi
1303 1191 1418 1252 dederit

87 1276 196 1336 altaris
218 1274 341 1336 servitio
362 1280 609 1335 consecraturam.

178 1356 289 1415 Lucius
310 1357 412 1424 abbas,
434 1373 497 1413 curn
521 1359 625 1413 exorto
645 1352 781 1413 incendio
802 1353 963 1431 periculum
984 1353 1157 1426 immineret,
1183 1372 1221 1412 ne
1240 1357 1335 1412 totum
1355 1372 1416 1412 mo·

87 1435 251 1495 neoterium
273 1435 398 1495 flammis
419 1437 639 1505 absumeretur,
661 1434 744 1493 vovit
764 1439 857 1493 totam
879 1434 1117 1494 communitatem
1139 1433 1296 1510 quotannis
1316 1433 1348 1492 in
1369 1433 1416 1492 die

87 1516 211 1592 vigiliae
232 1516 275 1575 δ”
295 1516 435 1590 Agathae
461 1515 657 1574 ieiunaturam
678 1533 761 1584 esse,
790 1514 816 1573 si
843 1514 1054 1574 monasterium
1080 1514 1209 1573 immune
1236 1519 1415 1575 servaretur.

88 1596 153 1668 Quo
174 1601 246 1655 voto
267 1596 386 1667 emisso,
407 1595 470 1654 lere
490 1594 558 1654 ilico
580 1596 697 1653 flamma
718 1598 765 1653 est
785 1595 943 1655 exstincta.

178 1675 320 1737 Similiter
347 1675 540 1752 magistratus
569 1675 693 1736 alicuius
721 1675 802 1735 urbis
824 1680 895 1736 voto
922 1694 956 1735 se
983 1674 1207 1735 adstrinxerunt
1241 1674 1279 1733 ad
1306 1675 1416 1734 festum

87 1758 139 1818 SS.
152 1756 257 1818 Gordia
270 1762 304 1816 ut
323 1757 432 1816 festum
446 1755 637 1831 obligationis
658 1774 712 1833 pro
733 1755 842 1834 populo
856 1756 1012 1831 agendum,
1036 1755 1062 1816 si
1083 1758 1202 1815 morbus
1223 1754 1416 1831 contagiosus

86 1844 195 1898 cesset.

86 1936 268 2008 Qurnnrrna
289 1935 318 1994 1⁰
342 1952 412 1994 num
433 1933 512 1993 filius
532 1932 682 1992 Arcadiae
709 1953 747 1994 ex
769 1938 839 1993 voto
866 1933 971 1994 matris
998 1939 1110 1994 statum
1137 1932 1305 1993 clericalem
1334 1952 1416 1992 assu·

344 2033 424 2074 mere
447 2013 562 2073 debeat.

289 2097 319 2153 2⁰
344 2114 413 2153 num
436 2093 608 2153 monasterii
637 2092 752 2153 incolae
776 2113 934 2171 eorumque
962 2111 1150 2154 successores
1171 2091 1202 2153 vi
1222 2092 1285 2153 voti
1312 2092 1350 2153 ad
1376 2092 1417 2154 ie·

343 2175 454 2233 iunium
476 2179 642 2233 teneantur.

289 2257 319 2315 3⁰
344 2274 413 2314 num
435 2255 560 2332 populus
582 2259 720 2313 teneatur
740 2253 771 2312 vi
791 2254 854 2314 voti
875 2254 912 2313 ad
933 2254 1049 2314 festum.

687 2410 823 2478 Salutio.

179 2538 232 2602 An
262 2556 452 2612 ouansrrurr
482 2539 520 2599 1¹¹¹
549 2535 588 2602 R.
616 2539 644 2602 1.
696 2535 833 2602 Factum
869 2536 1009 2603 alienum
1045 2557 1103 2620 per
1136 2556 1173 2601 se
1207 2557 1272 2601 non
1306 2539 1479 2620 potest265

88 2625 220 2702 voveri3
252 2646 353 2708 quare
382 2624 468 2689 filius
491 2624 653 2690 Arcadiae
682 2645 747 2689 non
778 2628 888 2709 potest
918 2646 961 2691 ex
990 2631 1068 2692 voto
1099 2625 1262 2692 Arcadiae
1291 2625 1325 2691 vi
1348 2626 1418 2693 voti

87 2715 239 2798 obligari,
264 2714 326 2780 nisi
349 2714 436 2781 lorte
459 2719 576 2798 postea
599 2714 808 2781 consentiens
830 2718 1008 2796 votumque
1030 2715 1216 2800 approbans
1244 2715 1305 2780 lroc
1328 2715 1419 2782 facto

87 2804 247 2889 implicite
270 2805 340 2888 ipse
362 2803 501 2870 voverit.
521 2841 566 2851 —
589 2803 705 2886 Neque
728 2804 761 2869 in
784 2804 846 2869 hac
869 2824 914 2880 re,
939 2808 1047 2871 status
1070 2804 1195 2872 scilicet
1219 2805 1308 2870 vitae
1331 2804 1418 2871 elec·

88 2895 190 2971 tione,
214 2898 322 2959 mater
337 2893 390 2958 vel
412 2897 509 2977 pater
531 2893 615 2957 filios
631 2892 742 2958 iubere
760 2896 887 2977 potest3
912 2913 1013 2975 qnare
1028 2914 1134 2975 neque
1153 2914 1195 2959 ex
1211 2893 1418 2961 oboedientia

88 2985 130 3050 ad
155 2987 281 3049 statum
304 2981 488 3049 clericalem
512 2982 742 3047 assumendum
765 2983 857 3048 valet
879 2982 1027 3065 obligari.

179 3089 218 3156 R.
244 3091 274 3157 2.
321 3088 466 3153 Tenetur
496 3091 608 3153 tamen
639 3092 760 3167 mater,
796 3087 823 3153 si
855 3086 925 3173 ipse
957 3087 1044 3154 filins
1076 3087 1260 3154 clericalem
1292 3091 1417 3155 statum

87 3178 211 3261 eligere
234 3177 391 3252 voluerit,
416 3176 449 3240 vi
473 3174 542 3241 voti
565 3177 730 3252 abstinere
760 3178 952 3261 aponendo
975 3176 1224 3261 impedimento;
1254 3177 1418 3244 actionem

88 3269 175 3333 enirn
193 3267 333 3333 alienam
348 3265 484 3350 implere
500 3264 629 3347 quidem
645 3287 740 3331 nemo
755 3270 875 3350 potest,
900 3265 1139 3351 non-impedire
1154 3270 1273 3351 potest.
1310 3265 1418 3343 Quare

87 3359 150 3423 hoc
175 3357 293 3422 saltem
315 3376 414 3421 sensu
437 3360 550 3421 votum
572 3355 748 3420 Arcadiam
773 3355 907 3438 obligat.
946 3356 1050 3422 Immo
1074 3355 1173 3423 etiarn
1197 3359 1328 3424 tenetur
1350 3355 1417 3421 filio

87 3446 297 3513 vocationem
327 3445 510 3510 clericalem
540 3464 723 3529 proponere
752 3450 852 3526 atque
875 3445 963 3511 viam
994 3465 1193 3530 praeparare
1222 3446 1264 3510 ad
1293 3449 1417 3512 sortem

88 3535 219 3602 Domini
244 3534 445 3617 eligendam,
476 3533 504 3599 si
528 3554 625 3615 quarn
648 3533 893 3602 inclinationem
922 3535 1048 3601 adhoc
1075 3534 1138 3600 Dei
1160 3534 1270 3619 gratia
1292 3534 1327 3600 in
1349 3534 1416 3601 filio

87 3623 296 3692 excitaverit.
348 3624 403 3689 lle.
428 3645 468 3690 m.
493 3623 517 3701 1,
542 3625 617 3690 441.

179 3741 231 3805 An
255 3759 446 3815 ounnsrrun
470 3741 508 3802 2¹¹¹
532 3737 570 3803 R.
593 3739 621 3804 1.
662 3735 788 3820 Singuli
810 3736 965 3821 religiosi,
992 3737 1052 3802 nisi
1077 3742 1155 3805 ante
1178 3743 1292 3806 votum
1315 3738 1479 3810 inter-266

87 3829 197 3914 rogati
221 3827 455 3903 consenserint,
479 3827 511 3891 vi
536 3826 606 3892 voti
630 3848 694 3891 non
716 3830 872 3893 tenentur
894 3827 938 3893 ad
960 3826 1123 3893 ieiunium.
1394 3903 1396 3907 ¹

178 3918 302 3983 Verum
331 3915 384 3982 hic
413 3917 553 3983 habetur
581 3916 759 3993 obiectum,
792 3917 877 3998 quod
907 3917 1056 4000 superior·
1085 3917 1197 3983 iubere
1219 3921 1347 4000 potest;
1378 3939 1418 3985 ac

87 4008 192 4092 proin,
217 4011 254 4073 ut
277 4007 395 4072 Lucius
418 4026 457 4071 eo
481 4027 544 4088 quo
567 4006 673 4088 possit
687 4005 783 4070 modo
799 4006 911 4085 faciat,
936 4010 973 4072 ut
997 4007 1082 4088 quod
1098 4006 1192 4073 vovit
1215 4007 1418 4075 exsecutioni

88 4100 195 4175 detur,
219 4101 352 4164 tenetur
366 4115 426 4179 pro
443 4094 676 4161 communitate
692 4093 752 4161 hoc
767 4094 921 4160 ieiunium
937 4098 1098 4161 inducere.
1134 4095 1226 4174 Quod
1245 4095 1272 4161 si
1290 4100 1417 4163 utcum-

87 4209 151 4270 que
174 4185 314 4263 induxit,
337 4185 482 4266 illudque
506 4183 721 4251 communiter
743 4184 948 4264 observatur,
972 4185 1103 4251 videtur
1125 4189 1203 4253 voto
1235 4207 1295 4251 suo
1318 4186 1417 4251 satis·

88 4277 223 4354 fecisse,
254 4274 317 4342 etei
346 4272 467 4356 singuli
491 4272 635 4356 religiosi
665 4294 730 4338 non
759 4274 819 4338 sub
849 4273 997 4356 rigoroso
1026 4279 1203 4360 praecepto
1229 4277 1416 4341 teneantur,

88 4368 134 4434 At
157 4365 186 4431 si
210 4363 397 4430 observatio
420 4362 654 4438 remitteretur,
679 4361 797 4428 Lucius
816 4362 929 4447 utique
947 4368 1117 4430 teneretur
1140 4364 1182 4430 ad
1205 4385 1278 4430 eanr
1301 4362 1417 4428 melius

88 4454 317 4522 inculcandam
341 4453 393 4518 vel
417 4451 517 4518 etiarn
540 4453 635 4536 plene
658 4451 842 4520 iubendam.

177 4559 217 4626 R.
243 4561 273 4626 2.
319 4555 449 4624 Posteri
479 4556 577 4624 etiam
608 4556 714 4622 minus
744 4566 890 4624 tenentur
922 4558 963 4622 ad
993 4557 1147 4622 ieiunium
1177 4557 1238 4622 nisi
1269 4557 1303 4623 vi
1333 4556 1416 4639 legis

88 4649 279 4735 impositam
303 4666 409 4729 neque
432 4667 601 4713 successor
618 4646 707 4713 Lucii
732 4651 764 4714 υἱ
786 4651 847 4714 voti
870 4649 1039 4713 teneretur
1061 4646 1103 4710 ad
1126 4646 1234 4727 legem
1252 4645 1416 4713 sustinen-
