3106 5168
328 298 429 355 Votum
450 299 551 371 suscip.
568 317 592 354 s.
610 301 744 366 ordinum,
762 299 955 369 ingrediendae
972 300 1120 370 religionis.
1325 305 1388 370 145

150 477 190 542 E.
215 478 246 544 5.
293 476 372 542 Inde
395 479 512 560 sponte
536 477 687 554 efficitur,
711 481 750 544 ut
772 481 882 543 status
903 476 1077 558 religiosus
1100 478 1133 543 in
1161 499 1198 543 se
1220 483 1390 564 spectatus

54 565 224 648 (adeoque
252 566 398 649 seposito
428 566 611 632 sacerdotio
641 568 727 649 quod
759 566 854 632 multi
883 567 1028 648 religiosi
1058 567 1253 653 suscipiunt)
1283 569 1390 651 quoad

55 654 274 739 perfectionis
290 654 490 721 christianae
509 655 744 739 professionem
760 654 946 721 sacerdotio
968 655 1013 722 sit
1036 656 1134 722 altior
1157 662 1191 723 et
1214 657 1389 737 efficacior,

57 743 226 829 dignitate
249 748 285 811 et
307 744 500 811 charactere
523 766 603 811 sane
626 744 770 811 inferior.

151 866 205 933 An
222 887 413 944 onnnsmuu
433 871 472 932 2¹²¹
495 868 534 934 R.
554 872 582 934 1.
618 867 844 934 Confessarius
859 868 1040 949 Dagoberti
1056 869 1126 934 sine
1142 869 1239 936 dubio
1255 869 1390 937 erravit.
1400 880 1449 933 291

151 964 241 1031 Nam
268 968 299 1046 l)
323 965 420 1043 Dato,
445 988 509 1031 non
526 986 691 1044 concesso,
715 965 749 1030 in
768 964 931 1032 adiunctis
946 965 1009 1031 loci
1025 971 1059 1033 et
1076 967 1233 1050 temporis
1249 966 1392 1034 fortasse

58 1060 251 1139 praestare,
279 1058 317 1121 ut
339 1055 548 1136 Dagobertus
572 1076 645 1119 cum
667 1053 865 1120 sacerdotali
889 1054 1050 1137 dignitate
1073 1076 1186 1122 curam
1209 1054 1392 1122 animarum

58 1149 228 1210 assumat:
251 1148 363 1210 votum
380 1144 612 1226 ingrediendae
627 1142 804 1226 religionis,
822 1142 850 1207 si
866 1143 981 1225 religio
997 1166 1096 1210 sensu
1111 1144 1226 1211 stricto
1242 1145 1391 1223 sumitur,

59 1238 178 1299 votum
208 1236 414 1299 reservatum
444 1238 511 1311 est,
541 1233 627 1316 quod
657 1233 821 1317 privatam
849 1233 1131 1320 commutationem
1148 1254 1213 1298 non
1236 1234 1391 1300 admittit.

60 1321 156 1399 Quae
179 1322 220 1387 de
243 1322 392 1387 omnibus
415 1322 544 1405 quidem
568 1320 748 1388 reservatis
772 1320 858 1386 votis
882 1322 997 1404 regula
1022 1327 1089 1399 est,
1115 1322 1153 1388 at
1177 1344 1235 1405 pro
1258 1323 1393 1406 reliquis

61 1432 105 1476 ea
129 1410 316 1478 admittitur
339 1412 507 1495 exceptio,
532 1415 569 1476 ut
591 1411 692 1477 liceat
715 1432 755 1477 ea
778 1414 979 1476 commutare
1002 1411 1035 1476 in
1057 1411 1293 1495 professionem
1317 1412 1393 1477 reli·

61 1500 209 1583 giosam;
236 1520 315 1582 ergo
340 1500 451 1566 debuit
474 1501 591 1567 saltem
615 1500 768 1565 iudicium
792 1499 960 1566 Ecclesiae
984 1499 1042 1580 (δ”
1065 1500 1172 1584 Sedis)
1196 1501 1392 1585 exspectari.

63 1591 101 1670 2)
125 1589 336 1672 Dagobertus
364 1589 398 1654 in
428 1590 500 1673 ipsa
522 1588 680 1670 religione
703 1589 858 1654 sacerdos
880 1589 952 1654 fieri
974 1588 1097 1673 potuit,
1129 1609 1236 1671 neque
1258 1595 1394 1675 propter

62 1678 255 1761 religiosum
270 1681 395 1745 statum
411 1683 616 1762 assumptum
634 1678 676 1744 ad
696 1698 807 1743 curam
824 1677 1006 1744 animarum
1022 1678 1239 1744 exercendam
1251 1679 1394 1763 ineptior

62 1767 190 1834 evadit.
224 1766 337 1834 Potuit
359 1767 461 1849 igitur
484 1767 704 1832 confessarius
727 1766 875 1844 suadere,
899 1774 937 1833 ut
959 1768 1168 1850 Dagobertus
1187 1768 1327 1851 aliquem
1351 1789 1394 1833 ex

63 1856 230 1939 religiosis
260 1856 426 1921 ordinibus
456 1856 610 1936 eligeret,
641 1857 696 1938 qui
726 1877 838 1921 curam
868 1856 1050 1923 animarum
1080 1877 1123 1922 ex
1152 1878 1211 1922 suo
1240 1857 1394 1924 inst'tuto

63 1945 214 2012 admittit
242 1945 296 2011 vol
327 1952 470 2012 exercet.
517 1943 676 2022 Quoniam
706 1944 792 2010 enim
822 1965 864 2010 ex
893 1948 972 2011 voto
1002 1967 1061 2011 suo
1091 1946 1300 2029 Dagobertus
1329 1966 1394 2012 non

63 2034 199 2100 videtur
222 2039 348 2101 certum
372 2035 517 2100 ordinem
540 2034 728 2117 religiosum
750 2033 996 2114 determinasse,
1019 2034 1122 2100 libere
1144 2035 1232 2101 inter
1247 2034 1395 2101 diversos

64 2127 179 2209 potest
201 2123 332 2206 eligere.
380 2126 414 2205 3)
446 2122 513 2189 Soli
540 2123 683 2207 episcopi
716 2126 849 2208 propter
872 2123 1014 2189 officium
1045 2145 1140 2189 suum
1169 2124 1394 2209 prohibentur,

65 2212 240 2295 quominus
264 2212 391 2296 possint
413 2213 599 2278 inconsulta
621 2213 653 2278 S.
674 2212 757 2277 Sede
780 2211 929 2295 deposito
948 2232 1082 2277 munere
1104 2213 1292 2295 religiosum
1308 2212 1395 2279 ordi·

66 2323 144 2368 nem
167 2301 310 2383 ingredi;
335 2302 408 2367 aliis
432 2300 559 2366 clericis
582 2304 616 2367 et
638 2300 880 2379 sacerdotibus,
905 2302 1006 2368 etiam
1029 2301 1169 2371 curatis.
1194 2301 1305 2367 licebit
1328 2306 1396 2368 siue

67 2394 163 2457 rozio
179 2389 230 2455 sui
246 2391 409 2476 Episcopi,
434 2391 503 2456 solo
521 2390 597 2455 dato
617 2389 647 2455 ei
666 2389 790 2468 nuntio,
815 2390 930 2456 relicto
947 2389 1064 2466 officio,
1089 2390 1276 2473 religiosam
1292 2390 1394 2457 vitam

68 2500 254 2556 assumere;
285 2484 320 2546 et
342 2500 539 2562 quamquam
562 2478 748 2564 episcopus,
779 2478 807 2544 si
829 2500 865 2544 re
889 2501 969 2544 vera
992 2479 1109 2545 clerico
1132 2479 1189 2545 illo
1212 2479 1396 2546 necessario

67 2568 233 2651 indigeat,
266 2571 351 2653 apud
384 2570 416 2635 S.
440 2568 556 2633 Sedem
588 2588 686 2650 agere
716 2571 827 2651 potest
857 2589 916 2651 pro
950 2571 1019 2633 eius
1051 2569 1277 2648 revocatione,
1310 2573 1397 2635 teste

68 2657 249 2724 Benedicto
273 2658 361 2736 XIV,
393 2657 616 2724 difficillimum
641 2678 769 2742 semper
798 2657 861 2723 erit
891 2657 924 2722 in
954 2658 1016 2723 hoc
1046 2659 1178 2740 negotio
1210 2659 1397 2743 episcopum

69 2768 143 2813 esse
169 2747 341 2825 victurum,
366 2748 450 2828 quod
474 2748 542 2812 late
565 2746 635 2829 ipse
659 2746 690 2813 S.
714 2745 867 2812 Pontifex
890 2747 1100 2830 prosequitur
1121 2747 1154 2812 in
1178 2748 1299 2814 litteris
1328 2749 1398 2825 ,Ex

69 2858 135 2920 quo
159 2836 316 2903 dilectus“
347 2839 386 2900 14
408 2837 476 2902 lan.
499 2838 595 2900 1747.

160 2934 266 3001 Multo
289 2933 391 3016 igitur
414 2934 520 2998 minus
543 2932 651 3016 potuit
674 2932 883 3014 Dagobertns
912 2954 972 3016 pro
995 2937 1086 2999 statu
1108 2933 1277 3015 religioso,
1301 2953 1398 3014 quern

70 3027 332 3179 gcxtgffiiistuto
356 3023 478 3104 eligere
506 3026 629 3088 statum
654 3021 829 3087 sacerdotii
853 3023 1056 3088 saecularem
1081 3043 1192 3087 curam
1216 3022 1397 3087 animarum

160 3228 200 3294 R..
221 3231 250 3294 2.
290 3227 406 3309 Neque
421 3224 563 3309 Adolphi
584 3225 803 3291 confessarius
827 3226 956 3291 omnino
980 3230 1070 3292 recte
1093 3224 1260 3291 iudicavit.
1295 3224 1459 3292 Rectam

71 3317 203 3401 quidem
227 3317 327 3394 dixit,
358 3315 386 3381 si
417 3316 450 3380 in
481 3336 557 3380 casu
582 3315 722 3400 Adelphi
746 3316 949 3381 solummodo
972 3319 1086 3381 votum
1117 3334 1181 3396 qua
1210 3314 1278 3379 tale
1304 3334 1398 3398 spec-

70 3407 209 3473 tandum
241 3408 348 3471 esset:
381 3406 443 3470 hoc
476 3405 560 3469 enim
594 3425 636 3468 cx
668 3404 764 3469 modo
797 3403 893 3470 dictis
925 3407 1027 3488 patet.
1075 3404 1198 3469 Verum
1230 3403 1399 3487 Adolphus

71 3495 240 3563 contraxit
263 3499 396 3580 praeter
410 3498 524 3560 votum
540 3493 772 3575 obligationem
795 3493 963 3559 fidelitatis
987 3497 1021 3558 et
1042 3491 1297 3575 quasi-iustitiae
1320 3514 1400 3576 erga

72 3586 278 3670 episcopum:
310 3585 457 3665 adeoque
481 3604 533 3647 res
557 3604 630 3647 cum
664 3603 703 3646 eo
736 3587 835 3647 antea
858 3582 1081 3666 componenda
1104 3586 1165 3649 est.
1212 3582 1291 3647 Cum
1315 3582 1398 3647 enim

71 3677 191 3740 bonum
216 3674 270 3751 sit,
293 3673 326 3738 in
351 3678 441 3739 statu
457 3672 637 3737 sacerdotis
656 3671 817 3736 saeculari
836 3670 896 3736 sub
913 3671 1065 3755 episcopo
1081 3671 1249 3737 Ecclesiae
1265 3672 1400 3749 servire,

72 3763 242 3847 Adolphus
265 3762 374 3846 potuit
403 3782 439 3826 se
469 3761 510 3826 ad
540 3763 601 3826 boc
632 3760 731 3825 etiam
764 3781 843 3841 erga
867 3760 1054 3844 episcopum
1077 3762 1276 3847 adstringere
1300 3765 1400 3843 atque

72 3853 226 3937 episcopo
249 3851 300 3916 ius
324 3852 524 3917 concedere.⁴
551 3850 732 3931 Atqueita
755 3849 929 3932 aliquando
952 3851 1007 3928 fit,
1031 3854 1069 3916 ut
1092 3850 1214 3915 alumni
1238 3855 1401 3916 certorum

72 3942 284 4025 collegiorum
308 3940 500 4024 promittere
522 3939 662 4003 debeant
686 3960 721 4003 se
745 3943 820 4021 post
843 3942 1014 4022 susceptos
1030 3938 1159 4004 ordines
1181 3959 1292 4004 sacros
1315 3939 1401 4004 nolle

72 4031 202 4114 ingredi
225 4030 371 4096 ordinem
394 4028 582 4110 religiosum
606 4028 676 4092 sinc
700 4028 842 4111 episcopi
866 4028 920 4093 vel
944 4028 988 4093 δ”
1010 4028 1101 4094 Sedis
1124 4028 1230 4094 venia.

163 4127 320 4194 Attamen
346 4127 445 4192 etiam
477 4126 509 4189 in
533 4126 594 4190 boc
618 4146 696 4190 casu
723 4125 755 4207 l)
779 4125 882 4190 videri
907 4125 1019 4201 debet,
1052 4146 1114 4207 quo
1137 4125 1207 4189 iure
1231 4125 1401 4208 episcopus

74 4217 215 4283 alumnis
238 4217 339 4284 talem
363 4215 594 4298 obligationem
617 4213 780 4297 imponam
813 4214 846 4296 2)
876 4236 941 4279 non
965 4214 1099 4298 expedit
1128 4235 1164 4278 so
1188 4213 1398 4278 difficiliorem

73 4308 233 4391 praebere
255 4306 288 4370 in
312 4304 518 4370 concedenda
542 4302 638 4368 venia
661 4304 876 4368 assumendae
899 4304 989 4370 vitae
1012 4303 1202 4386 religiosae,
1236 4323 1307 4366 cum
1331 4303 1400 4383 ipse

74 4394 175 4462 ctiam
192 4396 223 4461 S.
241 4394 395 4460 Pontifex
411 4393 517 4474 quoad
537 4414 668 4457 suorum
685 4392 895 4474 collegiorum
912 4394 1060 4458 alumnos
1077 4392 1217 4457 difficilis
1241 4410 1313 4454 esse
1336 4410 1400 4453 non

75 4485 181 4550 soleat
204 4485 236 4548 in
260 4484 319 4550 tali
344 4482 440 4548 venia
464 4483 580 4547 danda.
629 4480 779 4562 Alioquin
806 4482 954 4565 Adelpho
978 4502 1129 4545 recursus
1153 4480 1193 4545 ad
1227 4478 1258 4543 S.
1284 4478 1400 4542 Sedem

75 4578 204 4650 manet,
235 4593 320 4655 qnae
344 4573 558 4637 communiter
580 4592 639 4654 pro
663 4571 778 4651 regula
801 4571 900 4637 sumit
930 4591 986 4646 ea,
1018 4591 1101 4650 quae
1125 4570 1158 4632 in
1182 4567 1279 4632 simili
1303 4588 1402 4631 causa

77 4663 107 4728 S.
133 4663 270 4745 Gregor.
295 4663 339 4726 M.
364 4661 459 4727 alicui
483 4661 636 4744 episcopo
660 4660 870 4740 conquerenti
894 4657 1040 4741 scripsit:
1070 4659 1267 4733 ,Hortamur
1290 4655 1401 4737 igitur,

128 4773 297 4822 Lehmkuhl,
312 4773 384 4815 Casus
398 4773 556 4815 consolantiae.
584 4771 601 4812 1.
1156 4761 1188 4814 10
