3106 5168
168 279 231 342 174
379 272 421 329 De
440 273 588 329 virtutibus
606 277 635 328 st
652 274 751 329 officiis
769 291 835 344 erga
852 273 948 329 Deum.
967 304 1002 313 -
1017 274 1113 331 Virtus
1130 275 1278 346 religionis.

255 450 293 518 R.
318 453 349 518 4.
396 450 473 517 Alia
495 454 572 517 sunt
599 470 715 535 opera,
747 472 831 535 quae
854 452 937 518 adeo
960 452 1094 519 servilia
1116 459 1210 533 sunt,
1240 454 1392 521 utnulla
1415 476 1491 522 con·

165 540 338 606 suetudine
361 540 432 606 fieri
454 541 569 625 possit,
593 543 630 605 ut
652 540 738 606 inter
762 561 863 625 opera
884 541 976 608 licita
998 546 1242 621 recenseantur,
1266 564 1298 610 v.
1315 566 1347 627 g.
1367 544 1489 624 fodere,

165 650 271 708 arare,
297 628 383 695 fabri
406 629 536 695 ferrarii
559 630 614 695 vel
635 629 767 712 lignarii
791 634 897 697 artem
920 650 1075 697 exercere
1098 635 1134 699 et
1156 630 1290 707 similia;
1315 633 1381 699 alia
1404 638 1489 714 sunt,

165 740 266 802 quae,
298 739 452 803 cumpro
483 717 716 785 commoditate
739 718 829 785 vitoe
852 718 1002 803 publicae
1029 741 1087 786 seu
1111 721 1354 788 communitatis
1377 743 1491 789 neces-

165 807 253 874 saria
275 807 351 887 sint,
375 828 435 891 per
457 828 494 873 se
516 808 647 890 quidem
670 807 803 874 servilia
825 807 939 874 haberi
955 808 1106 888 debeant,
1129 809 1364 878 consuetudine
1380 816 1491 878 tamen

164 896 292 981 possint
306 896 397 962 licita
409 896 560 974 evadere,
576 919 609 964 u.
621 917 654 980 g.
667 897 904 964 barbitonsoris
919 902 1025 965 artem
1041 918 1205 977 exercere,
1222 920 1324 984 panes
1340 920 1489 984 coquere,

165 1005 280 1051 currus
303 1006 413 1068 agere.
453 986 491 1051 In
513 985 565 1051 his
587 985 689 1069 igitur
712 986 912 1053 consuetudo
932 986 1131 1053 considerari
1147 987 1255 1054 debet.
1294 988 1387 1067 Quod
1402 990 1491 1055 simi·

163 1074 240 1141 liter
261 1074 369 1141 locum
391 1075 513 1141 habere
536 1078 646 1160 potest
663 1074 697 1140 in
713 1075 864 1160 operibus
879 1075 977 1142 valde
999 1075 1136 1155 levibus,
1161 1098 1245 1160 quae
1260 1078 1303 1144 ad
1318 1079 1490 1146 terendum

163 1168 293 1248 tempus
316 1168 541 1232 exerceantur.
1391 1189 1405 1207 κ

101 1308 154 1363 344
251 1294 305 1360 An
328 1315 520 1371 ouursrruu
544 1297 584 1359 2¹⁰
613 1294 652 1361 R.
675 1298 704 1362 1.
749 1296 820 1361 Lex
848 1294 906 1362 illa
935 1316 1036 1380 opera
1065 1297 1198 1363 servilia
1227 1297 1403 1382 prohibens
1430 1301 1489 1364 sub

163 1383 258 1466 gravi
282 1384 411 1466 quidem
436 1383 570 1465 obligat,
594 1388 631 1449 at
653 1383 854 1469 parvitatem
868 1385 1027 1452 materiae
1042 1386 1197 1454 admittit.
1240 1387 1410 1453 Communi
1425 1388 1490 1454 iam

163 1473 328 1539 sententia
347 1473 573 1556 theologorum
589 1472 738 1551 habetur,
763 1474 902 1540 mortale
924 1478 1096 1558 peccatum
1111 1496 1171 1558 per
1185 1496 1221 1540 se
1237 1496 1301 1541 non
1317 1477 1488 1555 committi,

162 1561 225 1626 nisi
249 1561 321 1644 quis
344 1561 534 1629 notabiliter
557 1563 644 1628 ultra
667 1562 748 1628 duas
771 1562 869 1628 horas
891 1563 1024 1629 servilia
1049 1585 1149 1648 opera
1171 1565 1349 1648 producat;
1375 1567 1489 1648 quodsi

163 1652 203 1716 de
227 1650 379 1734 operibus
402 1650 521 1717 leviter
543 1650 717 1717 servilibus
739 1655 869 1734 agatur,
893 1652 1023 1718 labores
1046 1651 1134 1718 infra
1156 1657 1226 1719 tres
1249 1653 1348 1720 horas
1371 1676 1488 1738 perse

162 1761 222 1824 pro
246 1739 341 1822 gravi
364 1739 504 1807 materia
526 1760 591 1805 non
614 1739 744 1805 haberi:
769 1740 801 1808 S.
824 1739 874 1805 Al
881 1740 942 1824 ph.
966 1739 1025 1820 III,
1050 1743 1131 1820 305;
1160 1743 1217 1810 da.
1241 1765 1283 1809 m.
1306 1743 1332 1822 Ι,
1358 1745 1433 1812 550.

252 1856 290 1921 R.
316 1858 346 1922 2.
394 1854 429 1922 Si
451 1854 524 1938 quis
546 1854 620 1921 aliis
643 1856 772 1922 labores
795 1855 933 1921 serviles
955 1856 1100 1935 mandat,
1124 1855 1195 1922 sine
1219 1856 1316 1923 dubio
1340 1878 1379 1924 eo
1403 1860 1488 1941 quod

162 1944 359 2010 mandatarii
383 1944 484 2011 etiam
506 1943 573 2027 legi
596 1943 838 2011 ecclesiasticae
864 1944 1083 2024 subiciantur,
1107 1950 1278 2030 peccatum
1302 1948 1487 2015 committit.

162 2032 335 2099 Probabile
364 2037 475 2100 tamen
505 2038 557 2099 est
590 2033 721 2099 labores
750 2033 969 2118 compluribus
1000 2033 1050 2100 ita
1080 2033 1251 2118 impositos
1283 2057 1349 2102 non
1381 2038 1488 2104 coale-

162 2143 270 2200 scere,
298 2123 347 2189 ita
369 2127 470 2190 utne
493 2122 662 2189 mandanti
685 2122 815 2205 quidem
838 2123 933 2204 gravi
955 2128 1091 2206 peccato
1114 2123 1175 2203 sit,
1205 2123 1269 2190 nisi
1291 2125 1412 2208 singuli
1435 2127 1487 2192 vel

162 2210 279 2293 aliquis
302 2232 413 2277 eorum
444 2211 596 2278 iubeatur
624 2213 753 2277 labores
783 2232 886 2293 usque
915 2212 958 2278 ad
981 2232 1166 2279 mensuram
1193 2212 1306 2295 mavis
1328 2216 1487 2283 materiae

162 2301 351 2385 producere.
402 2302 459 2369 Tb.
483 2323 523 2366 m.
548 2302 627 2368 ibid.

250 2407 289 2474 R.
307 2411 338 2475 3.
376 2406 595 2472 Nihilominus
618 2406 744 2472 attendi
768 2406 866 2473 debet
889 2407 931 2473 ad
951 2407 1113 2474 rationem
1129 2408 1286 2488 scandali,
1310 2409 1397 2492 quod
1414 2410 1485 2476 aliis

162 2495 258 2562 detur
281 2495 335 2579 qui
365 2495 542 2562 advertant
569 2495 714 2578 requiem
737 2495 892 2562 festivam
915 2518 980 2562 non
1003 2497 1139 2564 servari.
1186 2497 1394 2583 Quapropter
1416 2499 1485 2564 fieri

161 2588 282 2668 potest,
306 2589 343 2651 ut
365 2585 428 2650 hoc
450 2585 546 2651 modo
569 2606 629 2668 per
650 2584 781 2650 labores
803 2589 918 2651 contra
934 2586 1191 2653 ecclesiasticam
1212 2588 1321 2671 legem
1344 2589 1484 2654 nondum

162 2693 299 2755 gravem
330 2673 503 2740 materiam
535 2674 739 2757 attingentes
774 2674 923 2757 graviter
953 2681 1117 2759 peccetur.
1170 2676 1262 2752 Quod
1295 2677 1484 2743 scandalum

161 2762 290 2829 facilius
313 2762 469 2830 habetur:
496 2763 529 2844 l)
552 2763 579 2829 si
603 2763 713 2846 plures
736 2763 889 2830 laborant
912 2785 933 2830 a
955 2763 1084 2830 domino
1107 2764 1203 2841 iussi,
1228 2786 1325 2848 quam
1349 2766 1377 2831 si
1401 2788 1483 2831 nnus

161 2856 307 2928 tantum;
334 2853 368 2935 2)
391 2853 420 2917 si
443 2852 626 2936 complures
644 2851 828 2918 successive
846 2854 1059 2937 permultum
1075 2853 1231 2938 temporis
1247 2854 1301 2920 vel
1316 2855 1485 2921 moraliter

161 2945 233 3007 tota
254 2941 306 3007 die
321 2940 354 3006 in
369 2941 499 3007 labores
514 2940 714 3019 incumbunt,
739 2941 801 3008 etsi
817 2941 936 3025 singuli
951 2942 1043 3007 brevi
1059 2945 1189 3009 tantum
1205 2947 1362 3028 tempore,
1387 2965 1482 3027 quarn

161 3030 187 3095 si
211 3052 295 3096 unus
319 3030 446 3097 alterve
469 3029 600 3096 laborat
623 3030 720 3096 etiam
745 3035 892 3114 tempore
915 3031 1012 3115 paulo
1037 3031 1254 3109 diuturniore;
1284 3034 1318 3115 3)
1342 3033 1370 3098 si
1393 3034 1484 3100 labor

161 3123 212 3185 est
241 3120 390 3202 graviter
419 3119 548 3185 servilis
578 3123 708 3186 etcum
735 3120 876 3204 strepitu
900 3119 1106 3199 coniunctus,
1139 3141 1236 3203 quam
1259 3120 1288 3186 si
1311 3126 1484 3188 exercetur

160 3209 252 3274 labor
275 3209 395 3275 leviter
423 3209 553 3274 servilis
580 3213 614 3275 et
637 3209 775 3291 quietus.
823 3208 964 3275 Facilius
987 3209 1087 3276 etiam
1111 3215 1226 3276 contra
1248 3210 1354 3294 ipsam
1378 3212 1482 3294 legem

161 3298 416 3364 ecclesiasticam
440 3301 605 3381 peccatur,
629 3298 656 3363 si
681 3298 715 3380 4)
740 3297 866 3381 publice
890 3297 981 3380 quies
1004 3299 1126 3365 festiva
1148 3301 1310 3378 turbatur,
1336 3300 1482 3383 quamsi

160 3387 253 3452 labor
276 3388 360 3452 clam
383 3392 418 3454 et
440 3387 595 3472 privatim
620 3391 802 3453 exercetur.

250 3501 288 3566 R.
313 3503 343 3568 4,
391 3502 508 3568 Relate
531 3503 572 3567 ad
604 3501 750 3566 actiones
780 3501 947 3567 iudiciales
970 3523 1035 3566 non
1058 3505 1127 3568 tam
1150 3505 1279 3586 tempus
1302 3501 1482 3587 impensum

161 3611 258 3672 quam
282 3590 424 3672 qualitas
447 3590 586 3657 actionis
610 3590 845 3656 consideranda
861 3596 921 3658 est.
961 3590 1110 3656 Ceterum
1135 3591 1163 3655 si
1182 3591 1311 3673 quando
1327 3593 1482 3659 eiusmodi

160 3679 245 3744 actio
269 3679 529 3766 instituatur-
551 3680 584 3745 id
608 3679 694 3762 quod
718 3679 751 3744 in
774 3680 887 3745 diebus
910 3683 1044 3764 praeter
1058 3680 1236 3745 dominicos
1256 3681 1387 3747 festivis
1404 3682 1482 3749 faci·

160 3767 223 3832 lius
254 3768 401 3834 accidere
431 3773 541 3853 potest
564 3805 607 3814 --
631 3768 752 3852 privati
782 3769 946 3845 homines,
977 3769 1005 3834 si
1035 3769 1089 3851 qui
1119 3769 1153 3834 in
1181 3769 1326 3835 iudiciali
1356 3771 1482 3838 actione

159 3861 288 3941 partem
317 3857 476 3936 habeant,
510 3859 580 3923 fere
610 3863 772 3939 coguntur
801 3863 900 3939 atque
930 3858 978 3923 ita
1007 3863 1143 3942 propter
1172 3859 1404 3926 necessitatem
1432 3860 1481 3926 vel

161 3947 313 4011 damnum
337 3950 546 4013 excusantur.
598 3949 653 4012 lt.
680 3969 717 4014 m.
743 3946 768 4025 I,
793 3949 867 4012 548.

100 4092 151 4147 345
204 4078 257 4141 An
281 4097 471 4153 Qususrruu
491 4080 530 4141 3¹¹¹
546 4077 585 4142 R.
605 4080 633 4143 1.
665 4077 838 4153 Macarius,
863 4077 890 4142 si
906 4099 1005 4161 saepe
1026 4078 1106 4160 agit,
1123 4083 1160 4144 ut
1176 4079 1208 4144 in
1225 4100 1304 4145 casu
1320 4087 1480 4160 narratur,

159 4165 256 4248 idque
288 4166 337 4233 ita
367 4169 405 4231 ut
437 4166 534 4231 vicini
567 4166 704 4232 multum
734 4168 907 4233 turbentur
937 4172 1036 4249 atque
1066 4173 1323 4250 conquerantur,
1356 4173 1480 4239 ratione

159 4256 306 4321 scandali
329 4255 477 4338 graviter
498 4276 635 4339 peccare
658 4259 778 4338 potest.

248 4366 287 4432 R.
313 4369 343 4432 2.
382 4365 475 4430 Alias
498 4364 646 4447 graviter
669 4386 733 4429 non
757 4368 908 4430 censetur
930 4386 1076 4449 peccare,
1101 4365 1162 4432 nisi
1179 4367 1309 4433 labores
1325 4369 1480 4452 producat

160 4476 261 4538 usque
286 4456 326 4520 ad
349 4454 464 4520 horam
487 4454 663 4520 secundam
687 4476 760 4519 eum
783 4454 914 4520 dimidio
940 4455 1078 4522 circiter.
1118 4457 1220 4521 Immo
1244 4458 1365 4524 addere
1390 4459 1478 4524 licet:

161 4544 194 4608 Si
217 4549 370 4610 versatur
391 4544 425 4609 in
448 4544 598 4626 regione,
629 4543 684 4608 ubi
707 4543 876 4626 horologia
899 4545 1029 4627 publica
1058 4549 1188 4627 tempus
1211 4546 1318 4611 solare
1343 4547 1478 4613 medinm

160 4654 218 4715 per
241 4634 436 4698 semihoram
460 4638 682 4713 antevertant,
707 4634 855 4716 graviter
878 4654 942 4698 non
965 4639 1090 4717 peccat,
1116 4634 1176 4698 nisi
1193 4637 1354 4716 usquead
1370 4637 1479 4702 horam
