3106 5168
285 288 420 343 Bonorum
439 290 606 359 privatorum
626 290 769 360 acquisitio
787 320 823 329 —
841 290 990 360 occupatio,
1009 292 1158 344 thesaurus
1317 293 1380 358 301

57 467 164 534 tinere
192 467 310 551 potuit.
357 466 391 533 Si
421 467 497 548 quid
521 467 724 551 chrysantho
756 468 992 535 restituendum
1023 472 1089 539 est,
1121 467 1306 532 nullatenus
1331 472 1383 534 est

58 556 153 621 valor
175 556 266 638 equi,
292 576 332 621 ne
356 557 513 639 pristinus
536 558 664 639 quidem
690 557 799 629 valor:
830 558 887 622 sed
911 557 1096 622 aestimatio
1120 556 1199 621 iuris
1223 555 1381 633 diminuti,

59 650 221 727 quatenus
243 664 303 729 per
318 665 435 726 equum
455 646 552 711 istum
570 647 714 713 ablatum
731 646 873 712 facultas
889 645 1037 729 capiendi
1054 666 1153 727 equos
1172 666 1230 729 pro
1247 645 1382 710 arbitrio

58 734 264 817 Chrysantho
289 734 447 800 diminuta
477 736 536 800 sit:
567 735 653 817 quod
682 736 733 800 ius
762 756 798 800 re
821 755 900 800 vera
928 734 986 799 vix
1010 734 1183 816 quidquam
1215 740 1266 799 est
1290 733 1382 798 dimi·

58 827 184 892 nutum.

148 929 188 994 R.
213 930 243 995 4.
289 927 327 993 In
350 928 573 1012 suppositione
596 928 767 995 solutionis
790 928 828 994 lt.
855 930 874 993 2
905 948 1007 1011 equus
1036 927 1091 992 ille
1121 927 1242 993 mansit
1268 927 1302 992 in
1326 927 1382 993 do·

59 1017 159 1082 minio
183 1016 396 1100 chrysanthi,
427 1017 497 1082 sire
520 1017 647 1083 vicinus
676 1018 731 1083 ille
758 1017 972 1083 intentionem
994 1016 1124 1082 furandi
1148 1017 1218 1082 sive
1242 1036 1383 1082 commo·

60 1106 157 1172 dandi
188 1106 312 1173 habuit.
360 1108 515 1172 Attamen
546 1128 619 1172 cum
643 1107 737 1172 valor
759 1127 801 1171 ex
824 1105 986 1172 industria
1009 1105 1105 1171 vicini
1136 1106 1259 1172 accitus
1286 1105 1383 1188 longe

59 1199 194 1279 superet
223 1195 368 1260 valorem
407 1195 572 1263 nativum:
609 1196 643 1260 in
673 1195 891 1262 eonscientiae
921 1196 992 1260 loro
1022 1194 1161 1273 suflicit,
1199 1194 1225 1260 si
1257 1194 1383 1259 vicinus

59 1285 206 1350 valorem
230 1285 377 1350 nativum
401 1285 565 1351 restituat.

549 1492 812 1560 THESAURUS
840 1492 892 1575 (Ι).

616 1650 727 1716 dasne.
755 1657 830 1725 (177)

149 1799 305 1859 Ferrarius
320 1799 431 1875 aliquot
447 1799 597 1877 operarios
612 1799 749 1859 conducit
768 1799 804 1858 ad
820 1799 987 1859 fodiendum
1002 1805 1032 1858 et
1046 1798 1256 1875 experiendum
1270 1818 1382 1872 ugrum,

60 1900 129 1938 num
152 1899 246 1938 venae
273 1880 436 1939 metallicae
459 1880 642 1955 detegantur.
684 1881 719 1939 ln
740 1899 797 1955 quo
817 1880 918 1940 labore
940 1881 997 1939 duo
1019 1878 1144 1956 operarii
1166 1880 1309 1955 detegunt
1329 1898 1384 1938 vas

61 1960 159 2018 aureis
180 1959 306 2018 nummis
334 1960 467 2035 plenum:
497 1960 580 2019 Titus
608 1960 681 2019 illud
701 1961 859 2032 reclamat,
889 1960 964 2036 quod
992 1961 1057 2037 ipse
1083 1959 1203 2035 lingone
1231 1978 1284 2019 suo
1312 1959 1382 2019 illud

60 2040 237 2115 patefecerit
258 2039 379 2114 ideoque
393 2039 547 2109 detexerit,
570 2040 668 2111 Caius,
691 2041 767 2115 quod
788 2041 852 2117 ipse
874 2040 984 2117 primus
1005 2039 1077 2099 illud
1092 2038 1242 2116 acceperit
1255 2046 1286 2098 et
1299 2058 1383 2099 occu·

61 2120 191 2196 paverit,
213 2139 278 2177 curn
300 2120 384 2177 Titus
406 2139 466 2178 rem
487 2120 647 2196 pretiosam
668 2140 735 2179 esse
757 2140 793 2179 ne
815 2121 994 2180 advertisset
1015 2120 1138 2196 quidem.
1180 2119 1236 2178 Sed
1259 2118 1382 2190 demum,

61 2220 98 2259 ne
120 2201 196 2259 alter
210 2199 335 2258 alterum
356 2200 434 2276 apud
455 2200 623 2258 Ferrarium
645 2207 767 2259 accuset
787 2200 869 2276 isque
890 2200 946 2259 sibi
968 2205 1001 2259 nt
1015 2200 1131 2260 domino
1152 2200 1234 2258 fundi
1256 2206 1290 2259 et·
1307 2201 1383 2276 prin-

62 2281 150 2356 cipali
172 2279 287 2339 auctori
308 2281 390 2339 fundi
411 2280 632 2357 pervestigandi
654 2286 747 2340 totum
769 2286 916 2351 assumat,
944 2280 1021 2339 inter
1042 2299 1075 2339 se
1096 2280 1244 2349 dividunt,
1269 2300 1301 2338 re
1321 2281 1382 2340 alto

62 2361 180 2419 silentio
202 2365 290 2419 tecta.

63 2466 240 2535 Qossmrun
262 2469 290 2524 1⁰
315 2465 384 2541 quid
405 2466 445 2525 sit
465 2466 633 2525 thesaurus.

261 2556 291 2612 2⁰
316 2554 381 2629 quie
401 2555 534 2614 thesauri
555 2554 714 2613 dominium
737 2555 878 2630 acquirat.

261 2645 291 2701 3⁰
316 2643 384 2718 quid
407 2643 443 2702 de
464 2663 535 2701 casn
557 2650 660 2702 nostro
679 2644 845 2703 dicendum.

657 2826 792 2893 Solutio.

152 2969 205 3035 An
229 2989 419 3044 annsrrrn
446 2971 482 3032 1¹¹¹
506 2968 544 3034 R.
572 2972 600 3034 1.
642 2968 803 3052 Imprimis
826 2969 1030 3052 respicienda
1053 2977 1104 3036 est
1127 2968 1215 3034 notio
1239 2968 1445 3041 thesauri592

63 3058 96 3123 in
119 3058 243 3123 iuribus
267 3063 431 3124 contenta.
478 3056 538 3133 Qui
563 3056 713 3122 definitur

155 3156 187 3238 1)
210 3177 252 3221 ex
282 3155 351 3221 iure
375 3156 555 3220 Romano
586 3160 619 3221 et
643 3155 821 3220 communi:
852 3156 990 3239 pecunia
1013 3154 1134 3237 (aliave
1157 3176 1210 3220 res
1240 3155 1384 3238 pretiosa

64 3247 115 3311 vel
139 3246 246 3330 pretio
264 3244 501 3326 aestimabilis),
527 3265 610 3325 quae
627 3248 679 3309 est
695 3245 889 3325 absconditu,
914 3248 1004 3309 cuiuis
1021 3248 1171 3310 rireonoria
1188 3266 1248 3309 oron
1267 3253 1383 3322 eustut;

153 3344 188 3426 2)
211 3365 252 3408 ex
267 3343 338 3408 iure
355 3341 535 3407 Gallico:
561 3364 613 3406 res
630 3361 850 3423 quaecumque
867 3343 1050 3407 abscondito
1069 3345 1113 3407 vel
1130 3342 1262 3425 infossa,
1286 3362 1385 3423 quam

64 3455 153 3498 eterno
176 3435 311 3517 probare
330 3440 431 3517 potest
456 3454 519 3496 esse
542 3453 643 3514 atrurn,
668 3436 702 3495 et
726 3451 809 3512 quae
832 3453 908 3495 cusu
934 3435 1108 3502 inuenitur:

154 3531 189 3613 3)
211 3551 253 3595 ex
276 3529 346 3594 iure
370 3527 632 3594 Germanico:
657 3548 720 3604 res,
745 3548 828 3610 quae
851 3533 918 3594 tam
937 3528 990 3593 diu
1007 3527 1107 3595 iacuit
1122 3528 1325 3604 abscondita,
1349 3533 1386 3595 ut

65 3618 135 3684 eius
159 3619 306 3684 dominns
330 3618 399 3683 erui
422 3621 572 3698 nequeat.
652 3648 658 3661 ·

155 3725 192 3790 R.
217 3727 246 3790 2.
290 3723 494 3805 Quamquam
516 3723 617 3804 igitur
640 3721 770 3788 diversa
792 3722 864 3787 iura
887 3722 920 3787 in
944 3723 1129 3790 delinitione
1153 3723 1299 3789 thesauri
1321 3745 1385 3789 non

66 3814 163 3897 plane
191 3812 305 3877 iisdem
329 3817 465 3879 utuntur
487 3812 614 3888 verbis,
644 3812 676 3876 in
701 3811 895 3879 hortamen
920 3813 1132 3890 conveniunt,
1158 3818 1194 3879 ut
1217 3813 1278 3878 hae
1302 3812 1386 3878 duae

65 3902 132 3969 sint
155 3901 359 3968 condiciones
382 3901 590 3967 essentiales:
619 3902 649 3983 1)
673 3901 770 3966 debet
794 3900 848 3983 agi
872 3900 911 3965 de
930 3923 966 3966 re
983 3902 1177 3983 abscondito,
1203 3922 1285 3983 quae
1302 3922 1386 3967 nuno

66 3992 193 4057 demum
217 3996 375 4075 appareat
398 4012 456 4055 seu
480 3991 669 4071 detegerem
695 3991 729 4071 2)
752 3989 997 4073 impossibilitas
1014 3990 1198 4055 inveniendi
1221 3990 1386 4055 dominum

65 4086 140 4147 orte
163 4100 205 4145 ex
234 4079 391 4162 probabili
416 4080 631 4145 diuturnitate
654 4079 821 4162 temporis,
846 4100 985 4160 queres
1009 4083 1081 4145 erat
1099 4080 1307 4156 abscondita;
1333 4082 1385 4145 vel

66 4170 139 4234 aliis
162 4169 287 4247 verbis,
319 4175 355 4235 ut
379 4169 413 4249 3)
436 4191 497 4234 oon
523 4169 566 4235 sit
590 4189 642 4233 res
661 4170 771 4254 palmo
796 4170 916 4234 obiectu
941 4168 994 4233 vel
1015 4168 1166 4240 inventa:
1197 4171 1232 4247 4)
1256 4191 1318 4234 oron
1342 4170 1386 4235 sit

66 4280 118 4324 res
141 4280 244 4343 ccupat·
267 4262 396 4338 omisso,
421 4259 477 4322 sed
501 4258 543 4322 ab
565 4257 811 4322 immemorabili
835 4266 983 4341 ternpore
1006 4256 1075 4321 sine
1099 4278 1294 4340 possessore.

155 4378 207 4443 An
234 4396 424 4452 qusssrrrn
448 4379 485 4440 2Ι
510 4376 548 4443 R.
576 4379 603 4442 1.
651 4374 684 4441 Si
716 4375 819 4438 solum
851 4374 901 4438 ius
934 4373 1084 4440 naturale
1116 4377 1266 4456 spectare
1298 4372 1384 4447 licet,
1395 4381 1447 4435 593

66 4466 239 4532 thesaurus
269 4468 358 4531 totus
388 4470 439 4529 est
463 4463 643 4531 inventoris
666 4484 723 4527 seu
747 4463 817 4528 eius
840 4463 895 4543 qui
924 4464 1028 4546 prirno
1051 4484 1123 4527 eum
1148 4464 1301 4545 occupat,
1332 4461 1385 4524 vel

67 4555 174 4639 potius
198 4555 252 4638 qui
282 4576 354 4618 eum
379 4554 502 4635 detegit
531 4576 603 4618 cum
633 4553 741 4616 animo
772 4552 960 4635 occupandi.
1008 4551 1197 4633 Detegendo
1228 4549 1311 4614 eninr
1335 4548 1386 4614 ius

67 4643 244 4729 occupandi
259 4644 367 4728 potius
383 4643 490 4719 habet,
509 4664 603 4724 aquo
620 4643 660 4706 ab
677 4642 782 4706 altero
798 4640 931 4724 physice
947 4641 1180 4724 praeveniente
1196 4660 1259 4703 non
1277 4643 1387 4722 potest
