3106 5168
414 292 533 346 abortus
552 291 682 346 indirecte
700 294 748 345 aut
767 291 870 347 directe
888 292 1023 349 inductus.
1318 301 1381 364 267

145 469 184 536 R.
209 472 240 535 2.
287 470 431 535 Causare
454 469 618 546 abortum,
643 489 684 534 ne
707 469 816 535 foetus
839 474 991 536 servetur
1013 471 1123 549 vivus,
1149 472 1295 555 adeoque
1317 494 1382 539 non

55 558 160 624 solum
184 558 346 637 abortum,
370 559 428 624 sed
450 558 555 642 ipsam
575 557 684 623 foetus
700 563 839 624 mortem
855 558 978 625 directe
995 560 1077 626 etin
1093 582 1129 625 se
1145 561 1231 628 velle
1255 583 1383 646 semper

55 667 159 731 grave
191 654 361 732 peccatum
394 651 454 714 est.
502 647 587 712 Hinc
619 647 761 729 puellam
793 668 835 712 ex
865 647 998 714 crimine
1027 649 1198 732 gravidam
1232 652 1380 717 abortum

56 736 157 815 velle,
182 743 219 804 ut
243 737 365 803 crimen
387 741 539 819 tegatur,
563 736 654 802 fama
676 740 844 814 servetur,
867 758 909 803 ne
933 739 974 803 ab
997 737 1091 804 iratis
1114 740 1304 823 parentibus
1329 742 1380 806 vel

56 847 176 910 sponso
206 826 389 904 occidatur,
421 825 653 908 gravissimum
682 829 852 908 peccatum
883 829 951 892 est:
981 826 1140 909 siquidem
1165 828 1198 893 in
1221 830 1281 895 tali
1304 843 1401 895 casu‘

55 915 166 999 puella
188 936 254 980 non
276 919 387 999 potest
409 936 475 981 non
493 915 578 981 velle
601 914 703 998 prolis
725 919 883 993 mortem;
907 915 970 981 nisi
993 917 1078 982 enim
1102 917 1211 983 foetus
1234 939 1252 984 e
1275 919 1381 984 medio

55 1004 202 1082 tollatur,
228 1005 364 1071 effeetus
387 1004 534 1070 intentus
558 1003 698 1071 obtineri
721 1004 844 1086 nequit.

144 1119 184 1185 R.
209 1122 240 1185 3.
287 1119 405 1185 Restat
437 1118 602 1201 quaestio,
633 1139 711 1182 num
740 1117 838 1184 liceat
868 1119 1018 1185 abortum
1048 1124 1122 1186 arte
1151 1120 1319 1199 inducere,
1353 1121 1443 1186 sitae

56 1209 165 1273 foetus
194 1207 362 1275 immaturi
392 1206 508 1273 eiectio
537 1208 642 1272 solum
671 1207 813 1272 medium
840 1211 907 1277 est.
939 1228 1002 1290 quo
1026 1207 1096 1275 vita
1118 1209 1233 1276 matris
1255 1210 1381 1276 servari

55 1297 170 1380 possit.
203 1297 240 1361 ln
264 1297 380 1380 quibus
403 1296 656 1363 circumstantiis
683 1296 714 1379 1)
737 1317 813 1380 spes
835 1296 1019 1362 servandae
1036 1296 1126 1363 vitae
1149 1298 1258 1365 foetus
1282 1300 1380 1366 ctiam

55 1386 126 1451 sine
156 1386 274 1451 abortu
304 1407 368 1451 non
399 1386 509 1462 adest;
541 1387 575 1467 2)
599 1406 674 1469 spes
704 1389 814 1451 autem
844 1386 1023 1452 salvandae
1053 1385 1169 1454 matris
1192 1389 1382 1454 notabiliter

56 1478 210 1557 nugatum
235 1474 308 1541 aliis
324 1475 446 1540 verbis:
471 1474 498 1539 si
514 1475 649 1540 abortus
665 1494 729 1539 non
745 1476 792 1552 fit,
809 1475 893 1540 duae
909 1475 1007 1553 vitae,
1032 1480 1067 1542 et
1081 1475 1197 1542 matris
1213 1481 1247 1543 et
1263 1477 1380 1554 foetus,

55 1563 251 1642 interibunt;
276 1564 305 1629 si
328 1565 365 1630 fit
388 1564 540 1642 abortus,
565 1564 635 1631 vita
658 1564 766 1630 foetus
790 1564 920 1646 quidem
943 1565 1078 1648 peribit,
1107 1566 1289 1632 salvabitur
1312 1566 1382 1632 vita

56 1653 172 1719 matris
195 1653 292 1719 valde
319 1652 541 1737 probabiliter.
588 1653 624 1718 In
649 1673 712 1735 quo
737 1673 815 1719 casu
838 1652 964 1720 medica
987 1675 1043 1719 ars
1066 1655 1281 1721 communiter
1304 1655 1382 1722 dicit

56 1742 207 1808 abortum
238 1743 408 1825 postulari.
455 1742 513 1807 Cui
543 1763 585 1807 ex
615 1741 742 1808 ratione
772 1742 958 1824 theologica
988 1742 1105 1824 aliquis
1128 1744 1248 1809 addere
1278 1744 1382 1828 possit

55 1831 222 1915 provideri
244 1831 377 1914 insuper
400 1830 613 1915 probabiliter
637 1852 694 1914 per
717 1831 913 1914 baptismum
937 1832 1036 1898 saluti
1060 1835 1215 1898 aeternae
1234 1833 1381 1911 infantis,

56 1921 96 1985 de
121 1921 211 1986 cuius
234 1926 269 1987 et
291 1921 463 2004 temporali
488 1924 523 1986 et
546 1924 682 1986 aeterna
704 1920 774 1985 vita
798 1920 941 2003 alioquin
966 1925 1074 1988 actum
1099 1920 1152 1987 sit.

145 2017 364 2084 Nihilominus
392 2018 474 2084 haec
503 2018 589 2083 bona
618 2017 767 2083 oriuntur
790 2039 832 2082 ex
855 2018 1001 2096 actione,
1035 2025 1194 2101 quaeest
1220 2024 1324 2106 primo
1348 2026 1381 2087 et

53 2130 113 2194 per
135 2130 168 2173 ee
191 2107 337 2173 violenta
366 2111 401 2173 et
430 2107 539 2173 letalis
569 2108 737 2189 aggressio
760 2107 885 2184 foetus,
916 2129 989 2173 eum
1013 2108 1174 2175 violenter
1197 2109 1382 2177 eradicetur

57 2217 100 2261 ex
122 2200 273 2263 materno
297 2200 404 2273 utero,
436 2216 572 2278 quocum
598 2201 715 2263 natura
739 2217 812 2261 eum
836 2196 1006 2263 coniunxit
1028 2202 1197 2279 tamquam
1220 2198 1381 2265 elemento

57 2286 167 2361 riteh,
200 2307 258 2351 seu
291 2288 343 2352 est
375 2285 468 2366 quasi
500 2286 661 2367 quaedam
691 2285 839 2350 mortalis
871 2285 1054 2352 vulneratio
1084 2286 1230 2368 adeoque
1259 2290 1380 2354 acciae.

57 2376 180 2440 Verum
203 2376 284 2440 haec
307 2380 359 2440 est
381 2374 577 2440 intrinsecus
600 2374 697 2440 mala.
740 2375 946 2459 Quapropter
968 2396 1041 2441 cum
1064 2396 1127 2440 non
1151 2375 1250 2441 liceat
1272 2376 1382 2442 facere

57 2466 195 2542 malum,
226 2468 263 2529 ut
293 2462 425 2529 eveniat
452 2464 588 2541 bonum,
619 2462 720 2529 etiam
742 2485 784 2528 ne
807 2464 849 2530 ad
872 2464 1065 2531 salvandam
1089 2463 1218 2546 quidem
1243 2471 1381 2532 matrem

58 2555 111 2617 vel
135 2553 176 2617 ad
200 2552 382 2618 habendam
406 2551 656 2636 possibilitatem
679 2553 789 2618 foetus
812 2553 957 2618 securius
979 2553 1168 2637 baptizandi
1190 2554 1301 2621 licebit
1324 2555 1381 2620 ab·

57 2647 165 2708 ortum
187 2641 351 2706 inducere.
375 2642 593 2707 —Ceterum
619 2662 691 2706 cum
718 2646 834 2725 partus
858 2643 958 2708 etiam
980 2646 1189 2726 praemature
1213 2643 1380 2716 institerit,

56 2731 235 2796 curandum
260 2730 389 2795 omnino
413 2735 473 2808 est,
498 2735 544 2805 ut,
569 2731 596 2794 ai
621 2729 690 2795 fieri
713 2730 827 2815 possit,
855 2730 974 2808 foetus,
1003 2730 1081 2798 licet
1103 2731 1209 2797 adhuc
1231 2731 1265 2796 in
1288 2738 1382 2798 utero

57 2819 181 2898 matris,
207 2818 430 2884 condiciouate
453 2819 647 2903 baptizetur.

145 2917 409 2982 Controversiam
439 2916 500 2982 hac
530 2916 562 2980 in
593 2938 629 2982 re
658 2917 802 3000 practice
832 2916 966 2983 sustulit
992 2937 1182 3000 responsum
1208 2917 1239 2982 S.
1265 2916 1381 2983 Officii.
1392 2930 1443 2984 525

56 3007 219 3073 Videlicet
242 3006 272 3072 S.
299 3005 448 3071 Officium
475 3010 502 3073 l.
527 3004 690 3084 decrevit,
721 3010 794 3071 tuto
818 3006 926 3071 doceri
950 3027 1015 3070 non
1045 3027 1140 3089 posse
1163 3005 1285 3072 licitam
1310 3027 1382 3071 esse

57 3097 98 3161 ad
119 3096 312 3161 salvandam
328 3100 468 3161 matrem
485 3094 708 3178 operationem
724 3095 939 3177 chirurgicum
956 3094 1188 3160 craniotomiae
1204 3096 1257 3159 vel
1273 3117 1381 3180 quum·

57 3208 186 3270 curuque
216 3188 427 3269 operationem
459 3185 575 3249 directe
602 3185 706 3267 foelus
730 3187 911 3261 occisivam,
944 3183 1006 3247 etsi
1037 3183 1119 3248 alias
1149 3188 1184 3249 ct
1212 3189 1318 3248 mater
1349 3188 1383 3249 et

57 3276 165 3340 foetus
188 3274 256 3340 sint
278 3274 423 3356 perituri.
471 3273 522 3338 lta
546 3274 576 3341 d.
602 3275 643 3337 28
668 3273 744 3338 Maii
773 3275 856 3338 1884
881 3277 915 3339 et
941 3276 981 3337 19
1006 3272 1089 3354 Aug.
1118 3273 1212 3337 1889.

147 3385 177 3447 2.
202 3380 370 3464 respondit
392 3380 442 3444 his
467 3379 606 3445 decretis
623 3379 851 3462 comprehendi
873 3379 972 3444 etiam
991 3402 1058 3444 aava
1074 3382 1295 3464 operationem,
1320 3401 1382 3464 qaia

55 3479 250 3555 precra-utar
266 3472 404 3622 cllrlortua,
427 3474 464 3535 ut
480 3475 585 3534 mater
601 3469 750 3550 graviter
765 3473 942 3551 aegrotans
958 3469 1113 3536 salvetur.
1145 3468 1256 3533 Verba
1272 3468 1383 3533 decre-

57 3567 164 3626 torum
189 3564 266 3625 sunt
312 3579 387 3624 aec:

148 3657 180 3737 l)
211 3656 262 3720 Ad
294 3655 482 3733 Quaesitum
520 3676 579 3732 „au
613 3659 687 3720 tuto
720 3655 826 3719 doceri
863 3655 968 3738 possit
998 3654 1031 3719 in
1063 3655 1182 3720 scholis
1214 3654 1383 3719 catholicis

58 3747 180 3812 licitam
204 3766 276 3810 esse
301 3745 522 3829 operationem
548 3743 781 3826 chirurgiam,
813 3765 909 3825 quam
934 3743 1181 3810 craniotomiam
1205 3743 1382 3828 appellant,

57 3835 187 3919 quando
217 3834 343 3900 scilicet
372 3855 412 3899 ca
442 3833 561 3898 omissa
585 3836 691 3898 mater
714 3839 747 3900 et
774 3832 859 3898 filius
889 3833 1026 3916 perituri
1049 3832 1131 3910 siut,
1164 3853 1203 3897 ea
1227 3855 1244 3898 e
1269 3836 1382 3898 contra

58 3924 201 3990 admissa
223 3923 384 3988 salvanda
406 3923 450 3989 sit
473 3927 595 4000 mater,
624 3922 750 3988 infante
773 3928 912 4006 pereunt
940 3926 970 3986 ?“
1002 3976 1008 3987 .
1035 3975 1041 3987 .
1068 3976 1073 3986 .
1101 3921 1249 3987 omnihus
1273 3922 1326 3986 diu
1350 3926 1384 3987 et

59 4018 185 4080 mature
201 4013 369 4097 perpensis
387 4065 393 4079 .
413 4065 418 4077 .
439 4065 444 4076 .
463 4011 722 4095 respondendum
738 4013 917 4078 duxerunt:
944 4013 1047 4092 „Tuto
1063 4011 1169 4077 doceri
1183 4033 1246 4076 oron
1263 4010 1384 4096 posscss:

58 4103 144 4169 dd.
170 4100 269 4183 28l31
295 4101 374 4166 Maii
400 4103 495 4166 1884.

148 4201 182 4281 2)
205 4200 290 4265 idem
314 4199 375 4264 dici
398 4199 516 4263 debere
532 4198 639 4280 quoad
659 4219 913 4279 „quamcumque
930 4196 1144 4279 chirurgicum
1162 4196 1383 4280 operationem

58 4290 180 4354 directe
205 4289 377 4354 occisivam
402 4287 511 4352 foetus
534 4289 588 4353 vel
611 4288 726 4354 matris
750 4286 952 4371 gestantis“:
977 4287 1007 4352 d.
1026 4286 1055 4352 d.
1075 4289 1114 4350 19
1131 4284 1215 4367 Aug.
1235 4286 1329 4349 1889.

147 4387 182 4467 3)
206 4388 257 4452 Ad
288 4386 493 4464 Quaesitum:
529 4385 656 4463 „Lectis
686 4406 770 4468 quae
802 4385 831 4453 d.
859 4387 899 4449 19
923 4384 1008 4466 Aug.
1037 4385 1119 4448 1889
1151 4382 1183 4448 S.
1210 4381 1301 4447 Sedis
1331 4401 1383 4446 re-

58 4477 214 4560 scripsit.
234 4530 240 4541 .
260 4529 265 4539 .
285 4476 400 4541 dubius
424 4475 538 4541 haeret
553 4474 659 4540 Titius
678 4475 765 4540 circa
787 4474 966 4540 liceitatem
982 4471 1207 4556 operationum
1224 4469 1383 4551 chirurgi-

59 4585 180 4644 carum,
207 4565 323 4647 quibus
346 4585 409 4629 nou
433 4585 508 4630 raro
532 4565 603 4647 ipse
626 4564 777 4631 abortum
800 4563 965 4643 hucusque
989 4560 1196 4645 procurabat,
1228 4563 1264 4623 ut
1288 4578 1383 4641 prae-

56 4659 198 4737 gnantes
221 4654 370 4737 graviter
386 4659 597 4736 aegrotantes
616 4653 771 4719 salvaret.
805 4651 935 4729 Quare.
955 4702 961 4714 .
981 4701 987 4714 .
1006 4649 1145 4733 supplex
1161 4647 1265 4714 Titius
1290 4647 1383 4730 petit,
