<?xml version="1.0" encoding="UTF-8"?>
<!DOCTYPE html PUBLIC "-//W3C//DTD XHTML 1.0 Transitional//EN"
    "http://www.w3.org/TR/xhtml1/DTD/xhtml1-transitional.dtd">
<html xmlns="http://www.w3.org/1999/xhtml" xml:lang="en" lang="en">
 <head>
  <title>
</title>
<meta http-equiv="Content-Type" content="text/html;charset=utf-8" />
  <meta name='ocr-system' content='tesseract 3.04.00' />
  <meta name='ocr-capabilities' content='ocr_page ocr_carea ocr_par ocr_line ocrx_word'/>
</head>
<body>
  <div class='ocr_page' id='page_1' title='image "./casusconscienti01lehmgoog_0450.png"; bbox 0 0 3106 5168; ppageno 0'>
   <div class='ocr_carea' id='block_1_1' title="bbox 184 298 1374 369">
    <p class='ocr_par' dir='ltr' id='par_1_1' title="bbox 184 298 1374 369">
     <span class='ocr_line' id='line_1_1' title="bbox 184 298 1374 369; baseline 0.001 -13"><span class='ocrx_word' id='word_1_1' title='bbox 184 305 250 369; x_wconf 78' lang='lat'><strong>434</strong></span> <span class='ocrx_word' id='word_1_2' title='bbox 323 301 363 355; x_wconf 88' lang='lat' dir='ltr'><strong>De</strong></span> <span class='ocrx_word' id='word_1_3' title='bbox 382 300 529 355; x_wconf 88' lang='lat' dir='ltr'><strong>virtutibus</strong></span> <span class='ocrx_word' id='word_1_4' title='bbox 547 305 576 354; x_wconf 89' lang='lat' dir='ltr'><strong>st</strong></span> <span class='ocrx_word' id='word_1_5' title='bbox 593 300 691 354; x_wconf 82' lang='lat' dir='ltr'><strong>officiis</strong></span> <span class='ocrx_word' id='word_1_6' title='bbox 710 317 776 368; x_wconf 78' lang='lat' dir='ltr'><strong>erga</strong></span> <span class='ocrx_word' id='word_1_7' title='bbox 794 300 924 354; x_wconf 88' lang='lat' dir='ltr'><strong>homines.</strong></span> <span class='ocrx_word' id='word_1_8' title='bbox 943 329 978 336; x_wconf 96' lang='lat'>—</span> <span class='ocrx_word' id='word_1_9' title='bbox 998 298 1050 354; x_wconf 82' lang='lat' dir='ltr'><strong>ou.</strong></span> <span class='ocrx_word' id='word_1_10' title='bbox 1069 300 1141 355; x_wconf 85' lang='lat' dir='ltr'><strong>circa</strong></span> <span class='ocrx_word' id='word_1_11' title='bbox 1159 299 1230 356; x_wconf 87' lang='lat' dir='ltr'><strong>hona</strong></span> <span class='ocrx_word' id='word_1_12' title='bbox 1248 306 1374 357; x_wconf 81' lang='lat' dir='ltr'><strong>externa.</strong></span> 
     </span>
    </p>
   </div>
   <div class='ocr_carea' id='block_1_2' title="bbox 184 472 1513 740">
    <p class='ocr_par' dir='ltr' id='par_1_2' title="bbox 184 472 1513 740">
     <span class='ocr_line' id='line_1_2' title="bbox 184 472 1513 562; baseline -0.001 -18"><span class='ocrx_word' id='word_1_13' title='bbox 184 479 337 556; x_wconf 88' lang='lat' dir='ltr'><strong>retinere,</strong></span> <span class='ocrx_word' id='word_1_14' title='bbox 362 472 396 545; x_wconf 85' lang='lat' dir='ltr'><strong>et</strong></span> <span class='ocrx_word' id='word_1_15' title='bbox 411 478 507 544; x_wconf 81' lang='lat' dir='ltr'><strong>Caius</strong></span> <span class='ocrx_word' id='word_1_16' title='bbox 526 479 678 544; x_wconf 91' lang='lat' dir='ltr'><strong>damnum</strong></span> <span class='ocrx_word' id='word_1_17' title='bbox 702 479 790 544; x_wconf 91' lang='lat' dir='ltr'><strong>ferre</strong></span> <span class='ocrx_word' id='word_1_18' title='bbox 807 479 950 544; x_wconf 77' lang='lat' dir='ltr'>deberet.</span> <span class='ocrx_word' id='word_1_19' title='bbox 989 478 1026 542; x_wconf 94' lang='lat' dir='ltr'><strong>ld</strong></span> <span class='ocrx_word' id='word_1_20' title='bbox 1049 476 1179 543; x_wconf 80' lang='lat' dir='ltr'><strong>facilius</strong></span> <span class='ocrx_word' id='word_1_21' title='bbox 1202 477 1312 560; x_wconf 82' lang='lat' dir='ltr'>colligi</span> <span class='ocrx_word' id='word_1_22' title='bbox 1336 482 1451 562; x_wconf 89' lang='lat' dir='ltr'><strong>potest</strong></span> <span class='ocrx_word' id='word_1_23' title='bbox 1472 500 1513 544; x_wconf 87' lang='lat' dir='ltr'><strong>ex</strong></span> 
     </span>
     <span class='ocr_line' id='line_1_3' title="bbox 184 566 1513 652; baseline 0 -19"><span class='ocrx_word' id='word_1_24' title='bbox 184 568 395 634; x_wconf 89' lang='lat' dir='ltr'><strong>similitudine</strong></span> <span class='ocrx_word' id='word_1_25' title='bbox 411 571 601 633; x_wconf 92' lang='lat' dir='ltr'><strong>contractus</strong></span> <span class='ocrx_word' id='word_1_26' title='bbox 617 568 790 652; x_wconf 76' lang='lat' dir='ltr'><strong>emptionis</strong></span> <span class='ocrx_word' id='word_1_27' title='bbox 814 574 848 634; x_wconf 93' lang='lat' dir='ltr'><strong>et</strong></span> <span class='ocrx_word' id='word_1_28' title='bbox 867 567 1075 644; x_wconf 76' lang='lat' dir='ltr'><strong>venditionis,</strong></span> <span class='ocrx_word' id='word_1_29' title='bbox 1099 566 1127 631; x_wconf 93' lang='lat' dir='ltr'><strong>si</strong></span> <span class='ocrx_word' id='word_1_30' title='bbox 1151 566 1236 632; x_wconf 92' lang='lat' dir='ltr'><strong>hunc</strong></span> <span class='ocrx_word' id='word_1_31' title='bbox 1259 567 1440 633; x_wconf 86' lang='lat' dir='ltr'><strong>secundum</strong></span> <span class='ocrx_word' id='word_1_32' title='bbox 1463 567 1513 633; x_wconf 91' lang='lat' dir='ltr'><strong>ius</strong></span> 
     </span>
     <span class='ocr_line' id='line_1_4' title="bbox 185 656 1513 740; baseline 0.001 -18"><span class='ocrx_word' id='word_1_33' title='bbox 185 657 366 723; x_wconf 85' lang='lat' dir='ltr'><strong>Romanum</strong></span> <span class='ocrx_word' id='word_1_34' title='bbox 390 656 649 733; x_wconf 87' lang='lat' dir='ltr'><strong>consideramus;</strong></span> <span class='ocrx_word' id='word_1_35' title='bbox 674 657 850 722; x_wconf 84' lang='lat' dir='ltr'><strong>secundum</strong></span> <span class='ocrx_word' id='word_1_36' title='bbox 867 657 952 738; x_wconf 93' lang='lat' dir='ltr'><strong>quod</strong></span> <span class='ocrx_word' id='word_1_37' title='bbox 969 676 1129 720; x_wconf 89' lang='lat' dir='ltr'><strong>consensu</strong></span> <span class='ocrx_word' id='word_1_38' title='bbox 1151 656 1241 722; x_wconf 88' lang='lat' dir='ltr'><strong>facto</strong></span> <span class='ocrx_word' id='word_1_39' title='bbox 1264 656 1447 740; x_wconf 85' lang='lat' dir='ltr'><strong>periculum</strong></span> <span class='ocrx_word' id='word_1_40' title='bbox 1466 657 1513 723; x_wconf 93' lang='lat' dir='ltr'><strong>rei</strong></span> 
     </span>
    </p>
   </div>
   <div class='ocr_carea' id='block_1_3' title="bbox 182 744 1512 1365">
    <p class='ocr_par' dir='ltr' id='par_1_3' title="bbox 182 744 1512 1365">
     <span class='ocr_line' id='line_1_5' title="bbox 185 744 1512 830; baseline -0.001 -19"><span class='ocrx_word' id='word_1_41' title='bbox 185 746 283 812; x_wconf 89' lang='lat' dir='ltr'><strong>etiarn</strong></span> <span class='ocrx_word' id='word_1_42' title='bbox 308 752 385 812; x_wconf 92' lang='lat' dir='ltr'><strong>ante</strong></span> <span class='ocrx_word' id='word_1_43' title='bbox 408 745 618 811; x_wconf 81' lang='lat' dir='ltr'><strong>traditionem</strong></span> <span class='ocrx_word' id='word_1_44' title='bbox 641 745 762 812; x_wconf 82' lang='lat' dir='ltr'><strong>transit</strong></span> <span class='ocrx_word' id='word_1_45' title='bbox 791 746 825 810; x_wconf 95' lang='lat' dir='ltr'><strong>in</strong></span> <span class='ocrx_word' id='word_1_46' title='bbox 854 767 974 811; x_wconf 91' lang='lat' dir='ltr'><strong>novum</strong></span> <span class='ocrx_word' id='word_1_47' title='bbox 998 745 1182 822; x_wconf 87' lang='lat' dir='ltr'><strong>dominum,</strong></span> <span class='ocrx_word' id='word_1_48' title='bbox 1212 744 1233 811; x_wconf 90' lang='lat' dir='ltr'><strong>i.</strong></span> <span class='ocrx_word' id='word_1_49' title='bbox 1258 766 1286 811; x_wconf 88' lang='lat' dir='ltr'><strong>e.</strong></span> <span class='ocrx_word' id='word_1_50' title='bbox 1311 751 1512 830; x_wconf 68' lang='lat' dir='ltr'><strong>emptorem</strong></span> 
     </span>
     <span class='ocr_line' id='line_1_6' title="bbox 184 833 1510 919; baseline 0.002 -20"><span class='ocrx_word' id='word_1_51' title='bbox 184 835 334 901; x_wconf 89' lang='lat' dir='ltr'><strong>similiter</strong></span> <span class='ocrx_word' id='word_1_52' title='bbox 357 834 458 917; x_wconf 84' lang='lat' dir='ltr'><strong>igitur</strong></span> <span class='ocrx_word' id='word_1_53' title='bbox 481 835 533 900; x_wconf 90' lang='lat' dir='ltr'><strong>hic</strong></span> <span class='ocrx_word' id='word_1_54' title='bbox 555 837 631 919; x_wconf 90' lang='lat' dir='ltr'><strong>post</strong></span> <span class='ocrx_word' id='word_1_55' title='bbox 655 855 847 900; x_wconf 90' lang='lat' dir='ltr'><strong>consensum</strong></span> <span class='ocrx_word' id='word_1_56' title='bbox 872 856 892 901; x_wconf 99' lang='lat' dir='ltr'><strong>a</strong></span> <span class='ocrx_word' id='word_1_57' title='bbox 913 835 990 900; x_wconf 86' lang='lat' dir='ltr'><strong>Caio</strong></span> <span class='ocrx_word' id='word_1_58' title='bbox 1014 835 1127 900; x_wconf 88' lang='lat' dir='ltr'><strong>datum</strong></span> <span class='ocrx_word' id='word_1_59' title='bbox 1150 833 1331 917; x_wconf 85' lang='lat' dir='ltr'><strong>periculum</strong></span> <span class='ocrx_word' id='word_1_60' title='bbox 1354 834 1510 901; x_wconf 82' lang='lat' dir='ltr'><strong>frumenti</strong></span> 
     </span>
     <span class='ocr_line' id='line_1_7' title="bbox 184 921 1511 1007; baseline 0.001 -20"><span class='ocrx_word' id='word_1_61' title='bbox 184 923 329 988; x_wconf 84' lang='lat' dir='ltr'><strong>Treviris</strong></span> <span class='ocrx_word' id='word_1_62' title='bbox 352 923 543 989; x_wconf 89' lang='lat' dir='ltr'><strong>exsistentis</strong></span> <span class='ocrx_word' id='word_1_63' title='bbox 567 924 738 990; x_wconf 80' lang='lat' dir='ltr'><strong>transiisse</strong></span> <span class='ocrx_word' id='word_1_64' title='bbox 765 922 888 989; x_wconf 85' lang='lat' dir='ltr'><strong>censeri</strong></span> <span class='ocrx_word' id='word_1_65' title='bbox 919 927 1030 1007; x_wconf 89' lang='lat' dir='ltr'><strong>potest</strong></span> <span class='ocrx_word' id='word_1_66' title='bbox 1058 922 1093 987; x_wconf 93' lang='lat' dir='ltr'><strong>in</strong></span> <span class='ocrx_word' id='word_1_67' title='bbox 1115 921 1237 988; x_wconf 84' lang='lat' dir='ltr'><strong>Caium.</strong></span> <span class='ocrx_word' id='word_1_68' title='bbox 1262 960 1305 972; x_wconf 90' lang='lat'><em>-</em></span> <span class='ocrx_word' id='word_1_69' title='bbox 1337 923 1511 990; x_wconf 85' lang='lat' dir='ltr'><strong>Difficilius</strong></span> 
     </span>
     <span class='ocr_line' id='line_1_8' title="bbox 182 1011 1511 1097; baseline 0.002 -21"><span class='ocrx_word' id='word_1_70' title='bbox 182 1033 237 1077; x_wconf 91' lang='lat' dir='ltr'><strong>res</strong></span> <span class='ocrx_word' id='word_1_71' title='bbox 267 1012 460 1096; x_wconf 82' lang='lat' dir='ltr'><strong>expedietur</strong></span> <span class='ocrx_word' id='word_1_72' title='bbox 483 1013 659 1079; x_wconf 89' lang='lat' dir='ltr'><strong>secundum</strong></span> <span class='ocrx_word' id='word_1_73' title='bbox 690 1013 739 1077; x_wconf 93' lang='lat' dir='ltr'><strong>ius</strong></span> <span class='ocrx_word' id='word_1_74' title='bbox 764 1012 974 1090; x_wconf 84' lang='lat' dir='ltr'><strong>Germaniae,</strong></span> <span class='ocrx_word' id='word_1_75' title='bbox 1007 1033 1049 1077; x_wconf 87' lang='lat' dir='ltr'><strong>ex</strong></span> <span class='ocrx_word' id='word_1_76' title='bbox 1072 1032 1136 1094; x_wconf 93' lang='lat' dir='ltr'><strong>quo</strong></span> <span class='ocrx_word' id='word_1_77' title='bbox 1166 1011 1214 1076; x_wconf 94' lang='lat' dir='ltr'><strong>rei</strong></span> <span class='ocrx_word' id='word_1_78' title='bbox 1237 1011 1394 1078; x_wconf 82' lang='lat' dir='ltr'><strong>venditae</strong></span> <span class='ocrx_word' id='word_1_79' title='bbox 1425 1013 1511 1097; x_wconf 90' lang='lat' dir='ltr'><strong>peri·</strong></span> 
     </span>
     <span class='ocr_line' id='line_1_9' title="bbox 183 1100 1510 1186; baseline 0.001 -20"><span class='ocrx_word' id='word_1_80' title='bbox 183 1101 291 1166; x_wconf 93' lang='lat' dir='ltr'><strong>culum</strong></span> <span class='ocrx_word' id='word_1_81' title='bbox 321 1101 355 1166; x_wconf 93' lang='lat' dir='ltr'><strong>in</strong></span> <span class='ocrx_word' id='word_1_82' title='bbox 379 1106 559 1186; x_wconf 85' lang='lat' dir='ltr'><strong>emptorem</strong></span> <span class='ocrx_word' id='word_1_83' title='bbox 589 1123 654 1166; x_wconf 93' lang='lat' dir='ltr'><strong>non</strong></span> <span class='ocrx_word' id='word_1_84' title='bbox 677 1102 799 1167; x_wconf 85' lang='lat' dir='ltr'><strong>transit</strong></span> <span class='ocrx_word' id='word_1_85' title='bbox 822 1101 883 1166; x_wconf 90' lang='lat' dir='ltr'><strong>nisi</strong></span> <span class='ocrx_word' id='word_1_86' title='bbox 913 1107 989 1186; x_wconf 87' lang='lat' dir='ltr'><strong>post</strong></span> <span class='ocrx_word' id='word_1_87' title='bbox 1011 1100 1232 1167; x_wconf 87' lang='lat' dir='ltr'><strong>traditionem.</strong></span> <span class='ocrx_word' id='word_1_88' title='bbox 1279 1100 1510 1180; x_wconf 85' lang='lat' dir='ltr'><strong>Nihilominus,</strong></span> 
     </span>
     <span class='ocr_line' id='line_1_10' title="bbox 183 1190 1509 1275; baseline 0 -20"><span class='ocrx_word' id='word_1_89' title='bbox 183 1211 256 1255; x_wconf 89' lang='lat' dir='ltr'><strong>curn</strong></span> <span class='ocrx_word' id='word_1_90' title='bbox 281 1212 394 1256; x_wconf 91' lang='lat' dir='ltr'><strong>veram</strong></span> <span class='ocrx_word' id='word_1_91' title='bbox 416 1190 639 1255; x_wconf 91' lang='lat' dir='ltr'><strong>venditionem</strong></span> <span class='ocrx_word' id='word_1_92' title='bbox 662 1195 697 1256; x_wconf 92' lang='lat' dir='ltr'><strong>et</strong></span> <span class='ocrx_word' id='word_1_93' title='bbox 720 1190 916 1273; x_wconf 87' lang='lat' dir='ltr'><strong>emptionem</strong></span> <span class='ocrx_word' id='word_1_94' title='bbox 940 1212 1004 1254; x_wconf 90' lang='lat' dir='ltr'><strong>non</strong></span> <span class='ocrx_word' id='word_1_95' title='bbox 1030 1190 1218 1267; x_wconf 89' lang='lat' dir='ltr'><strong>habeamus,</strong></span> <span class='ocrx_word' id='word_1_96' title='bbox 1243 1190 1301 1254; x_wconf 90' lang='lat' dir='ltr'><strong>sed</strong></span> <span class='ocrx_word' id='word_1_97' title='bbox 1326 1191 1509 1275; x_wconf 92' lang='lat' dir='ltr'><strong>depositum</strong></span> 
     </span>
     <span class='ocr_line' id='line_1_11' title="bbox 183 1277 1510 1365; baseline 0 -20"><span class='ocrx_word' id='word_1_98' title='bbox 183 1284 282 1362; x_wconf 89' lang='lat' dir='ltr'><strong>atque</strong></span> <span class='ocrx_word' id='word_1_99' title='bbox 302 1279 547 1364; x_wconf 87' lang='lat' dir='ltr'><strong>dispositionem</strong></span> <span class='ocrx_word' id='word_1_100' title='bbox 571 1279 658 1344; x_wconf 91' lang='lat' dir='ltr'><strong>circa</strong></span> <span class='ocrx_word' id='word_1_101' title='bbox 681 1300 750 1344; x_wconf 90' lang='lat' dir='ltr'><strong>rem</strong></span> <span class='ocrx_word' id='word_1_102' title='bbox 767 1278 958 1363; x_wconf 87' lang='lat' dir='ltr'><strong>depositam,</strong></span> <span class='ocrx_word' id='word_1_103' title='bbox 983 1280 1067 1344; x_wconf 90' lang='lat' dir='ltr'><strong>hanc</strong></span> <span class='ocrx_word' id='word_1_104' title='bbox 1084 1277 1330 1362; x_wconf 89' lang='lat' dir='ltr'><strong>dispositionem</strong></span> <span class='ocrx_word' id='word_1_105' title='bbox 1354 1301 1414 1345; x_wconf 89' lang='lat' dir='ltr'><strong>seu</strong></span> <span class='ocrx_word' id='word_1_106' title='bbox 1437 1302 1510 1365; x_wconf 91' lang='lat' dir='ltr'><strong>per·</strong></span> 
     </span>
    </p>
   </div>
   <div class='ocr_carea' id='block_1_4' title="bbox 181 1367 1509 1809">
    <p class='ocr_par' dir='ltr' id='par_1_4' title="bbox 181 1367 1509 1809">
     <span class='ocr_line' id='line_1_12' title="bbox 182 1367 1509 1452; baseline 0.002 -19"><span class='ocrx_word' id='word_1_107' title='bbox 182 1368 398 1434; x_wconf 85' lang='lat' dir='ltr'><strong>mutationem</strong></span> <span class='ocrx_word' id='word_1_108' title='bbox 422 1368 640 1452; x_wconf 89' lang='lat' dir='ltr'><strong>depositarius</strong></span> <span class='ocrx_word' id='word_1_109' title='bbox 664 1368 763 1435; x_wconf 91' lang='lat' dir='ltr'><strong>etiam</strong></span> <span class='ocrx_word' id='word_1_110' title='bbox 794 1367 923 1433; x_wconf 90' lang='lat' dir='ltr'><strong>nomine</strong></span> <span class='ocrx_word' id='word_1_111' title='bbox 947 1368 1140 1452; x_wconf 90' lang='lat' dir='ltr'><strong>deponentis</strong></span> <span class='ocrx_word' id='word_1_112' title='bbox 1163 1367 1273 1433; x_wconf 86' lang='lat' dir='ltr'><strong>facere</strong></span> <span class='ocrx_word' id='word_1_113' title='bbox 1297 1369 1422 1452; x_wconf 90' lang='lat' dir='ltr'><strong>potuit,</strong></span> <span class='ocrx_word' id='word_1_114' title='bbox 1451 1370 1509 1435; x_wconf 90' lang='lat' dir='ltr'><strong>ad·</strong></span> 
     </span>
     <span class='ocr_line' id='line_1_13' title="bbox 182 1455 1507 1544; baseline 0 -22"><span class='ocrx_word' id='word_1_115' title='bbox 182 1478 286 1538; x_wconf 91' lang='lat' dir='ltr'><strong>eoque</strong></span> <span class='ocrx_word' id='word_1_116' title='bbox 316 1479 385 1522; x_wconf 91' lang='lat' dir='ltr'><strong>rem</strong></span> <span class='ocrx_word' id='word_1_117' title='bbox 415 1479 506 1523; x_wconf 90' lang='lat' dir='ltr'><strong>snam</strong></span> <span class='ocrx_word' id='word_1_118' title='bbox 537 1480 594 1523; x_wconf 84' lang='lat' dir='ltr'><strong>cuo</strong></span> <span class='ocrx_word' id='word_1_119' title='bbox 623 1457 753 1523; x_wconf 92' lang='lat' dir='ltr'><strong>nomine</strong></span> <span class='ocrx_word' id='word_1_120' title='bbox 776 1458 908 1523; x_wconf 89' lang='lat' dir='ltr'><strong>tradere</strong></span> <span class='ocrx_word' id='word_1_121' title='bbox 939 1461 1038 1539; x_wconf 88' lang='lat' dir='ltr'><strong>atque</strong></span> <span class='ocrx_word' id='word_1_122' title='bbox 1060 1456 1146 1521; x_wconf 89' lang='lat' dir='ltr'><strong>idem</strong></span> <span class='ocrx_word' id='word_1_123' title='bbox 1168 1455 1239 1541; x_wconf 93' lang='lat' dir='ltr'><strong>ipse</strong></span> <span class='ocrx_word' id='word_1_124' title='bbox 1262 1456 1394 1522; x_wconf 90' lang='lat' dir='ltr'><strong>nomine</strong></span> <span class='ocrx_word' id='word_1_125' title='bbox 1418 1459 1507 1544; x_wconf 76' lang='lat' dir='ltr'><strong>depo·</strong></span> 
     </span>
     <span class='ocr_line' id='line_1_14' title="bbox 182 1545 1507 1631; baseline -0.001 -19"><span class='ocrx_word' id='word_1_126' title='bbox 182 1550 286 1612; x_wconf 82' lang='lat' dir='ltr'><strong>nentia</strong></span> <span class='ocrx_word' id='word_1_127' title='bbox 310 1547 458 1630; x_wconf 84' lang='lat' dir='ltr'><strong>accipere</strong></span> <span class='ocrx_word' id='word_1_128' title='bbox 481 1568 538 1612; x_wconf 91' lang='lat' dir='ltr'><strong>seu</strong></span> <span class='ocrx_word' id='word_1_129' title='bbox 562 1546 836 1630; x_wconf 86' lang='lat' dir='ltr'><strong>permutationem</strong></span> <span class='ocrx_word' id='word_1_130' title='bbox 857 1545 1038 1631; x_wconf 84' lang='lat' dir='ltr'><strong>perfectam</strong></span> <span class='ocrx_word' id='word_1_131' title='bbox 1061 1546 1198 1610; x_wconf 91' lang='lat' dir='ltr'><strong>reddere</strong></span> <span class='ocrx_word' id='word_1_132' title='bbox 1221 1549 1372 1629; x_wconf 88' lang='lat' dir='ltr'><strong>poterat:</strong></span> <span class='ocrx_word' id='word_1_133' title='bbox 1395 1546 1430 1611; x_wconf 91' lang='lat' dir='ltr'><strong>in</strong></span> <span class='ocrx_word' id='word_1_134' title='bbox 1445 1567 1507 1629; x_wconf 90' lang='lat' dir='ltr'><strong>quo</strong></span> 
     </span>
     <span class='ocr_line' id='line_1_15' title="bbox 183 1634 1507 1718; baseline 0.002 -19"><span class='ocrx_word' id='word_1_135' title='bbox 183 1656 261 1700; x_wconf 90' lang='lat' dir='ltr'><strong>casu</strong></span> <span class='ocrx_word' id='word_1_136' title='bbox 291 1656 369 1700; x_wconf 89' lang='lat' dir='ltr'><strong>sane</strong></span> <span class='ocrx_word' id='word_1_137' title='bbox 397 1635 577 1718; x_wconf 90' lang='lat' dir='ltr'><strong>periculum</strong></span> <span class='ocrx_word' id='word_1_138' title='bbox 600 1636 742 1701; x_wconf 87' lang='lat' dir='ltr'><strong>transire</strong></span> <span class='ocrx_word' id='word_1_139' title='bbox 766 1635 864 1701; x_wconf 91' lang='lat' dir='ltr'><strong>debet</strong></span> <span class='ocrx_word' id='word_1_140' title='bbox 892 1635 926 1700; x_wconf 95' lang='lat' dir='ltr'><strong>in</strong></span> <span class='ocrx_word' id='word_1_141' title='bbox 949 1655 1039 1712; x_wconf 89' lang='lat' dir='ltr'><strong>eum,</strong></span> <span class='ocrx_word' id='word_1_142' title='bbox 1071 1635 1126 1717; x_wconf 92' lang='lat' dir='ltr'><strong>qui</strong></span> <span class='ocrx_word' id='word_1_143' title='bbox 1155 1634 1202 1699; x_wconf 94' lang='lat' dir='ltr'><strong>rei</strong></span> <span class='ocrx_word' id='word_1_144' title='bbox 1227 1635 1378 1700; x_wconf 91' lang='lat' dir='ltr'><strong>domiuus</strong></span> <span class='ocrx_word' id='word_1_145' title='bbox 1402 1636 1507 1701; x_wconf 87' lang='lat' dir='ltr'><strong>factus</strong></span> 
     </span>
     <span class='ocr_line' id='line_1_16' title="bbox 181 1723 815 1809; baseline 0.002 -21"><span class='ocrx_word' id='word_1_146' title='bbox 181 1723 291 1801; x_wconf 89' lang='lat' dir='ltr'><strong>fuerit,</strong></span> <span class='ocrx_word' id='word_1_147' title='bbox 317 1746 375 1789; x_wconf 91' lang='lat' dir='ltr'><strong>seu</strong></span> <span class='ocrx_word' id='word_1_148' title='bbox 398 1724 432 1788; x_wconf 93' lang='lat' dir='ltr'><strong>in</strong></span> <span class='ocrx_word' id='word_1_149' title='bbox 454 1725 565 1790; x_wconf 80' lang='lat' dir='ltr'><strong>Caium</strong></span> <span class='ocrx_word' id='word_1_150' title='bbox 590 1724 815 1809; x_wconf 89' lang='lat' dir='ltr'><strong>deponentem.</strong></span> 
     </span>
    </p>
   </div>
   <div class='ocr_carea' id='block_1_5' title="bbox 119 1830 1504 2272">
    <p class='ocr_par' dir='ltr' id='par_1_5' title="bbox 119 1830 1504 2092">
     <span class='ocr_line' id='line_1_17' title="bbox 119 1830 1504 1915; baseline 0.002 -24"><span class='ocrx_word' id='word_1_151' title='bbox 119 1838 172 1892; x_wconf 84' lang='lat'><strong>857</strong></span> <span class='ocrx_word' id='word_1_152' title='bbox 270 1831 309 1899; x_wconf 84' lang='lat' dir='ltr'><strong>u.</strong></span> <span class='ocrx_word' id='word_1_153' title='bbox 327 1834 356 1896; x_wconf 81' lang='lat'><strong>2.</strong></span> <span class='ocrx_word' id='word_1_154' title='bbox 392 1830 489 1896; x_wconf 86' lang='lat' dir='ltr'><strong>Nunc</strong></span> <span class='ocrx_word' id='word_1_155' title='bbox 505 1852 584 1896; x_wconf 91' lang='lat' dir='ltr'><strong>vero</strong></span> <span class='ocrx_word' id='word_1_156' title='bbox 607 1831 805 1915; x_wconf 90' lang='lat' dir='ltr'><strong>permutatio</strong></span> <span class='ocrx_word' id='word_1_157' title='bbox 822 1831 1059 1896; x_wconf 85' lang='lat' dir='ltr'><strong>frumentorum</strong></span> <span class='ocrx_word' id='word_1_158' title='bbox 1083 1830 1174 1896; x_wconf 88' lang='lat' dir='ltr'><strong>facta</strong></span> <span class='ocrx_word' id='word_1_159' title='bbox 1196 1830 1339 1894; x_wconf 94' lang='lat' dir='ltr'><strong>nondum</strong></span> <span class='ocrx_word' id='word_1_160' title='bbox 1363 1835 1425 1909; x_wconf 87' lang='lat' dir='ltr'><strong>est,</strong></span> <span class='ocrx_word' id='word_1_161' title='bbox 1450 1831 1504 1896; x_wconf 89' lang='lat' dir='ltr'><strong>sed</strong></span> 
     </span>
     <span class='ocr_line' id='line_1_18' title="bbox 181 1919 1503 2004; baseline 0 -20"><span class='ocrx_word' id='word_1_162' title='bbox 181 1919 285 1984; x_wconf 89' lang='lat' dir='ltr'><strong>solum</strong></span> <span class='ocrx_word' id='word_1_163' title='bbox 315 1920 495 2004; x_wconf 88' lang='lat' dir='ltr'><strong>proposita.</strong></span> <span class='ocrx_word' id='word_1_164' title='bbox 550 1920 656 1986; x_wconf 85' lang='lat' dir='ltr'><strong>Titius</strong></span> <span class='ocrx_word' id='word_1_165' title='bbox 686 1920 815 2003; x_wconf 92' lang='lat' dir='ltr'><strong>quidem</strong></span> <span class='ocrx_word' id='word_1_166' title='bbox 846 1919 991 1984; x_wconf 88' lang='lat' dir='ltr'><strong>vendens</strong></span> <span class='ocrx_word' id='word_1_167' title='bbox 1022 1920 1090 2002; x_wconf 82' lang='lat' dir='ltr'><strong>egit</strong></span> <span class='ocrx_word' id='word_1_168' title='bbox 1120 1940 1162 1985; x_wconf 86' lang='lat' dir='ltr'><strong>ex</strong></span> <span class='ocrx_word' id='word_1_169' title='bbox 1190 1924 1407 2003; x_wconf 88' lang='lat' dir='ltr'><strong>praesumpta</strong></span> <span class='ocrx_word' id='word_1_170' title='bbox 1439 1920 1503 1985; x_wconf 80' lang='lat' dir='ltr'><strong>Caii</strong></span> 
     </span>
     <span class='ocr_line' id='line_1_19' title="bbox 181 2008 1503 2092; baseline 0.001 -20"><span class='ocrx_word' id='word_1_171' title='bbox 181 2009 368 2086; x_wconf 90' lang='lat' dir='ltr'><strong>voluntate;</strong></span> <span class='ocrx_word' id='word_1_172' title='bbox 393 2010 451 2074; x_wconf 92' lang='lat' dir='ltr'><strong>sed</strong></span> <span class='ocrx_word' id='word_1_173' title='bbox 467 2009 614 2074; x_wconf 91' lang='lat' dir='ltr'><strong>vendidit</strong></span> <span class='ocrx_word' id='word_1_174' title='bbox 636 2010 835 2075; x_wconf 92' lang='lat' dir='ltr'><strong>frumentum</strong></span> <span class='ocrx_word' id='word_1_175' title='bbox 855 2008 954 2075; x_wconf 90' lang='lat' dir='ltr'><strong>etiam</strong></span> <span class='ocrx_word' id='word_1_176' title='bbox 977 2012 1047 2075; x_wconf 93' lang='lat' dir='ltr'><strong>tum</strong></span> <span class='ocrx_word' id='word_1_177' title='bbox 1063 2008 1215 2085; x_wconf 88' lang='lat' dir='ltr'><strong>alienum,</strong></span> <span class='ocrx_word' id='word_1_178' title='bbox 1240 2013 1341 2091; x_wconf 86' lang='lat' dir='ltr'><strong>atque</strong></span> <span class='ocrx_word' id='word_1_179' title='bbox 1365 2009 1503 2092; x_wconf 89' lang='lat' dir='ltr'><strong>pretium</strong></span> 
     </span>
    </p>

    <p class='ocr_par' dir='ltr' id='par_1_6' title="bbox 128 2097 1502 2272">
     <span class='ocr_line' id='line_1_20' title="bbox 128 2097 1502 2182; baseline 0.001 -20"><span class='ocrx_word' id='word_1_180' title='bbox 128 2166 131 2173; x_wconf 62' lang='grc'><em>,</em></span> <span class='ocrx_word' id='word_1_181' title='bbox 180 2104 348 2181; x_wconf 89' lang='lat' dir='ltr'><strong>receptum</strong></span> <span class='ocrx_word' id='word_1_182' title='bbox 372 2102 443 2164; x_wconf 84' lang='lat' dir='ltr'><strong>iure</strong></span> <span class='ocrx_word' id='word_1_183' title='bbox 464 2097 608 2182; x_wconf 87' lang='lat' dir='ltr'><strong>pertinet</strong></span> <span class='ocrx_word' id='word_1_184' title='bbox 631 2100 672 2164; x_wconf 91' lang='lat' dir='ltr'><strong>ad</strong></span> <span class='ocrx_word' id='word_1_185' title='bbox 696 2098 818 2176; x_wconf 81' lang='lat' dir='ltr'><strong>Gaium,</strong></span> <span class='ocrx_word' id='word_1_186' title='bbox 843 2097 905 2164; x_wconf 89' lang='lat' dir='ltr'><strong>etsi</strong></span> <span class='ocrx_word' id='word_1_187' title='bbox 928 2119 987 2182; x_wconf 93' lang='lat' dir='ltr'><strong>pro</strong></span> <span class='ocrx_word' id='word_1_188' title='bbox 1011 2097 1152 2163; x_wconf 90' lang='lat' dir='ltr'><strong>nuncin</strong></span> <span class='ocrx_word' id='word_1_189' title='bbox 1176 2118 1216 2163; x_wconf 90' lang='lat' dir='ltr'><strong>ea</strong></span> <span class='ocrx_word' id='word_1_190' title='bbox 1239 2097 1429 2163; x_wconf 91' lang='lat' dir='ltr'><strong>condicione</strong></span> <span class='ocrx_word' id='word_1_191' title='bbox 1452 2098 1502 2174; x_wconf 91' lang='lat' dir='ltr'><strong>sit,</strong></span> 
     </span>
     <span class='ocr_line' id='line_1_21' title="bbox 181 2186 976 2272; baseline 0.003 -20"><span class='ocrx_word' id='word_1_192' title='bbox 181 2191 218 2254; x_wconf 90' lang='lat' dir='ltr'><strong>ut</strong></span> <span class='ocrx_word' id='word_1_193' title='bbox 240 2209 317 2252; x_wconf 83' lang='lat' dir='ltr'><strong>mox</strong></span> <span class='ocrx_word' id='word_1_194' title='bbox 340 2188 482 2254; x_wconf 91' lang='lat' dir='ltr'><strong>transire</strong></span> <span class='ocrx_word' id='word_1_195' title='bbox 504 2188 609 2272; x_wconf 88' lang='lat' dir='ltr'><strong>possit</strong></span> <span class='ocrx_word' id='word_1_196' title='bbox 631 2187 665 2252; x_wconf 93' lang='lat' dir='ltr'><strong>in</strong></span> <span class='ocrx_word' id='word_1_197' title='bbox 689 2187 866 2252; x_wconf 91' lang='lat' dir='ltr'><strong>dominium</strong></span> <span class='ocrx_word' id='word_1_198' title='bbox 889 2186 976 2254; x_wconf 85' lang='lat' dir='ltr'><strong>Titii.</strong></span> 
     </span>
    </p>
   </div>
   <div class='ocr_carea' id='block_1_6' title="bbox 179 2291 1502 2715">
    <p class='ocr_par' dir='ltr' id='par_1_7' title="bbox 179 2291 1502 2715">
     <span class='ocr_line' id='line_1_22' title="bbox 268 2291 1502 2377; baseline -0.001 -18"><span class='ocrx_word' id='word_1_199' title='bbox 268 2293 307 2359; x_wconf 87' lang='lat' dir='ltr'><strong>R.</strong></span> <span class='ocrx_word' id='word_1_200' title='bbox 326 2296 356 2360; x_wconf 88' lang='lat'><strong>3.</strong></span> <span class='ocrx_word' id='word_1_201' title='bbox 395 2292 601 2377; x_wconf 89' lang='lat' dir='ltr'><strong>Quapropter</strong></span> <span class='ocrx_word' id='word_1_202' title='bbox 617 2315 699 2371; x_wconf 92' lang='lat' dir='ltr'><strong>cum,</strong></span> <span class='ocrx_word' id='word_1_203' title='bbox 723 2297 799 2376; x_wconf 89' lang='lat' dir='ltr'><strong>post</strong></span> <span class='ocrx_word' id='word_1_204' title='bbox 818 2297 968 2358; x_wconf 84' lang='lat' dir='ltr'><strong>exortum</strong></span> <span class='ocrx_word' id='word_1_205' title='bbox 984 2291 1177 2370; x_wconf 84' lang='lat' dir='ltr'><strong>incendium,</strong></span> <span class='ocrx_word' id='word_1_206' title='bbox 1202 2292 1298 2357; x_wconf 83' lang='lat' dir='ltr'><strong>Caius</strong></span> <span class='ocrx_word' id='word_1_207' title='bbox 1321 2292 1393 2358; x_wconf 89' lang='lat' dir='ltr'><strong>sine</strong></span> <span class='ocrx_word' id='word_1_208' title='bbox 1409 2292 1502 2358; x_wconf 92' lang='lat' dir='ltr'><strong>dubio</strong></span> 
     </span>
     <span class='ocr_line' id='line_1_23' title="bbox 179 2381 1502 2465; baseline 0.001 -19"><span class='ocrx_word' id='word_1_209' title='bbox 179 2403 244 2447; x_wconf 94' lang='lat' dir='ltr'><strong>non</strong></span> <span class='ocrx_word' id='word_1_210' title='bbox 260 2383 398 2465; x_wconf 91' lang='lat' dir='ltr'><strong>amplius</strong></span> <span class='ocrx_word' id='word_1_211' title='bbox 415 2383 600 2448; x_wconf 88' lang='lat' dir='ltr'><strong>consentiat</strong></span> <span class='ocrx_word' id='word_1_212' title='bbox 623 2383 656 2447; x_wconf 90' lang='lat' dir='ltr'><strong>in</strong></span> <span class='ocrx_word' id='word_1_213' title='bbox 672 2382 955 2465; x_wconf 89' lang='lat' dir='ltr'><strong>permutationem,</strong></span> <span class='ocrx_word' id='word_1_214' title='bbox 980 2381 1060 2446; x_wconf 90' lang='lat' dir='ltr'><strong>nihil</strong></span> <span class='ocrx_word' id='word_1_215' title='bbox 1082 2385 1197 2458; x_wconf 90' lang='lat' dir='ltr'><strong>restat,</strong></span> <span class='ocrx_word' id='word_1_216' title='bbox 1222 2381 1284 2446; x_wconf 89' lang='lat' dir='ltr'><strong>nisi</strong></span> <span class='ocrx_word' id='word_1_217' title='bbox 1305 2387 1342 2448; x_wconf 91' lang='lat' dir='ltr'><strong>ut</strong></span> <span class='ocrx_word' id='word_1_218' title='bbox 1358 2381 1502 2447; x_wconf 88' lang='lat' dir='ltr'><strong>dicamus</strong></span> 
     </span>
     <span class='ocr_line' id='line_1_24' title="bbox 180 2470 1501 2556; baseline 0.002 -22"><span class='ocrx_word' id='word_1_219' title='bbox 180 2491 275 2535; x_wconf 92' lang='lat' dir='ltr'><strong>omne</strong></span> <span class='ocrx_word' id='word_1_220' title='bbox 298 2471 497 2537; x_wconf 86' lang='lat' dir='ltr'><strong>frumentum</strong></span> <span class='ocrx_word' id='word_1_221' title='bbox 521 2471 656 2554; x_wconf 89' lang='lat' dir='ltr'><strong>periisse</strong></span> <span class='ocrx_word' id='word_1_222' title='bbox 673 2470 776 2546; x_wconf 85' lang='lat' dir='ltr'><strong>Titio;</strong></span> <span class='ocrx_word' id='word_1_223' title='bbox 800 2470 876 2535; x_wconf 82' lang='lat' dir='ltr'><strong>Caio</strong></span> <span class='ocrx_word' id='word_1_224' title='bbox 900 2470 1026 2536; x_wconf 89' lang='lat' dir='ltr'><strong>servari</strong></span> <span class='ocrx_word' id='word_1_225' title='bbox 1050 2470 1100 2534; x_wconf 88' lang='lat' dir='ltr'><strong>ius</strong></span> <span class='ocrx_word' id='word_1_226' title='bbox 1124 2471 1165 2535; x_wconf 93' lang='lat' dir='ltr'><strong>ad</strong></span> <span class='ocrx_word' id='word_1_227' title='bbox 1181 2470 1408 2555; x_wconf 89' lang='lat' dir='ltr'><strong>accipiendum</strong></span> <span class='ocrx_word' id='word_1_228' title='bbox 1431 2493 1501 2556; x_wconf 90' lang='lat' dir='ltr'><strong>pre·</strong></span> 
     </span>
     <span class='ocr_line' id='line_1_25' title="bbox 179 2559 1501 2642; baseline 0 -18"><span class='ocrx_word' id='word_1_229' title='bbox 179 2559 261 2625; x_wconf 93' lang='lat' dir='ltr'><strong>tium</strong></span> <span class='ocrx_word' id='word_1_230' title='bbox 285 2560 440 2626; x_wconf 92' lang='lat' dir='ltr'><strong>frumenti</strong></span> <span class='ocrx_word' id='word_1_231' title='bbox 464 2559 598 2627; x_wconf 92' lang='lat' dir='ltr'><strong>venditi.</strong></span> <span class='ocrx_word' id='word_1_232' title='bbox 645 2560 754 2642; x_wconf 85' lang='lat' dir='ltr'><strong>Atque</strong></span> <span class='ocrx_word' id='word_1_233' title='bbox 777 2559 826 2625; x_wconf 92' lang='lat' dir='ltr'><strong>ita</strong></span> <span class='ocrx_word' id='word_1_234' title='bbox 848 2560 882 2624; x_wconf 95' lang='lat' dir='ltr'><strong>in</strong></span> <span class='ocrx_word' id='word_1_235' title='bbox 905 2560 976 2625; x_wconf 87' lang='lat' dir='ltr'><strong>foro</strong></span> <span class='ocrx_word' id='word_1_236' title='bbox 1001 2564 1138 2624; x_wconf 83' lang='lat' dir='ltr'><strong>externo</strong></span> <span class='ocrx_word' id='word_1_237' title='bbox 1161 2559 1231 2624; x_wconf 91' lang='lat' dir='ltr'><strong>fore</strong></span> <span class='ocrx_word' id='word_1_238' title='bbox 1262 2564 1300 2624; x_wconf 93' lang='lat' dir='ltr'><strong>ut</strong></span> <span class='ocrx_word' id='word_1_239' title='bbox 1323 2580 1425 2626; x_wconf 90' lang='lat' dir='ltr'><strong>causa</strong></span> <span class='ocrx_word' id='word_1_240' title='bbox 1448 2561 1501 2625; x_wconf 92' lang='lat' dir='ltr'><strong>de·</strong></span> 
     </span>
     <span class='ocr_line' id='line_1_26' title="bbox 180 2648 869 2715; baseline 0.001 -2"><span class='ocrx_word' id='word_1_241' title='bbox 180 2648 309 2714; x_wconf 91' lang='lat' dir='ltr'><strong>cidatur</strong></span> <span class='ocrx_word' id='word_1_242' title='bbox 332 2649 463 2715; x_wconf 92' lang='lat' dir='ltr'><strong>videtur</strong></span> <span class='ocrx_word' id='word_1_243' title='bbox 486 2649 614 2713; x_wconf 91' lang='lat' dir='ltr'><strong>omnino</strong></span> <span class='ocrx_word' id='word_1_244' title='bbox 639 2654 763 2714; x_wconf 91' lang='lat' dir='ltr'><strong>certum</strong></span> <span class='ocrx_word' id='word_1_245' title='bbox 788 2669 869 2714; x_wconf 90' lang='lat' dir='ltr'><strong>esse.</strong></span> 
     </span>
    </p>
   </div>
   <div class='ocr_carea' id='block_1_7' title="bbox 176 2753 1500 4173">
    <p class='ocr_par' dir='ltr' id='par_1_8' title="bbox 176 2753 1500 4173">
     <span class='ocr_line' id='line_1_27' title="bbox 268 2753 1499 2836; baseline 0.001 -17"><span class='ocrx_word' id='word_1_246' title='bbox 268 2754 307 2820; x_wconf 86' lang='lat' dir='ltr'><strong>R.</strong></span> <span class='ocrx_word' id='word_1_247' title='bbox 341 2757 372 2820; x_wconf 82' lang='lat'><strong>4.</strong></span> <span class='ocrx_word' id='word_1_248' title='bbox 435 2755 590 2820; x_wconf 90' lang='lat' dir='ltr'><strong>Reuter</strong></span> <span class='ocrx_word' id='word_1_249' title='bbox 621 2754 642 2819; x_wconf 89' lang='lat' dir='ltr'><strong>l.</strong></span> <span class='ocrx_word' id='word_1_250' title='bbox 675 2777 700 2819; x_wconf 90' lang='lat' dir='ltr'><strong>c.</strong></span> <span class='ocrx_word' id='word_1_251' title='bbox 741 2754 816 2819; x_wconf 84' lang='lat' dir='ltr'><strong>huic</strong></span> <span class='ocrx_word' id='word_1_252' title='bbox 848 2753 1000 2818; x_wconf 91' lang='lat' dir='ltr'><strong>solutioni</strong></span> <span class='ocrx_word' id='word_1_253' title='bbox 1033 2753 1129 2836; x_wconf 88' lang='lat' dir='ltr'><strong>plane</strong></span> <span class='ocrx_word' id='word_1_254' title='bbox 1162 2753 1342 2820; x_wconf 88' lang='lat' dir='ltr'><strong>assentitur</strong></span> <span class='ocrx_word' id='word_1_255' title='bbox 1376 2755 1499 2820; x_wconf 90' lang='lat' dir='ltr'><strong>dicens:</strong></span> 
     </span>
     <span class='ocr_line' id='line_1_28' title="bbox 185 2843 1499 2927; baseline 0.003 -21"><span class='ocrx_word' id='word_1_256' title='bbox 185 2843 406 2919; x_wconf 90' lang='lat' dir='ltr'><strong>,Probabilius</strong></span> <span class='ocrx_word' id='word_1_257' title='bbox 430 2844 582 2908; x_wconf 91' lang='lat' dir='ltr'><strong>damnum</strong></span> <span class='ocrx_word' id='word_1_258' title='bbox 613 2843 781 2908; x_wconf 88' lang='lat' dir='ltr'><strong>ferendum</strong></span> <span class='ocrx_word' id='word_1_259' title='bbox 813 2847 864 2908; x_wconf 88' lang='lat' dir='ltr'><strong>est</strong></span> <span class='ocrx_word' id='word_1_260' title='bbox 894 2843 1023 2907; x_wconf 85' lang='lat' dir='ltr'><strong>aTitio</strong></span> <span class='ocrx_word' id='word_1_261' title='bbox 1048 2843 1264 2927; x_wconf 88' lang='lat' dir='ltr'><strong>depositario;</strong></span> <span class='ocrx_word' id='word_1_262' title='bbox 1296 2865 1373 2909; x_wconf 93' lang='lat' dir='ltr'><strong>nam</strong></span> <span class='ocrx_word' id='word_1_263' title='bbox 1397 2844 1499 2920; x_wconf 83' lang='lat' dir='ltr'><strong>Caius,</strong></span> 
     </span>
     <span class='ocr_line' id='line_1_29' title="bbox 180 2932 1499 3015; baseline 0.002 -19"><span class='ocrx_word' id='word_1_264' title='bbox 180 2932 345 3015; x_wconf 89' lang='lat' dir='ltr'><strong>deponens</strong></span> <span class='ocrx_word' id='word_1_265' title='bbox 368 2932 454 3015; x_wconf 91' lang='lat' dir='ltr'><strong>apud</strong></span> <span class='ocrx_word' id='word_1_266' title='bbox 479 2953 565 3009; x_wconf 90' lang='lat' dir='ltr'><strong>eum,</strong></span> <span class='ocrx_word' id='word_1_267' title='bbox 590 2953 655 2997; x_wconf 93' lang='lat' dir='ltr'><strong>non</strong></span> <span class='ocrx_word' id='word_1_268' title='bbox 679 2938 830 2998; x_wconf 91' lang='lat' dir='ltr'><strong>censetur</strong></span> <span class='ocrx_word' id='word_1_269' title='bbox 853 2932 1037 2997; x_wconf 90' lang='lat' dir='ltr'><strong>consentire</strong></span> <span class='ocrx_word' id='word_1_270' title='bbox 1061 2933 1094 2996; x_wconf 91' lang='lat' dir='ltr'><strong>in</strong></span> <span class='ocrx_word' id='word_1_271' title='bbox 1118 2933 1417 3013; x_wconf 88' lang='lat' dir='ltr'><strong>commutationem,</strong></span> <span class='ocrx_word' id='word_1_272' title='bbox 1442 2934 1499 2999; x_wconf 88' lang='lat' dir='ltr'><strong>nisi</strong></span> 
     </span>
     <span class='ocr_line' id='line_1_30' title="bbox 179 3021 1500 3104; baseline 0.002 -18"><span class='ocrx_word' id='word_1_273' title='bbox 179 3042 251 3086; x_wconf 91' lang='lat' dir='ltr'><strong>cum</strong></span> <span class='ocrx_word' id='word_1_274' title='bbox 282 3022 498 3104; x_wconf 82' lang='lat' dir='ltr'><strong>obligatione,</strong></span> <span class='ocrx_word' id='word_1_275' title='bbox 531 3025 567 3086; x_wconf 89' lang='lat' dir='ltr'><strong>ut</strong></span> <span class='ocrx_word' id='word_1_276' title='bbox 591 3022 695 3088; x_wconf 85' lang='lat' dir='ltr'><strong>Titius</strong></span> <span class='ocrx_word' id='word_1_277' title='bbox 726 3021 943 3104; x_wconf 88' lang='lat' dir='ltr'><strong>depositarius</strong></span> <span class='ocrx_word' id='word_1_278' title='bbox 974 3043 1033 3086; x_wconf 91' lang='lat' dir='ltr'><strong>sua</strong></span> <span class='ocrx_word' id='word_1_279' title='bbox 1063 3022 1228 3086; x_wconf 87' lang='lat' dir='ltr'><strong>frumenta</strong></span> <span class='ocrx_word' id='word_1_280' title='bbox 1258 3023 1389 3099; x_wconf 90' lang='lat' dir='ltr'><strong>tradat,</strong></span> <span class='ocrx_word' id='word_1_281' title='bbox 1420 3024 1500 3088; x_wconf 90' lang='lat' dir='ltr'><strong>sicut</strong></span> 
     </span>
     <span class='ocr_line' id='line_1_31' title="bbox 180 3110 1499 3194; baseline -0.001 -18"><span class='ocrx_word' id='word_1_282' title='bbox 180 3111 371 3194; x_wconf 90' lang='lat' dir='ltr'><strong>deponentis</strong></span> <span class='ocrx_word' id='word_1_283' title='bbox 389 3111 456 3176; x_wconf 88' lang='lat' dir='ltr'><strong>Caii</strong></span> <span class='ocrx_word' id='word_1_284' title='bbox 480 3111 646 3176; x_wconf 88' lang='lat' dir='ltr'><strong>frumenta</strong></span> <span class='ocrx_word' id='word_1_285' title='bbox 669 3110 843 3193; x_wconf 91' lang='lat' dir='ltr'><strong>occupavit</strong></span> <span class='ocrx_word' id='word_1_286' title='bbox 866 3115 899 3176; x_wconf 88' lang='lat' dir='ltr'><strong>et</strong></span> <span class='ocrx_word' id='word_1_287' title='bbox 922 3111 1079 3175; x_wconf 89' lang='lat' dir='ltr'><strong>vendidit.</strong></span> <span class='ocrx_word' id='word_1_288' title='bbox 1120 3111 1151 3175; x_wconf 86' lang='lat' dir='ltr'><strong>Si</strong></span> <span class='ocrx_word' id='word_1_289' title='bbox 1177 3110 1282 3175; x_wconf 89' lang='lat' dir='ltr'><strong>dicas:</strong></span> <span class='ocrx_word' id='word_1_290' title='bbox 1308 3111 1346 3187; x_wconf 90' lang='lat' dir='ltr'><strong>‚si</strong></span> <span class='ocrx_word' id='word_1_291' title='bbox 1370 3133 1424 3177; x_wconf 89' lang='lat' dir='ltr'><strong>res</strong></span> <span class='ocrx_word' id='word_1_292' title='bbox 1448 3113 1499 3175; x_wconf 88' lang='lat' dir='ltr'><strong>de·</strong></span> 
     </span>
     <span class='ocr_line' id='line_1_32' title="bbox 179 3199 1498 3283; baseline -0.002 -18"><span class='ocrx_word' id='word_1_293' title='bbox 179 3200 286 3283; x_wconf 90' lang='lat' dir='ltr'><strong>posita</strong></span> <span class='ocrx_word' id='word_1_294' title='bbox 309 3201 469 3283; x_wconf 84' lang='lat' dir='ltr'><strong>inciperet</strong></span> <span class='ocrx_word' id='word_1_295' title='bbox 484 3199 686 3275; x_wconf 89' lang='lat' dir='ltr'><strong>deteriorari,</strong></span> <span class='ocrx_word' id='word_1_296' title='bbox 712 3205 745 3266; x_wconf 90' lang='lat' dir='ltr'><strong>et</strong></span> <span class='ocrx_word' id='word_1_297' title='bbox 761 3199 978 3281; x_wconf 89' lang='lat' dir='ltr'><strong>depositarius</strong></span> <span class='ocrx_word' id='word_1_298' title='bbox 1002 3221 1044 3263; x_wconf 86' lang='lat' dir='ltr'><strong>ex</strong></span> <span class='ocrx_word' id='word_1_299' title='bbox 1061 3203 1272 3281; x_wconf 89' lang='lat' dir='ltr'><strong>praesumpto</strong></span> <span class='ocrx_word' id='word_1_300' title='bbox 1289 3200 1412 3265; x_wconf 91' lang='lat' dir='ltr'><strong>domiui</strong></span> <span class='ocrx_word' id='word_1_301' title='bbox 1427 3222 1498 3264; x_wconf 90' lang='lat' dir='ltr'><strong>con·</strong></span> 
     </span>
     <span class='ocr_line' id='line_1_33' title="bbox 178 3287 1496 3372; baseline -0.002 -19"><span class='ocrx_word' id='word_1_302' title='bbox 178 3310 277 3355; x_wconf 89' lang='lat' dir='ltr'><strong>sensu</strong></span> <span class='ocrx_word' id='word_1_303' title='bbox 309 3311 379 3354; x_wconf 92' lang='lat' dir='ltr'><strong>eam</strong></span> <span class='ocrx_word' id='word_1_304' title='bbox 412 3290 586 3365; x_wconf 90' lang='lat' dir='ltr'><strong>venderet,</strong></span> <span class='ocrx_word' id='word_1_305' title='bbox 620 3289 747 3370; x_wconf 86' lang='lat' dir='ltr'><strong>quando</strong></span> <span class='ocrx_word' id='word_1_306' title='bbox 779 3287 926 3352; x_wconf 90' lang='lat' dir='ltr'><strong>dominus</strong></span> <span class='ocrx_word' id='word_1_307' title='bbox 957 3288 1080 3352; x_wconf 88' lang='lat' dir='ltr'><strong>moneri</strong></span> <span class='ocrx_word' id='word_1_308' title='bbox 1110 3309 1175 3351; x_wconf 92' lang='lat' dir='ltr'><strong>non</strong></span> <span class='ocrx_word' id='word_1_309' title='bbox 1203 3288 1328 3370; x_wconf 89' lang='lat' dir='ltr'><strong>potuit,</strong></span> <span class='ocrx_word' id='word_1_310' title='bbox 1362 3289 1496 3372; x_wconf 91' lang='lat' dir='ltr'><strong>pretium</strong></span> 
     </span>
     <span class='ocr_line' id='line_1_34' title="bbox 179 3376 1497 3461; baseline -0.002 -18"><span class='ocrx_word' id='word_1_311' title='bbox 179 3384 289 3444; x_wconf 91' lang='lat' dir='ltr'><strong>autern</strong></span> <span class='ocrx_word' id='word_1_312' title='bbox 313 3379 382 3443; x_wconf 91' lang='lat' dir='ltr'><strong>sine</strong></span> <span class='ocrx_word' id='word_1_313' title='bbox 407 3379 502 3461; x_wconf 90' lang='lat' dir='ltr'><strong>culpa</strong></span> <span class='ocrx_word' id='word_1_314' title='bbox 518 3377 705 3461; x_wconf 83' lang='lat' dir='ltr'><strong>depositarii</strong></span> <span class='ocrx_word' id='word_1_315' title='bbox 729 3377 923 3454; x_wconf 84' lang='lat' dir='ltr'><strong>auferretur,</strong></span> <span class='ocrx_word' id='word_1_316' title='bbox 949 3378 1099 3441; x_wconf 90' lang='lat' dir='ltr'><strong>damnum</strong></span> <span class='ocrx_word' id='word_1_317' title='bbox 1125 3376 1166 3440; x_wconf 91' lang='lat' dir='ltr'><strong>ad</strong></span> <span class='ocrx_word' id='word_1_318' title='bbox 1189 3376 1405 3458; x_wconf 90' lang='lat' dir='ltr'><strong>deponentem</strong></span> <span class='ocrx_word' id='word_1_319' title='bbox 1429 3399 1497 3461; x_wconf 91' lang='lat' dir='ltr'><strong>per·</strong></span> 
     </span>
     <span class='ocr_line' id='line_1_35' title="bbox 178 3465 1496 3550; baseline 0 -19"><span class='ocrx_word' id='word_1_320' title='bbox 178 3467 315 3542; x_wconf 71' lang='lat' dir='ltr'><strong>tineret3</strong></span> <span class='ocrx_word' id='word_1_321' title='bbox 341 3489 419 3549; x_wconf 87' lang='lat' dir='ltr'><strong>ergo</strong></span> <span class='ocrx_word' id='word_1_322' title='bbox 444 3490 464 3532; x_wconf 90' lang='lat' dir='ltr'><strong>a</strong></span> <span class='ocrx_word' id='word_1_323' title='bbox 487 3468 558 3550; x_wconf 89' lang='lat' dir='ltr'><strong>pari</strong></span> <span class='ocrx_word' id='word_1_324' title='bbox 581 3467 613 3531; x_wconf 93' lang='lat' dir='ltr'><strong>in</strong></span> <span class='ocrx_word' id='word_1_325' title='bbox 638 3471 749 3531; x_wconf 90' lang='lat' dir='ltr'><strong>nostro</strong></span> <span class='ocrx_word' id='word_1_326' title='bbox 774 3468 862 3531; x_wconf 65' lang='lat' dir='ltr'><strong>casu*</strong></span> <span class='ocrx_word' id='word_1_327' title='bbox 886 3502 929 3510; x_wconf 96' lang='lat'>—</span> <span class='ocrx_word' id='word_1_328' title='bbox 953 3487 1054 3548; x_wconf 83' lang='lat' dir='ltr'><strong>resp:</strong></span> <span class='ocrx_word' id='word_1_329' title='bbox 1086 3465 1160 3529; x_wconf 92' lang='lat' dir='ltr'><strong>Non</strong></span> <span class='ocrx_word' id='word_1_330' title='bbox 1185 3469 1236 3529; x_wconf 91' lang='lat' dir='ltr'><strong>est</strong></span> <span class='ocrx_word' id='word_1_331' title='bbox 1259 3465 1404 3549; x_wconf 88' lang='lat' dir='ltr'><strong>paritas;</strong></span> <span class='ocrx_word' id='word_1_332' title='bbox 1428 3487 1496 3531; x_wconf 89' lang='lat' dir='ltr'><strong>nam</strong></span> 
     </span>
     <span class='ocr_line' id='line_1_36' title="bbox 176 3554 1496 3637; baseline -0.002 -17"><span class='ocrx_word' id='word_1_333' title='bbox 176 3557 340 3637; x_wconf 77' lang='lat' dir='ltr'><strong>fruruerrto</strong></span> <span class='ocrx_word' id='word_1_334' title='bbox 364 3556 441 3621; x_wconf 84' lang='lat' dir='ltr'><strong>Titii</strong></span> <span class='ocrx_word' id='word_1_335' title='bbox 465 3577 549 3620; x_wconf 91' lang='lat' dir='ltr'><strong>nunc</strong></span> <span class='ocrx_word' id='word_1_336' title='bbox 573 3557 740 3622; x_wconf 85' lang='lat' dir='ltr'><strong>combusta</strong></span> <span class='ocrx_word' id='word_1_337' title='bbox 765 3559 992 3620; x_wconf 88' lang='lat' dir='ltr'><strong>remanserant</strong></span> <span class='ocrx_word' id='word_1_338' title='bbox 1015 3575 1143 3637; x_wconf 85' lang='lat' dir='ltr'><strong>semper</strong></span> <span class='ocrx_word' id='word_1_339' title='bbox 1166 3554 1224 3619; x_wconf 91' lang='lat' dir='ltr'><strong>sub</strong></span> <span class='ocrx_word' id='word_1_340' title='bbox 1250 3554 1393 3620; x_wconf 91' lang='lat' dir='ltr'><strong>dominio</strong></span> <span class='ocrx_word' id='word_1_341' title='bbox 1416 3556 1496 3630; x_wconf 83' lang='lat' dir='ltr'><strong>Titii,</strong></span> 
     </span>
     <span class='ocr_line' id='line_1_37' title="bbox 179 3643 1496 3728; baseline -0.001 -20"><span class='ocrx_word' id='word_1_342' title='bbox 179 3665 249 3709; x_wconf 86' lang='lat' dir='ltr'><strong>cum</strong></span> <span class='ocrx_word' id='word_1_343' title='bbox 276 3645 371 3710; x_wconf 83' lang='lat' dir='ltr'><strong>Caius</strong></span> <span class='ocrx_word' id='word_1_344' title='bbox 402 3666 464 3708; x_wconf 91' lang='lat' dir='ltr'><strong>non</strong></span> <span class='ocrx_word' id='word_1_345' title='bbox 489 3650 717 3728; x_wconf 89' lang='lat' dir='ltr'><strong>praesumatur</strong></span> <span class='ocrx_word' id='word_1_346' title='bbox 741 3643 943 3709; x_wconf 88' lang='lat' dir='ltr'><strong>consensisse</strong></span> <span class='ocrx_word' id='word_1_347' title='bbox 973 3644 1006 3707; x_wconf 91' lang='lat' dir='ltr'><strong>in</strong></span> <span class='ocrx_word' id='word_1_348' title='bbox 1035 3643 1327 3726; x_wconf 90' lang='lat' dir='ltr'><strong>permutationem,</strong></span> <span class='ocrx_word' id='word_1_349' title='bbox 1358 3646 1421 3710; x_wconf 85' lang='lat' dir='ltr'><strong>nisi</strong></span> <span class='ocrx_word' id='word_1_350' title='bbox 1444 3645 1496 3709; x_wconf 91' lang='lat' dir='ltr'><strong>suh</strong></span> 
     </span>
     <span class='ocr_line' id='line_1_38' title="bbox 179 3733 1496 3817; baseline -0.001 -20"><span class='ocrx_word' id='word_1_351' title='bbox 179 3734 376 3810; x_wconf 86' lang='lat' dir='ltr'><strong>condicione,</strong></span> <span class='ocrx_word' id='word_1_352' title='bbox 401 3738 438 3798; x_wconf 88' lang='lat' dir='ltr'><strong>ut</strong></span> <span class='ocrx_word' id='word_1_353' title='bbox 461 3735 670 3798; x_wconf 84' lang='lat' dir='ltr'><strong>traderentur</strong></span> <span class='ocrx_word' id='word_1_354' title='bbox 686 3733 746 3798; x_wconf 89' lang='lat' dir='ltr'><strong>sibi</strong></span> <span class='ocrx_word' id='word_1_355' title='bbox 762 3733 838 3798; x_wconf 84' lang='lat' dir='ltr'><strong>Titii</strong></span> <span class='ocrx_word' id='word_1_356' title='bbox 863 3733 1043 3806; x_wconf 81' lang='lat' dir='ltr'><strong>frumenta3</strong></span> <span class='ocrx_word' id='word_1_357' title='bbox 1068 3733 1124 3797; x_wconf 90' lang='lat' dir='ltr'><strong>sed</strong></span> <span class='ocrx_word' id='word_1_358' title='bbox 1147 3735 1283 3817; x_wconf 69' lang='lat' dir='ltr'><strong>pretium</strong></span> <span class='ocrx_word' id='word_1_359' title='bbox 1306 3734 1496 3816; x_wconf 90' lang='lat' dir='ltr'><strong>proveniens</strong></span> 
     </span>
     <span class='ocr_line' id='line_1_39' title="bbox 179 3821 1495 3906; baseline -0.002 -19"><span class='ocrx_word' id='word_1_360' title='bbox 179 3843 219 3887; x_wconf 83' lang='lat' dir='ltr'><strong>ex</strong></span> <span class='ocrx_word' id='word_1_361' title='bbox 244 3844 279 3887; x_wconf 91' lang='lat' dir='ltr'><strong>re</strong></span> <span class='ocrx_word' id='word_1_362' title='bbox 298 3823 448 3905; x_wconf 89' lang='lat' dir='ltr'><strong>deposita</strong></span> <span class='ocrx_word' id='word_1_363' title='bbox 464 3823 597 3887; x_wconf 86' lang='lat' dir='ltr'><strong>vendita</strong></span> <span class='ocrx_word' id='word_1_364' title='bbox 622 3829 694 3889; x_wconf 90' lang='lat' dir='ltr'><strong>erat</strong></span> <span class='ocrx_word' id='word_1_365' title='bbox 716 3823 775 3887; x_wconf 88' lang='lat' dir='ltr'><strong>sub</strong></span> <span class='ocrx_word' id='word_1_366' title='bbox 800 3823 940 3887; x_wconf 90' lang='lat' dir='ltr'><strong>dominio</strong></span> <span class='ocrx_word' id='word_1_367' title='bbox 965 3822 1166 3904; x_wconf 78' lang='lat' dir='ltr'><strong>deponentia,</strong></span> <span class='ocrx_word' id='word_1_368' title='bbox 1191 3825 1281 3886; x_wconf 82' lang='lat' dir='ltr'><strong>cuius</strong></span> <span class='ocrx_word' id='word_1_369' title='bbox 1304 3827 1432 3890; x_wconf 76' lang='lat' dir='ltr'><strong>nornine</strong></span> <span class='ocrx_word' id='word_1_370' title='bbox 1455 3821 1495 3906; x_wconf 82' lang='lat' dir='ltr'><strong>[in</strong></span> 
     </span>
     <span class='ocr_line' id='line_1_40' title="bbox 178 3910 1495 3996; baseline -0.002 -20"><span class='ocrx_word' id='word_1_371' title='bbox 178 3912 399 3996; x_wconf 86' lang='lat' dir='ltr'><strong>suppositione</strong></span> <span class='ocrx_word' id='word_1_372' title='bbox 424 3933 519 3976; x_wconf 88' lang='lat' dir='ltr'><strong>casus</strong></span> <span class='ocrx_word' id='word_1_373' title='bbox 543 3910 676 3995; x_wconf 69' lang='lat' dir='ltr'><strong>obiecti}</strong></span> <span class='ocrx_word' id='word_1_374' title='bbox 701 3911 917 3994; x_wconf 88' lang='lat' dir='ltr'><strong>depositarius</strong></span> <span class='ocrx_word' id='word_1_375' title='bbox 941 3933 1025 3986; x_wconf 87' lang='lat' dir='ltr'><strong>rem,</strong></span> <span class='ocrx_word' id='word_1_376' title='bbox 1055 3932 1138 3991; x_wconf 88' lang='lat' dir='ltr'><strong>quae</strong></span> <span class='ocrx_word' id='word_1_377' title='bbox 1161 3910 1339 3994; x_wconf 87' lang='lat' dir='ltr'><strong>incipiebat</strong></span> <span class='ocrx_word' id='word_1_378' title='bbox 1364 3914 1495 3978; x_wconf 88' lang='lat' dir='ltr'><strong>deterio-</strong></span> 
     </span>
     <span class='ocr_line' id='line_1_41' title="bbox 177 3999 1492 4082; baseline -0.002 -17"><span class='ocrx_word' id='word_1_379' title='bbox 177 4003 253 4080; x_wconf 90' lang='lat' dir='ltr'><strong>rari,</strong></span> <span class='ocrx_word' id='word_1_380' title='bbox 280 4001 434 4067; x_wconf 90' lang='lat' dir='ltr'><strong>vendidit.</strong></span> <span class='ocrx_word' id='word_1_381' title='bbox 483 4001 520 4064; x_wconf 92' lang='lat' dir='ltr'><strong>In</strong></span> <span class='ocrx_word' id='word_1_382' title='bbox 544 4002 648 4065; x_wconf 89' lang='lat' dir='ltr'><strong>altero</strong></span> <span class='ocrx_word' id='word_1_383' title='bbox 674 4022 767 4077; x_wconf 90' lang='lat' dir='ltr'><strong>casu,</strong></span> <span class='ocrx_word' id='word_1_384' title='bbox 798 4001 818 4065; x_wconf 87' lang='lat' dir='ltr'><strong>i.</strong></span> <span class='ocrx_word' id='word_1_385' title='bbox 844 4023 870 4065; x_wconf 89' lang='lat' dir='ltr'><strong>e.</strong></span> <span class='ocrx_word' id='word_1_386' title='bbox 896 4005 1025 4077; x_wconf 90' lang='lat' dir='ltr'><strong>nostro,</strong></span> <span class='ocrx_word' id='word_1_387' title='bbox 1058 3999 1163 4063; x_wconf 86' lang='lat' dir='ltr'><strong>Titius</strong></span> <span class='ocrx_word' id='word_1_388' title='bbox 1188 4001 1256 4082; x_wconf 83' lang='lat' dir='ltr'><strong>egit</strong></span> <span class='ocrx_word' id='word_1_389' title='bbox 1286 4006 1415 4068; x_wconf 78' lang='lat' dir='ltr'><strong>uorrrine</strong></span> <span class='ocrx_word' id='word_1_390' title='bbox 1437 4023 1492 4078; x_wconf 83' lang='lat' dir='ltr'><strong>suo,</strong></span> 
     </span>
     <span class='ocr_line' id='line_1_42' title="bbox 178 4089 1270 4173; baseline -0.004 -17"><span class='ocrx_word' id='word_1_391' title='bbox 178 4113 251 4156; x_wconf 89' lang='lat' dir='ltr'><strong>cum</strong></span> <span class='ocrx_word' id='word_1_392' title='bbox 275 4091 369 4156; x_wconf 86' lang='lat' dir='ltr'><strong>Caius</strong></span> <span class='ocrx_word' id='word_1_393' title='bbox 394 4091 558 4173; x_wconf 79' lang='lat' dir='ltr'><strong>deponens</strong></span> <span class='ocrx_word' id='word_1_394' title='bbox 582 4112 645 4154; x_wconf 93' lang='lat' dir='ltr'><strong>non</strong></span> <span class='ocrx_word' id='word_1_395' title='bbox 670 4093 841 4154; x_wconf 85' lang='lat' dir='ltr'><strong>censeatur</strong></span> <span class='ocrx_word' id='word_1_396' title='bbox 865 4091 1014 4154; x_wconf 87' lang='lat' dir='ltr'><strong>absolute</strong></span> <span class='ocrx_word' id='word_1_397' title='bbox 1038 4089 1270 4154; x_wconf 81' lang='lat' dir='ltr'><strong>conserrsisse.“</strong></span> 
     </span>
    </p>
   </div>
   <div class='ocr_carea' id='block_1_8' title="bbox 367 4307 1315 4531">
    <p class='ocr_par' dir='ltr' id='par_1_9' title="bbox 367 4307 1315 4531">
     <span class='ocr_line' id='line_1_43' title="bbox 367 4307 1315 4373; baseline -0.001 0"><span class='ocrx_word' id='word_1_398' title='bbox 367 4308 676 4373; x_wconf 79' lang='lat' dir='ltr'><strong>COMMODATUM</strong></span> <span class='ocrx_word' id='word_1_399' title='bbox 700 4309 755 4372; x_wconf 84' lang='grc' dir='ltr'><strong>ΕΤ</strong></span> <span class='ocrx_word' id='word_1_400' title='bbox 780 4307 975 4373; x_wconf 83' lang='lat' dir='ltr'>MUTUUM</span> <span class='ocrx_word' id='word_1_401' title='bbox 999 4344 1041 4351; x_wconf 90' lang='lat'><em>-</em></span> <span class='ocrx_word' id='word_1_402' title='bbox 1066 4307 1315 4372; x_wconf 81' lang='lat' dir='ltr'>DISCRIMEN.</span> 
     </span>
     <span class='ocr_line' id='line_1_44' title="bbox 734 4457 949 4531; baseline -0.019 -11"><span class='ocrx_word' id='word_1_403' title='bbox 734 4457 844 4522; x_wconf 76' lang='lat' dir='ltr'><strong>Casiis,</strong></span> <span class='ocrx_word' id='word_1_404' title='bbox 873 4465 949 4531; x_wconf 76' lang='lat'>(266)</span> 
     </span>
    </p>
   </div>
   <div class='ocr_carea' id='block_1_9' title="bbox 179 4587 1490 4746">
    <p class='ocr_par' dir='ltr' id='par_1_10' title="bbox 179 4587 1490 4746">
     <span class='ocr_line' id='line_1_45' title="bbox 267 4587 1490 4664; baseline -0.005 -18"><span class='ocrx_word' id='word_1_405' title='bbox 267 4592 406 4649; x_wconf 84' lang='lat' dir='ltr'><strong>Asturius</strong></span> <span class='ocrx_word' id='word_1_406' title='bbox 422 4591 539 4649; x_wconf 86' lang='lat' dir='ltr'><strong>Celsum</strong></span> <span class='ocrx_word' id='word_1_407' title='bbox 555 4590 673 4647; x_wconf 88' lang='lat' dir='ltr'><strong>adiens:</strong></span> <span class='ocrx_word' id='word_1_408' title='bbox 697 4589 854 4647; x_wconf 84' lang='lat' dir='ltr'><strong>Commoda</strong></span> <span class='ocrx_word' id='word_1_409' title='bbox 873 4590 952 4658; x_wconf 90' lang='lat' dir='ltr'><strong>mihi,</strong></span> <span class='ocrx_word' id='word_1_410' title='bbox 975 4589 1079 4664; x_wconf 89' lang='lat' dir='ltr'><strong>inquit,</strong></span> <span class='ocrx_word' id='word_1_411' title='bbox 1101 4589 1180 4647; x_wconf 88' lang='lat' dir='ltr'><strong>mille</strong></span> <span class='ocrx_word' id='word_1_412' title='bbox 1201 4608 1383 4660; x_wconf 89' lang='lat' dir='ltr'><strong>marcarum;</strong></span> <span class='ocrx_word' id='word_1_413' title='bbox 1406 4587 1490 4648; x_wconf 90' lang='lat' dir='ltr'><strong>subito</strong></span> 
     </span>
     <span class='ocr_line' id='line_1_46' title="bbox 179 4663 1489 4746; baseline 0.002 -25"><span class='ocrx_word' id='word_1_414' title='bbox 179 4666 270 4725; x_wconf 89' lang='lat' dir='ltr'><strong>debeo</strong></span> <span class='ocrx_word' id='word_1_415' title='bbox 293 4672 408 4729; x_wconf 78' lang='lat' dir='ltr'><strong>solvere</strong></span> <span class='ocrx_word' id='word_1_416' title='bbox 431 4671 575 4740; x_wconf 90' lang='lat' dir='ltr'><strong>debitum;</strong></span> <span class='ocrx_word' id='word_1_417' title='bbox 598 4675 664 4745; x_wconf 90' lang='lat' dir='ltr'><strong>post</strong></span> <span class='ocrx_word' id='word_1_418' title='bbox 686 4669 897 4728; x_wconf 91' lang='lat' dir='ltr'><strong>hebdomadam</strong></span> <span class='ocrx_word' id='word_1_419' title='bbox 920 4672 984 4745; x_wconf 89' lang='lat' dir='ltr'><strong>ipse</strong></span> <span class='ocrx_word' id='word_1_420' title='bbox 1007 4670 1183 4728; x_wconf 88' lang='lat' dir='ltr'><strong>solutionem</strong></span> <span class='ocrx_word' id='word_1_421' title='bbox 1205 4688 1315 4741; x_wconf 90' lang='lat' dir='ltr'><strong>eorum,</strong></span> <span class='ocrx_word' id='word_1_422' title='bbox 1338 4663 1489 4746; x_wconf 87' lang='lat' dir='ltr'><strong>quaemihi</strong></span> 
     </span>
    </p>
   </div>
   <div class='ocr_carea' id='block_1_10' title="bbox 0 0 1558 5168">
    <p class='ocr_par' dir='ltr' id='par_1_11' title="bbox 0 0 1558 5168">
     <span class='ocr_line' id='line_1_47' title="bbox 0 0 1558 5168; baseline 0 2"><span class='ocrx_word' id='word_1_423' title='bbox 0 0 1558 5168; x_wconf 95' lang='lat' dir='ltr'><strong> </strong></span> 
     </span>
    </p>
   </div>
  </div>
 </body>
</html>
