3106 5168
467 298 666 354 iuramentum:
685 298 744 354 eins
762 298 901 366 obligatio,
919 298 1013 355 laesio.
1339 307 1400 370 121

73 481 182 546 turum,
203 492 260 533 nec
276 474 357 534 iecit.
374 508 408 517 -
432 474 548 535 Iuravit
566 475 656 535 etiam
677 493 711 532 se
725 474 829 550 quovis
851 477 977 534 sabbato
992 477 1066 536 duas
1080 476 1241 535 marcasio
1256 497 1402 555 pauperes

73 555 299 615 distributurum
321 573 397 626 esse,
418 555 471 614 sed
492 574 551 614 uon
571 573 640 614 raro
661 574 750 614 unam
763 561 880 614 tautum
895 555 983 616 dedit.
998 589 1037 597 —
1059 556 1169 616 Contra
1189 556 1316 617 iuratam
1337 577 1402 635 pro

72 635 245 695 missionem
271 635 331 694 iuri
360 637 518 695 observato
546 636 646 695 datam
676 654 709 694 se
738 635 836 711 ipsum
865 655 925 695 non
953 656 1020 696 esse
1048 637 1305 710 denuntiaturnm,
1336 659 1402 699 cum

71 722 180 793 postea
200 736 219 776 a
239 715 394 792 palmista,
423 715 472 791 qui
496 715 555 775 iam
575 717 662 793 plura
682 715 793 775 indicia
813 716 970 786 hauserat,
1000 715 1198 792 inquireretur
1218 719 1401 788 nominatim,

73 796 266 856 nihilominus
294 795 389 855 iurem
415 795 552 873 prodidit.
582 829 617 839 -
648 795 720 855 Ourn
740 795 828 855 testis
849 800 990 855 evocatus
1011 803 1092 857 esset
1112 802 1142 857 et
1167 797 1332 858 iuramento
1354 802 1402 858 ob·

72 876 199 935 strictus
220 874 430 935 addicendam
453 877 545 935 solam
567 881 597 935 et
618 875 734 952 plenem
749 876 916 946 veritatem,
938 875 1129 937 nihilominus
1151 878 1268 953 aliquod
1290 880 1401 939 factum

73 962 179 1016 contra
199 975 281 1016 reum
302 975 361 1016 non
382 957 530 1026 narravit,
558 956 645 1015 immo
667 956 869 1031 interrogatus
891 976 923 1015 ae
944 956 1020 1015 scire
1042 957 1179 1033 negavit,
1202 958 1270 1033 qnia
1291 960 1401 1019 iactum

72 1035 144 1095 illud
167 1040 271 1096 contra
297 1055 379 1094 reum
405 1036 601 1112 suspicionem
624 1035 775 1106 auxisset,
803 1054 889 1112 quarn
911 1036 1006 1096 Titius
1027 1037 1117 1096 scivit
1137 1057 1204 1097 esse
1225 1038 1340 1099 falsam.
1362 1073 1401 1080 —

72 1115 176 1193 Nuper
196 1135 262 1176 cum
289 1115 367 1175 inter
388 1118 499 1175 amicos
527 1116 710 1176 acatholicos
731 1116 767 1175 de
792 1115 941 1191 religiosis
968 1117 1120 1177 ordinibus
1143 1117 1308 1190 locaretur,
1336 1119 1401 1196 ipse

73 1216 175 1256 coram
202 1196 262 1256 illis
284 1196 396 1255 iuravit
423 1216 456 1256 se
483 1215 641 1273 numquam
663 1201 872 1272 concepturam
901 1197 1031 1256 animum
1058 1197 1242 1273 ingrediendi
1270 1199 1401 1258 ordinem

71 1276 255 1352 religiosum,
277 1296 310 1335 se
323 1277 380 1336 hoc
394 1276 575 1353 promittere,
597 1276 654 1336 etsi
675 1296 768 1336 uxore
790 1282 820 1336 et
839 1276 942 1337 liberis
957 1277 1093 1338 omnibns
1108 1280 1229 1338 orbatus
1243 1279 1401 1339 exstiterit.

73 1389 252 1461 Qusamrun
274 1393 303 1449 1⁰
328 1409 403 1466 quae
424 1390 465 1448 sit
485 1389 626 1465 obligatio
647 1388 806 1448 iuramenti
825 1389 1019 1466 promissorii.

271 1480 302 1538 2⁰
327 1479 401 1618 puid·
426 1479 461 1539 de
487 1478 613 1554 singulis
634 1478 705 1537 Titii
731 1477 905 1538 iuramentis
934 1478 1089 1539 dicendum
1116 1478 1156 1539 sit
1181 1480 1275 1558 deque
1301 1501 1401 1542 eorum

339 1579 468 1619 aesrone.

671 1689 807 1758 Salutio.

164 1839 217 1901 An
233 1855 425 1912 quaeamus
443 1839 480 1900 lm
503 1836 542 1902 R.
565 1842 591 1902 1.
631 1835 806 1919 Obligatio,
831 1858 916 1919 quae
935 1857 977 1901 ex
993 1836 1176 1902 iuramento
1193 1836 1402 1920 promissorio
1410 1848 1463 1904 289

71 1925 178 1992 oritur
193 1929 355 2007 quatenus
377 1924 596 1992 iuramentum
612 1929 673 2003 est,
697 1930 750 1992 est
773 1927 816 1991 ud
830 1926 945 2010 Deum,
969 1946 1027 1992 seu
1044 1925 1201 2009 obligatio
1224 1926 1401 2008 religionis,

72 2014 142 2080 voti
159 2013 351 2096 obligationi
374 2013 498 2092 similis,
523 2019 559 2081 at
574 2014 685 2098 paullo
700 2014 844 2080 inferior.
880 2014 973 2080 Haec
997 2014 1092 2080 unica
1114 2019 1166 2080 est
1188 2014 1345 2098 obligatio
1368 2016 1402 2080 in

71 2103 111 2169 iis
135 2103 329 2169 iuramentis
352 2103 587 2187 promissoriis,
619 2125 704 2186 quae
726 2103 876 2171 strictam
900 2103 1134 2185 obligationem
1158 2125 1238 2186 erga
1260 2105 1402 2171 alterum

70 2214 137 2258 non
161 2195 359 2277 supponunt.

162 2299 201 2367 R.
227 2302 256 2366 2.
304 2300 427 2365 Verum
457 2320 556 2383 saepe
585 2299 651 2365 alia
675 2298 831 2382 obligatio
856 2298 1066 2383 supponitur,
1098 2319 1202 2382 eaque
1231 2320 1296 2364 non
1325 2320 1401 2364 raro

71 2409 113 2454 ex
137 2387 274 2455 iustitia.
310 2388 379 2466 Quo
402 2389 436 2453 in
460 2409 537 2454 casu
562 2389 719 2470 obligatio
742 2389 927 2467 iuramenti,
952 2388 1013 2454 etsi
1037 2388 1172 2471 gravior
1195 2392 1229 2454 et
1252 2387 1400 2463 nobilior,

70 2482 184 2545 tamen
208 2499 272 2544 non
295 2477 495 2563 principalia,
518 2478 577 2543 sed
601 2481 777 2544 accessoria
800 2482 861 2543 est.

162 2583 201 2650 R.
226 2585 257 2650 3.
303 2583 405 2649 immo
429 2584 470 2649 ad
495 2583 722 2668 explicandam
746 2582 970 2650 extensionem
995 2583 1204 2666 obligationis
1227 2583 1402 2649 iuramenti

71 2672 165 2739 valet
188 2672 342 2755 generale
365 2672 576 2757 principium:
604 2673 827 2739 iuramentum
850 2672 998 2754 sequitur
1021 2677 1173 2739 naturam
1197 2677 1302 2751 actus,
1326 2672 1347 2738 i.
1372 2694 1400 2739 9.

70 2762 142 2828 eius
159 2766 254 2828 actus
270 2761 321 2827 cui
338 2762 486 2839 additum
509 2762 558 2828 ita
581 2766 628 2840 ut,
653 2763 680 2827 si
704 2766 800 2828 actus
822 2761 877 2826 ille
901 2762 1147 2828 occurrentibus
1170 2761 1270 2827 certis
1293 2761 1401 2827 cauam

71 2852 125 2918 vel
142 2849 385 2917 condicionibus
402 2854 543 2925 corruat,
569 2851 668 2917 etiam
685 2850 860 2917 iuramenti
876 2850 1033 2932 obligatio
1050 2871 1201 2916 corruere
1217 2855 1401 2918 censeatur.

71 2941 125 3007 Sic
149 2961 181 3007 v,
206 2960 237 3023 g.
263 2960 371 3017 error,
402 2940 456 3023 qui
487 2941 606 3005 nudam
634 2940 882 3025 promissionem
905 2941 959 3005 vel
982 2943 1187 3006 contractum
1211 2939 1328 3005 reddat
1351 2939 1401 3004 in-

70 3030 227 3107 validum,
251 3028 429 3095 invalidam
452 3029 533 3097 fecit
556 3029 656 3095 etiam
680 3029 822 3095 iuratam
845 3028 1101 3113 promissionem.

161 3125 279 3208 Neque
294 3130 406 3192 tamen
426 3127 460 3191 id
476 3127 609 3194 extendi
625 3127 722 3193 debet
744 3125 1027 3192 indiscriminatim
1044 3125 1086 3191 ad
1108 3125 1401 3191 rescindibililatem

69 3221 204 3284 actuum
228 3236 286 3281 eeu
310 3220 547 3293 contractuum,
572 3236 656 3298 quae
679 3216 711 3280 in
736 3215 900 3299 privatum
922 3215 1069 3281 favorem
1094 3213 1319 3280 contrahentis
1342 3235 1401 3279 ex·

70 3305 177 3372 sistit:
208 3304 367 3386 siquidem
390 3304 465 3370 huic
489 3305 596 3370 favori
625 3325 685 3390 per
707 3305 924 3371 iuramentum
948 3303 1128 3370 renuntiari
1157 3306 1269 3387 potest
1291 3307 1326 3369 et
1348 3324 1401 3369 re·

69 3393 216 3461 nuntiari
238 3393 421 3476 generatim
444 3395 593 3461 sumitur.
640 3395 691 3460 De
714 3415 778 3476 qua
801 3414 837 3458 re
861 3393 1001 3459 recurrit
1027 3413 1134 3458 sermo
1158 3391 1245 3458 infra
1269 3394 1308 3458 dc
1330 3415 1400 3459 con-

69 3485 235 3551 tractibus

160 3589 201 3656 R.
217 3592 248 3656 4.
288 3589 340 3654 Ad
356 3609 424 3654 rem
440 3589 562 3654 malam
578 3588 632 3654 vel
648 3588 748 3655 etiam
768 3589 866 3673 plane
888 3587 1034 3655 inutilem
1053 3585 1210 3670 obligatio
1226 3587 1462 3653 iuramenti240

70 3678 222 3746 contrahi
251 3699 315 3745 non
338 3683 465 3762 potest;
497 3699 572 3743 nam
602 3677 688 3744 sicut
718 3677 787 3742 eius
817 3677 984 3744 exsecutio
1008 3678 1040 3742 in
1066 3677 1128 3742 Dei
1150 3677 1306 3743 honorem
1330 3678 1400 3743 fieri

69 3769 195 3851 nequit,
220 3767 268 3834 ita
290 3788 397 3850 neque
419 3768 490 3833 fieri
513 3772 624 3851 potest
647 3767 717 3832 eius
740 3766 920 3851 promissio,
949 3787 1055 3849 neque
1079 3766 1148 3832 eius
1172 3767 1400 3850 exsequendae

70 3856 231 3940 obligatio
253 3861 366 3942 potest
388 3856 559 3923 exsistere.
606 3856 653 3923 Of.
678 3856 888 3939 Laymenn
911 3858 933 3923 l.
957 3877 985 3921 c.
1009 3877 1036 3922 c.
1062 3859 1093 3933 6,
1117 3877 1149 3922 n.
1174 3859 1204 3922 3.
1228 3894 1273 3904 —
1297 3856 1400 3921 Immo

69 3968 140 4013 rem
157 3947 278 4011 malam
299 3946 485 4012 iuramento
501 3946 587 4011 velle
606 3945 799 4029 promittere
823 3949 875 4011 est
890 3945 1004 4027 gravis
1018 3944 1137 4010 iniuria
1153 3950 1268 4011 contra
1283 3945 1400 4023 Deum,

70 4035 167 4120 quasi
190 4035 279 4101 Dens
305 4056 342 4101 re
371 4035 460 4101 mala
489 4034 641 4100 honorari
672 4055 729 4100 seu
754 4056 835 4118 opus
858 4034 981 4100 malum
1004 4034 1046 4100 ad
1068 4034 1223 4100 honorem
1248 4039 1282 4101 et
1305 4056 1400 4100 reve-

69 4125 213 4192 rentiam
236 4124 298 4190 Dei
320 4124 425 4208 possit
447 4124 622 4208 pertinere.
669 4124 780 4206 idque,
804 4145 840 4189 re
863 4124 1011 4206 rigorose
1033 4128 1176 4207 sumpta,
1200 4144 1314 4188 verum
1338 4127 1399 4202 est,

69 4215 134 4282 etsi
157 4213 372 4299 promittatur
394 4234 448 4279 res
471 4214 590 4280 leviter
612 4213 717 4289 mala3
742 4234 855 4278 verum
878 4213 1023 4297 practice
1045 4211 1192 4278 homines
1214 4213 1247 4278 id
1272 4212 1330 4276 vix
1352 4212 1401 4278 ita

70 4303 298 4382 considerant,
321 4303 370 4370 ita
392 4307 430 4369 ut
452 4323 512 4387 pro
535 4302 651 4384 regula
674 4302 820 4386 practica
843 4302 927 4367 sumi
950 4301 1071 4385 possit:
1098 4301 1227 4386 peccari
1251 4300 1401 4384 graviter

70 4414 131 4478 per
161 4392 305 4459 iuratam
336 4391 582 4475 promissionem
613 4391 661 4457 rei
688 4391 837 4473 graviter
867 4391 991 4469 malae,
1022 4389 1141 4456 leviter
1170 4411 1229 4474 per
1260 4389 1400 4473 promis-

70 4483 195 4549 sionem
229 4482 277 4547 rei
309 4487 399 4548 certo
433 4487 466 4549 et
498 4482 586 4547 clare
618 4481 737 4546 leviter·
769 4483 899 4546 tantum
931 4480 1048 4546 malae.
1100 4480 1155 4544 Tb.
1180 4501 1221 4543 m.
1255 4478 1286 4555 1,
1315 4479 1398 4554 416;

72 4573 103 4639 S.
129 4570 246 4655 Alph.
274 4570 336 4650 III,
363 4574 442 4647 146;
474 4571 645 4645 Suarez,
677 4571 726 4635 De
748 4572 836 4653 reliq.
867 4574 908 4635 tr.
935 4571 971 4645 5,
996 4568 1016 4633 1.
1043 4570 1079 4644 2,
1104 4588 1131 4632 c.
1159 4569 1256 4632 1491
1283 4568 1340 4644 15,
1365 4571 1400 4633 et

71 4662 147 4741 13,
175 4682 203 4730 c.
230 4663 282 4726 19.
