3106 5168
151 249 192 313 46
568 242 610 297 De
628 241 723 312 regula
742 245 853 297 actuum
871 241 1058 296 humanorum.

745 417 883 485 solutio.

107 563 141 617 89
240 555 293 618 An
317 573 509 629 quansrrux
535 555 572 617 1¹¹²
595 551 633 618 R.
656 557 684 618 1.
732 550 952 617 communiter
975 553 1149 617 censentur
1171 551 1263 633 leges
1286 571 1359 616 esse
1383 551 1480 616 terri·

151 642 287 708 toriales
306 642 367 708 hoc
383 663 490 717 sensu,
515 645 553 707 ut
575 640 723 707 afficiant
738 644 858 707 incolas
873 640 946 718 loci,
970 640 991 707 i.
1007 660 1036 706 e.
1061 639 1115 723 qui
1139 639 1171 704 in
1195 640 1266 705 loco
1283 639 1481 706 domicilium

153 731 205 796 vel
236 731 544 814 quasi-domicilium
574 730 705 797 habent.
754 731 784 797 S.
809 730 926 813 Alph.
950 729 983 808 Ι,
1011 731 1083 795 156.
1131 727 1237 806 Quare
1266 728 1482 813 probabiliter

152 841 216 886 non
240 824 396 886 tenentur
423 820 551 902 legibus
581 819 739 885 localibus
761 819 943 903 peregrini,
974 839 1048 884 cum
1077 838 1142 883 non
1172 817 1239 885 sint
1267 818 1331 884 loci
1353 817 1481 884 incolae

154 911 206 974 vel
230 910 368 987 subditi,
399 908 461 974 nisi
485 910 570 975 forte
601 914 660 975 aut
689 909 848 992 speciales
871 907 962 990 leges
991 928 1050 992 pro
1080 906 1159 991 ipsis
1186 906 1368 991 peregrinis
1392 907 1482 974 latae

153 999 219 1065 sint
243 1002 301 1064 aut
324 1002 444 1080 agatur
468 999 507 1063 de
531 999 638 1075 rebus,
662 997 695 1062 in
719 997 835 1079 quibus
854 996 980 1063 iustitia
998 997 1082 1062 hano
1102 996 1212 1080 legum
1235 996 1481 1062 observantiam

153 1089 307 1172 postulet.
356 1088 387 1155 S.
411 1087 527 1171 Alph.
551 1087 594 1152 ib.
620 1087 692 1152 dub.
719 1090 748 1151 2.

242 1193 281 1258 R.
307 1196 337 1259 2.
385 1193 448 1259 Sed
476 1213 581 1275 neque
604 1196 759 1260 tenentur
783 1192 996 1277 probabiliter
1018 1189 1182 1276 peregrini
1211 1191 1341 1274 legibus
1364 1192 1483 1276 patriis

154 1282 422 1366 particularibus,
446 1282 605 1364 siquidem
629 1281 756 1365 legibus
779 1285 933 1347 tenentur
955 1282 1120 1347 mediante
1142 1279 1320 1348 territorio.
1367 1280 1483 1348 Potest

155 1377 264 1438 autem
289 1371 440 1455 exceptio
464 1371 583 1448 statui;
608 1376 642 1438 et
665 1391 783 1437 revera
799 1371 959 1453 quaedam
983 1370 1073 1436 facta
1097 1375 1149 1436 est
1172 1369 1322 1454 exceptio
1346 1369 1380 1436 in
1404 1391 1483 1454 poe·

154 1462 220 1526 nali
245 1462 318 1544 lege
342 1460 576 1527 reservationis
600 1482 734 1526 casuum
758 1481 815 1525 seu
840 1460 1026 1537 criminum3
1054 1463 1097 1536 et,
1121 1459 1329 1543 specietenus
1352 1459 1482 1538 saltem,

154 1549 187 1614 in
210 1550 284 1632 lege
307 1556 423 1615 contra
447 1549 650 1615 clandestina
673 1549 891 1615 matrimonia.
939 1549 970 1614 S.
995 1546 1111 1633 Alph.
1136 1548 1166 1627 I,
1193 1551 1266 1614 157.

112 1663 146 1717 90
245 1655 284 1721 R.
304 1659 334 1720 3.
371 1655 493 1719 Verum
514 1654 602 1720 aliud
626 1657 677 1721 est
701 1654 741 1719 de
763 1654 891 1737 legibus
906 1653 1169 1738 particularibus,
1194 1653 1283 1719 aliud
1299 1635 1341 1719 de'
1355 1654 1484 1738 legibus

156 1744 403 1809 universalibus.
452 1744 538 1827 Lege
561 1742 740 1809 universali
761 1746 916 1810 tenentur
938 1741 1112 1827 peregrini,
1137 1742 1201 1810 etsi
1223 1743 1265 1808 ab
1289 1763 1329 1808 ea
1352 1743 1484 1829 dispeu-

156 1838 263 1900 satum
293 1833 337 1898 sit
367 1854 425 1916 pro
449 1832 615 1899 territorio
638 1832 763 1917 patrio,
796 1832 857 1898 nisi
882 1831 979 1897 simul
1002 1833 1226 1915 dispensatum
1249 1831 1293 1898 611
1315 1853 1376 1916 pro
1400 1834 1484 1911 loco,

157 1923 210 1988 ubi
234 1926 311 1988 actu
335 1926 518 1988 versantur.
565 1922 650 1987 Nam
675 1927 813 2006 possunt
835 1921 883 1987 uti
906 1921 947 1986 iis
969 1920 1150 2005 privilegiis
1174 1924 1207 1987 et
1230 1921 1485 2005 dispensationi·

157 2013 227 2089 buS,
252 2032 336 2093 quae
360 2012 525 2077 exsistunt
547 2011 580 2076 in
604 2012 675 2076 loco
693 2011 748 2076 ubi
765 2015 949 2089 versantur,
975 2030 1047 2075 oum
1064 2010 1272 2094 aequiparari
1286 2010 1404 2077 incolis
1419 2033 1484 2078 non

157 2106 333 2167 teneantur
356 2100 503 2184 quidem,
533 2101 591 2165 sed
620 2100 763 2184 possint,
796 2099 845 2166 uti
868 2121 933 2165 non
956 2105 1093 2184 possunt
1121 2098 1161 2164 iis
1185 2099 1484 2184 dispensationibus

157 2190 211 2256 vel
233 2189 275 2255 iis
299 2189 506 2274 dispensandi
529 2190 643 2267 modis,
669 2210 752 2272 quae
775 2188 890 2271 vigent
914 2189 948 2253 in
972 2208 1032 2253 sua
1054 2188 1172 2272 patria.

246 2279 284 2343 R.
310 2283 340 2345 4.
387 2281 571 2344 Percouclia
594 2278 808 2362 dispensatio,
833 2298 917 2361 quae
940 2277 1037 2342 alicui
1061 2278 1151 2342 facta
1174 2282 1242 2356 est,
1266 2298 1340 2343 sum
1364 2279 1485 2362 ubique

100 2440 104 2447 ‚
158 2368 342 2435 comitatur.
390 2370 499 2450 Atque
530 2367 629 2433 etiam
659 2368 830 2451 personale
853 2370 1066 2452 praeceptum
1095 2387 1168 2431 eum
1197 2366 1315 2450 ubique
1337 2368 1484 2452 stringit.

115 2499 146 2553 91
247 2484 300 2547 An
323 2501 516 2558 qnaasrruu
540 2484 578 2546 2¹²¹
602 2481 640 2548 R.
664 2485 692 2549 1.
739 2482 865 2547 Drusus
889 2502 954 2546 non
978 2481 1181 2546 observando
1205 2481 1326 2547 festum
1350 2482 1383 2550 S.
1406 2483 1486 2550 Cas·

159 2570 241 2635 siani
265 2592 324 2653 per
347 2591 382 2636 se
405 2592 470 2635 non
494 2571 659 2655 peccavit3
685 2571 792 2653 potuit
814 2591 951 2655 peccare
974 2591 1034 2654 per
1056 2570 1207 2636 accidens
1230 2575 1366 2655 propter
1389 2593 1486 2639 scan-

159 2660 278 2738 dalum,
303 2661 331 2724 si
354 2659 483 2744 publice
505 2661 651 2742 requiem
675 2659 829 2726 festivam
853 2659 1038 2725 violaverit.

249 2764 285 2830 R.
317 2767 345 2830 2.
393 2764 514 2830 Debuit
546 2764 598 2830 die
633 2767 685 2829 14ο
715 2764 887 2843 ieiunium,
921 2764 973 2830 die
1005 2767 1058 2829 15⁰
1089 2762 1211 2830 festum
1241 2766 1486 2850 Assumptionis

158 2874 334 2937 peragere:
365 2853 440 2935 quia
470 2854 543 2936 lege
573 2853 752 2919 universali
781 2853 870 2919 hisce
900 2853 1013 2919 diebus
1042 2852 1197 2918 ieiunium
1221 2858 1255 2920 et
1281 2853 1404 2921 festum
1428 2856 1487 2922 ob·

159 2943 355 3009 servandum
379 2946 447 3020 est;
472 2943 557 3024 quod
577 2946 687 3008 autem
703 2942 948 3008 transferantur
971 2942 1012 3007 ad
1036 2943 1208 3009 sabbatum
1233 2947 1266 3009 et
1290 2943 1485 3011 dominicam

158 3036 348 3114 sequentem
378 3031 411 3096 in
435 3031 505 3097 eius
528 3031 652 3115 patria,
683 3031 716 3096 id
740 3033 777 3098 fit
806 3053 865 3115 per
888 3031 1174 3116 dispensationem,
1199 3052 1264 3114 qua
1287 3032 1415 3099 Drusus
1438 3035 1488 3101 uti

158 3121 271 3202 nequit
290 3124 386 3186 extra
409 3120 560 3204 patriam.
597 3119 1254 3197 111616111614116111111161661166661
1277 3124 1311 3188 et
1334 3124 1487 3206 sequenti

158 3211 296 3276 sabbato
321 3210 424 3274 redux
448 3214 536 3275 esset
565 3210 598 3274 in
628 3209 752 3293 patria,
784 3209 828 3274 ibi
858 3230 878 3274 6
900 3209 1019 3274 ieiunio
1042 3249 1086 3258 -
1109 3210 1236 3275 secluso
1260 3211 1417 3279 scandalo
1443 3250 1487 3259 -

159 3303 381 3377 excusaretur,
407 3299 483 3380 quia
507 3320 571 3363 non
594 3302 726 3364 tenetur
749 3298 798 3363 bis
821 3298 906 3363 idem
930 3303 1141 3383 praeceptum
1165 3299 1310 3382 implere.

249 3407 286 3472 R.
308 3410 337 3472 3.
373 3406 464 3483 Quod
483 3407 516 3471 in
533 3406 790 3490 Quadragesima
805 3406 946 3473 transire
962 3407 1046 3472 solet
1062 3407 1094 3472 in
1110 3408 1227 3484 locum,
1244 3407 1297 3473 ubi
1315 3409 1488 3492 benignior

160 3498 211 3559 est
234 3495 443 3577 dispensatio,
468 3499 506 3560 ut
528 3495 572 3560 ibi
597 3516 712 3561 carnes
736 3496 829 3561 edat:
854 3517 913 3579 per
936 3517 972 3560 se
996 3496 1123 3577 quidem
1149 3497 1312 3562 laudabile
1332 3519 1396 3563 non
1417 3503 1485 3575 est;

160 3587 318 3663 attamen,
343 3606 415 3650 cum
440 3588 552 3650 utatur
575 3584 645 3650 iure
668 3607 736 3663 suo,
761 3590 932 3669 peccatum
955 3607 1020 3650 non
1044 3584 1228 3652 committit.

532 3801 607 3878 QUI
628 3800 817 3867 LEGIBUS
841 3801 1041 3868 SUBIROTI
1064 3802 1116 3885 (1).

725 3939 836 4007 Gasus.
864 3949 923 4015 (25)

251 4082 415 4141 Oudbertus
436 4081 564 4140 famulus
585 4081 749 4140 delectatur
770 4082 800 4139 in
821 4083 1009 4158 provocando
1031 4102 1122 4159 puero
1144 4084 1327 4159 quadrimulo
1354 4085 1392 4144 ad
1413 4086 1488 4144 irem

162 4168 192 4222 et
212 4162 421 4240 blasphemias,
443 4162 480 4220 ad
495 4161 709 4221 contumeliosa
723 4167 753 4221 et
768 4162 866 4239 turpia
881 4164 987 4233 verba;
1010 4162 1093 4222 feriis
1108 4164 1151 4222 VI
1166 4165 1193 4223 ei
1210 4171 1240 4223 et
1260 4165 1346 4224 fratri
1362 4165 1489 4225 sexenni

162 4244 286 4303 rationis
314 4244 399 4320 pleno
428 4242 554 4318 compoti
583 4262 687 4301 carnes
716 4243 846 4301 edendae
873 4244 1011 4319 praebet,
1040 4243 1170 4303 aSacro
1193 4245 1294 4304 diebus
1320 4246 1408 4305 iestis
1437 4266 1488 4307 eos

163 4330 253 4395 arcet,
275 4342 312 4382 ne
333 4328 394 4382 tarn
416 4323 465 4380 diu
486 4323 631 4398 impurum
652 4342 722 4381 aera
743 4323 861 4381 haurire
884 4323 1018 4382 debeant.

164 4428 339 4498 Quaumrua
360 4429 388 4486 1ο
414 4427 531 4504 quinam
553 4426 614 4485 sint
635 4427 760 4487 subiecti
780 4428 856 4502 legis
877 4427 942 4488 sive
962 4428 1109 4488 naturalis
1130 4429 1195 4487 sive
1215 4429 1371 4505 positivae.

359 4517 389 4573 2⁰
414 4515 557 4654 qugmodo
582 4515 744 4575 cudbertus
773 4517 943 4593 peccaverit
970 4536 1077 4594 pueros
1106 4518 1142 4576 ad
1170 4517 1361 4578 violationem
1389 4521 1489 4596 legum

415 4616 445 4654 ln
466 4615 565 4655 ucens.
