3106 5168
236 295 389 365 Praecepta
407 295 546 349 Ecclesiae
564 295 724 349 communia.
743 325 777 333 -
797 294 889 349 Praec.
908 299 1013 364 {eiurat
1032 298 1215 351 abstinentiae.
1322 300 1387 365 499

154 471 247 537 Alias
269 469 402 555 speciali
420 469 663 554 dispensatione
685 469 820 551 indiget,
845 492 929 552 quae
951 491 1083 535 causam
1106 472 1311 554 personalem
1335 493 1388 537 re·

63 559 190 641 quirat;
213 564 273 626 aut
296 563 391 626 tanta
405 559 596 625 infirmitate
615 560 765 625 laborare
781 560 887 635 debet,
912 580 996 642 quae
1011 580 1085 625 eum
1108 580 1173 624 non
1197 560 1285 625 sinat
1300 561 1387 626 ferre

64 650 154 714 cibos
177 649 344 727 esuriales,
369 649 469 715 etiam
492 669 639 732 vespere.
686 649 750 714 Sed
773 648 925 731 quoniam
941 648 1111 714 Usuardus
1135 650 1220 714 solet
1243 650 1388 731 qualibet
1477 681 1479 685 ¹

63 737 206 803 feriaVI
229 737 309 803 cibis
333 737 526 802 esurialibns
545 741 718 803 contentas
734 758 816 815 esse,
840 742 936 803 tanta
957 738 1131 804 infirmitas
1153 759 1217 802 non
1234 742 1285 803 est
1300 738 1387 803 veri·

63 827 195 899 similis:
226 832 262 893 at
290 826 500 910 impossibilis
523 848 587 892 non
611 831 678 903 est,
711 847 783 891 cum
808 826 894 891 forte
917 826 1008 892 feriis
1031 826 1078 891 Vl
1107 828 1195 893 ferat
1217 827 1387 893 Usuardus

63 937 146 981 onus
170 921 204 982 et
226 915 480 992 incommodum,
505 916 591 998 qnod
614 916 700 980 ferre
724 937 788 980 non
812 919 978 993 teneatur,
1009 919 1109 997 atque
1130 916 1263 999 insuper
1289 917 1388 998 longe

63 1005 199 1088 gravius
231 1004 335 1089 possit
365 1004 504 1070 evadere
533 1004 789 1081 incommodum,
823 1004 851 1068 si
881 1004 999 1071 cotidie
1031 1005 1130 1071 etiam
1160 1007 1386 1071 tantummodo

62 1115 201 1177 vespere
232 1093 438 1159 convenienti
468 1093 538 1159 cibo
569 1093 617 1159 uti
649 1115 713 1159 non
743 1093 864 1177 possit,
897 1114 994 1176 quam
1025 1093 1052 1158 si
1082 1095 1183 1159 semel
1214 1115 1273 1178 per
1301 1094 1386 1160 inte-

63 1205 159 1266 grum
185 1182 280 1249 diem.
380 1214 389 1232 ·

152 1281 206 1345 Ex
228 1280 279 1346 his
302 1300 380 1362 ergo
404 1280 516 1345 videat
542 1279 773 1357 confessarius,
799 1283 907 1345 utrum
931 1280 1117 1346 [isuardum
1141 1280 1306 1362 corrigere
1330 1281 1387 1347 de·

63 1371 158 1447 beat,
190 1390 233 1435 an
257 1391 329 1434 eum
354 1369 453 1435 etiam
477 1370 583 1451 quoad
607 1369 840 1436 abstinentiam
864 1390 923 1453 pro
946 1375 1104 1436 excusato
1128 1369 1312 1446 declarare,
1343 1391 1386 1435 an

62 1458 340 1542 dispensationem
364 1458 392 1523 ci
417 1458 594 1523 concedere
618 1459 670 1522 vel
698 1479 758 1541 per
779 1459 980 1541 superiorem
1004 1480 1179 1542 procurare
1202 1458 1385 1526 conveniat.

299 1693 385 1757 LEX
408 1692 737 1758 ABSTINENTIAE
761 1694 909 1759 EXTRA
932 1693 1102 1759 IEIUNIL
1110 1694 1153 1761 M.

620 1851 730 1916 basus.
758 1858 834 1926 (301)

144 1989 288 2048 Belletius
309 1987 426 2047 iuvenis
446 2008 558 2066 pauper
579 1989 729 2048 studiosus
744 1990 926 2049 diversarum
947 1991 1124 2048 familiarum
1147 1990 1240 2049 utitur
1255 1991 1385 2067 hospita·

60 2070 148 2129 litate
169 2069 333 2145 pervices,
355 2069 444 2127 etiam
465 2070 705 2129 acatholioarum.
747 2070 795 2128 Ita
816 2070 934 2139 accidit,
956 2075 989 2129 ut
1010 2071 1166 2145 aliquoties
1186 2070 1269 2128 feriis
1291 2071 1385 2129 sextis

60 2150 218 2227 prandium
245 2153 343 2207 sumat
369 2148 447 2224 apud
475 2150 673 2220 acatholicos,
702 2151 802 2225 utique
831 2150 960 2209 ciborum
984 2170 1043 2209 non
1066 2150 1244 2209 esurialium.
1285 2149 1385 2226 Nuper

61 2250 150 2300 vero,
175 2248 240 2288 cum
262 2229 421 2287 secundum
443 2230 574 2288 ordinem
594 2249 756 2306 pransurus
779 2237 860 2289 esset
880 2230 956 2306 apud
979 2231 1173 2301 catholicum,
1201 2229 1386 2289 invitabatur

61 2330 79 2368 a
94 2310 264 2386 professore
286 2309 451 2367 acatholico
473 2309 571 2385 aliqua
585 2311 661 2368 feria
678 2316 765 2368 sexta
786 2311 823 2368 ad
840 2311 1011 2369 sollemnius
1025 2311 1196 2387 prandium3
1219 2329 1304 2386 quem
1319 2329 1385 2368 cum

61 2390 213 2450 offendere
232 2389 359 2459 timeret,
381 2390 509 2448 accessit
530 2396 618 2467 atque
639 2410 704 2448 cunr
727 2391 794 2449 aliis
816 2391 1014 2450 assidentibus
1036 2410 1142 2450 carnes
1163 2390 1297 2450 comedit.

61 2504 240 2574 Qnsanrnon
262 2506 291 2562 1ο
317 2523 392 2579 quae
420 2503 461 2562 sit
487 2505 537 2563 lex
565 2505 763 2564 abstinentiae
785 2526 803 2564 a
825 2505 962 2564 carnibus
989 2512 1018 2565 et
1039 2525 1184 2581 quaenam
1212 2524 1320 2563 causae
1348 2506 1385 2563 ab

317 2604 352 2643 ea
375 2589 562 2643 excusantes.

261 2676 291 2732 2⁰
317 2673 384 2750 qnid
407 2673 442 2732 de
464 2674 570 2748 agendi
591 2674 707 2733 ratione
730 2675 846 2733 Belletii
868 2675 1054 2734 iudicandum
1075 2675 1123 2733 sit.

658 2868 792 2934 Salutio.

153 3010 205 3074 Ao
221 3030 412 3085 caassrran
427 3011 463 3073 1m
487 3010 525 3074 lt.
542 3011 570 3075 1.
610 3009 797 3075 Universali
814 3011 886 3091 lege
903 3016 936 3075 et
953 3009 1162 3075 observantia
1179 3010 1274 3092 seri-is
1289 3013 1448 3076 senticeta

62 3104 161 3166 extra
176 3103 326 3182 tempora
340 3097 449 3164 ieiunii
470 3119 674 3181 perannum,
699 3098 761 3163 nisi
778 3098 927 3163 inciderit
943 3099 975 3163 in
992 3093 1135 3179 aliquam
1152 3119 1194 3164 ex
1209 3099 1249 3163 iis
1264 3098 1384 3163 festum

61 3187 250 3254 nativitatis
268 3187 407 3263 Domini,
432 3187 674 3253 abstinentias
698 3187 858 3263 carnibus
884 3209 948 3251 non
972 3208 992 3251 a
1015 3187 1197 3265 lacticiniis,
1221 3191 1383 3254 servatur.

60 3316 105 3325 -
130 3275 284 3343 Sabbatis
300 3277 413 3341 eadem
429 3276 483 3340 lex
499 3280 631 3344 nonest
655 3276 773 3357 ubique
797 3276 829 3340 in
847 3297 923 3351 usu;
948 3277 1005 3341 sed
1028 3276 1061 3340 in
1078 3276 1138 3341 hac
1158 3297 1195 3341 re
1218 3277 1385 3357 sequenda

61 3370 115 3432 est
138 3366 193 3431 lex
215 3365 288 3442 loci,
312 3365 345 3429 in
361 3386 424 3447 quo
442 3365 513 3447 quis
532 3369 691 3431 versetur.
731 3365 782 3430 lta
802 3365 884 3429 enim
909 3364 997 3430 circa
1018 3364 1251 3431 abstinentiam
1266 3365 1384 3430 sabba-

60 3460 171 3521 torum
194 3454 260 3520 iam
283 3454 384 3520 habes
407 3454 448 3518 ab
472 3454 661 3520 Innocentio
680 3453 727 3517 Ill
751 3475 941 3535 responsum
966 3476 993 3520 c.
1018 3457 1048 3531 2,
1073 3454 1101 3518 Χ
1126 3456 1157 3531 3,
1181 3457 1241 3520 46;
1269 3475 1385 3537 ,super

60 3545 124 3610 hoc
148 3543 414 3609 consuetudinem
438 3543 501 3607 loci
524 3543 628 3608 facias
651 3543 851 3610 observari“.

152 3650 190 3716 R.
216 3654 246 3716 2.
292 3648 405 3726 Quoad
434 3648 670 3731 indulgentiam
699 3649 785 3714 festo
815 3648 1001 3715 nativitatis
1031 3648 1160 3714 Domini
1191 3649 1384 3717 attributam

61 3740 201 3805 adverte
224 3759 264 3804 ea
286 3738 489 3820 indulgentia
518 3759 583 3803 non
606 3759 702 3821 posse
725 3739 772 3802 uti
800 3737 894 3821 illos,
927 3738 982 3819 qui
1010 3747 1077 3803 noto
1102 3742 1146 3804 oet
1169 3742 1311 3824 reputari
1334 3742 1385 3806 ob·

61 3831 224 3894 servantia
239 3828 282 3893 ad
298 3827 530 3894 abstinentiam
547 3826 805 3908 adstringuntur.
844 3828 896 3892 lta
912 3827 997 3891 enirn
1013 3828 1115 3891 habes
1139 3849 1165 3892 c.
1184 3830 1214 3906 3,
1231 3828 1261 3892 X
1278 3831 1307 3907 3,
1325 3832 1383 3895 46:

66 3918 340 4001 ,Respondemus
365 3916 451 3999 quod
474 3916 537 3993 illi,
563 3916 616 3997 qui
640 3936 700 3981 nec
723 3920 801 3982 voto
824 3937 884 3980 nec
907 3916 1050 3998 regulari
1075 3918 1285 3982 observantia
1308 3921 1385 3982 sunt

61 4006 222 4082 adstricti,
247 4006 278 4071 in
303 4011 400 4071 sexta
422 4005 513 4081 feria,
539 4005 567 4070 si
589 4005 709 4070 festum
734 4004 930 4070 Natiuitatis
955 4005 1135 4071 dominicae
1158 4006 1210 4070 die
1233 4007 1303 4088 ipso
1327 4027 1384 4070 ve·

60 4095 133 4160 nire
156 4095 341 4178 contigerit,
366 4095 517 4159 carnibus
540 4098 676 4177 propter
696 4094 773 4162 festi
796 4094 1025 4160 excellentiam
1048 4095 1136 4159 vesci
1160 4099 1306 4177 possunt,
1330 4115 1383 4159 se·

61 4184 201 4250 cundum
218 4184 484 4249 consuetudinem
501 4183 667 4248 Ecclesiae
683 4183 886 4249 universalis.
925 4183 996 4248 Nec
1017 4187 1128 4248 tamen
1152 4183 1184 4247 hi
1208 4183 1384 4265 reprehen-

61 4274 158 4340 dendi
181 4276 268 4351 sunt,
293 4273 346 4355 qui
370 4274 411 4337 ob
435 4273 640 4338 devotionem
664 4273 827 4338 voluerint
850 4272 1043 4338 abstinere.“

150 4371 287 4437 Recenti
309 4376 456 4454 tempore
479 4392 537 4453 pro
559 4370 756 4451 quibuslibet
778 4369 1014 4436 festivitatibus
1038 4368 1207 4434 catholicis
1230 4369 1309 4434 data
1332 4374 1384 4435 est

59 4461 203 4527 facultas
219 4465 387 4543 perpetua,
405 4482 469 4541 qna
486 4458 628 4542 episcopi
644 4460 685 4523 ob
701 4459 913 4540 gravissimas
929 4479 1055 4534 causae,
1077 4458 1234 4540 imprimis
1249 4462 1384 4541 propter

59 4549 240 4635 periculum
263 4548 346 4631 legis
364 4549 653 4630 transgrediendae
670 4548 833 4628 generale,
858 4548 1046 4630 dispensare
1061 4546 1189 4628 possint
1205 4568 1278 4611 eum
1294 4547 1383 4613 dioe-

60 4640 127 4706 cesi
150 4661 172 4705 a
194 4639 268 4721 lege
292 4637 518 4707 abstinentiae.
566 4636 614 4702 ef.
642 4638 698 4702 Ta.
722 4659 763 4702 aa.
788 4636 812 4715 l,
839 4640 901 4700 652
927 4640 993 4700 not.

1116 4739 1169 4793 32*
