3106 5168
77 1079 171 1164 IUS
201 1077 431 1164 LAESUM
462 1078 857 1163 REPARANDUM
888 1078 994 1165 SEU
1024 1079 1373 1165 RESTITUTIO.

293 1307 553 1373 RESTITUTIO
578 1307 704 1385 QUAM
726 1307 903 1376 PRIMUM
925 1307 1159 1376 FACIENDA.

620 1462 730 1530 Casus.
759 1471 835 1539 (194)

153 1594 289 1656 Getulius
311 1613 349 1654 ex
369 1594 449 1653 furto
477 1600 507 1654 et
530 1595 767 1654 damnificatione
794 1595 1012 1655 restitutionem
1040 1597 1127 1656 debet
1155 1598 1193 1655 50
1212 1615 1388 1658 marcamm.

63 1676 136 1736 Cum
164 1676 205 1734 sit
231 1675 375 1752 pecuniae
399 1679 506 1744 tenax,
535 1675 752 1735 restitutionem
780 1675 873 1748 bano,
903 1695 1077 1752 quemqnam
1101 1677 1257 1751 aliquoties
1281 1697 1299 1735 e
1320 1695 1388 1736 con·

64 1756 192 1815 fossario
213 1755 353 1824 monitus,
374 1775 428 1831 per
448 1757 466 1813 4
488 1774 582 1814 annos
603 1755 725 1816 distulit.

63 1862 242 1932 Qnrnnrron
261 1861 405 1936 quomodo
426 1865 457 1920 ot
477 1860 592 1937 quoties
613 1861 749 1922 Getulius
769 1861 948 1939 peccaverit.

659 2035 794 2103 Solutio.

153 2169 207 2235 An
230 2190 421 2246 ouansmuu
444 2170 483 2236 R.
509 2173 536 2235 1.
569 2169 746 2235 Restitutio
770 2170 920 2236 facienda
943 2174 995 2237 est
1018 2193 1115 2255 quam
1138 2172 1287 2256 primum,
1313 2170 1452 2256 quia642

64 2260 210 2326 detentio
234 2258 281 2323 rei
305 2259 432 2325 alienae
455 2258 624 2325 continuat
647 2279 776 2344 semper
791 2258 985 2327 iniustitiam
1000 2261 1101 2325 semel
1117 2260 1260 2337 illatam;
1284 2280 1390 2342 neque

64 2353 274 2504 Qentepaffi
297 2347 486 2414 continuare
509 2347 596 2426 licet,
620 2347 705 2414 sicut
728 2368 833 2431 neque
856 2347 948 2415 licuit
971 2370 1043 2415 eam
1064 2349 1195 2415 inferre.
1232 2349 1288 2415 lt.
1305 2371 1345 2414 m.
1362 2349 1388 2427 I,

156 2458 174 2503 e
281 2489 288 2502 .

153 2534 192 2600 R.
210 2536 240 2599 2.
273 2533 308 2600 Si
331 2553 411 2599 vero
435 2533 600 2600 restitutio
624 2533 738 2601 stetim
760 2534 782 2601 i.
805 2555 832 2601 e.
856 2533 1047 2600 brevissimo
1071 2539 1218 2618 tempore
1240 2533 1391 2600 facienda

64 2644 140 2689 cum
163 2623 262 2688 nimio
286 2622 404 2688 damno
420 2622 473 2688 vel
497 2623 692 2691 difficultate
708 2623 923 2705 coniungitur,
948 2623 1077 2689 domino
1093 2628 1203 2690 sutem
1226 2624 1391 2708 perhanc

65 2712 256 2779 diletionem
286 2732 405 2776 novum
430 2712 582 2777 damnum
612 2734 678 2778 non
707 2713 810 2779 oritur
832 2714 887 2777 vel
916 2712 1045 2778 nonnisi
1073 2713 1213 2779 relative
1241 2733 1390 2798 parvum,

65 2802 178 2884 aliqua
200 2800 313 2867 dilatio
343 2821 408 2865 non
438 2806 490 2867 est
518 2802 650 2880 illicita,
681 2802 708 2867 si
734 2803 828 2867 modo
852 2802 1005 2867 damnum
1029 2822 1147 2867 novum
1179 2823 1239 2885 pro
1262 2801 1391 2867 domino

65 2892 225 2958 oritumm
250 2890 349 2958 etiam
373 2895 491 2973 postea
513 2896 749 2975 compensetur.
770 2938 773 2943 -
794 2891 901 2967 Ratio,
927 2890 1040 2956 curin
1063 2891 1123 2957 hoc
1147 2911 1225 2956 casu
1248 2891 1392 2972 aliquam

67 2980 257 3046 dilationem
288 2978 441 3044 adhibere
471 2980 585 3057 licoat,
617 2984 684 3057 est,
716 2979 792 3063 quia
815 2979 964 3046 dominus
990 2978 1231 3045 rationabiliter
1253 3000 1317 3044 non
1341 2982 1393 3045 est

65 3069 199 3135 invitus.
254 3068 420 3135 iniustitia
443 3088 521 3134 vero
544 3069 759 3135 committitur
781 3072 911 3136 tantum
934 3073 1050 3135 contra
1072 3088 1145 3133 enm
1169 3067 1223 3151 qui
1246 3068 1392 3133 rationa-

68 3158 179 3224 biliter
201 3157 325 3222 invitus
348 3162 409 3223 est.

156 3255 195 3321 R.
221 3258 252 3321 3.
298 3255 359 3333 Qui
388 3255 490 3337 igitur
519 3255 588 3320 sine
618 3255 746 3321 ratione
775 3256 920 3339 legitime
949 3258 1128 3321 excusante
1151 3252 1390 3320 restitutionem

65 3344 259 3411 notabiliter
274 3345 391 3421 differt,
411 3347 526 3427 peccat
541 3344 705 3426 graviter;
730 3349 877 3411 attamen
892 3345 920 3410 si
936 3344 1125 3426 ceteroquin
1141 3343 1260 3409 seriam
1276 3342 1392 3408 volun-

66 3436 172 3500 tatem
195 3433 389 3500 restituendi
419 3433 534 3509 hebet,
564 3433 635 3498 sole
658 3434 813 3500 dilatione
836 3438 904 3500 tum
928 3436 1060 3500 tentum
1088 3432 1238 3515 graviter
1266 3436 1391 3516 peccat,

66 3523 197 3604 quando
221 3526 278 3588 aut
301 3542 421 3586 novum
445 3521 598 3587 damnum
622 3544 725 3605 grave
748 3523 876 3588 domino
900 3526 1032 3589 creatur
1047 3528 1105 3589 ant
1127 3521 1306 3605 periculum
1323 3542 1392 3586 om·

66 3611 145 3676 nino
167 3632 231 3678 non
255 3610 447 3676 restituendi
470 3610 642 3678 inducitur.
674 3614 796 3679 Verum
812 3611 977 3678 restitutio
1001 3610 1055 3676 diu
1077 3611 1180 3678 dilata
1202 3610 1392 3695 frequenter

67 3700 180 3782 arguit
202 3699 367 3766 defectum
389 3699 495 3765 seriae
519 3700 699 3767 voluntatis
722 3705 897 3783 utcumque
919 3699 1114 3767 restituendi
1137 3736 1179 3746 —-
1203 3700 1289 3783 quod
1313 3706 1393 3765 sane

66 3792 238 3873 peccatum
268 3809 371 3871 grave
394 3792 461 3867 est,
493 3810 590 3871 quam
617 3791 756 3873 primum
779 3789 859 3855 furti
882 3790 935 3855 vel
959 3788 1230 3855 damnificationis
1254 3789 1393 3855 materia

68 3883 121 3944 est
144 3877 266 3959 gravis.

158 3975 196 4042 R.
221 3980 252 4042 4.
298 3975 359 4052 Qui
389 3975 476 4057 gerit
505 3975 648 4041 animum
678 3997 743 4041 non
772 3976 982 4055 restituendi,
1014 3975 1042 4041 si
1066 3976 1120 4042 diu
1149 3976 1182 4040 in
1209 3976 1271 4041 hec
1293 3974 1454 4047 animiam

67 4063 279 4148 dispositione
302 4065 426 4142 haeret,
452 4085 551 4129 unum
574 4065 724 4148 idemque
747 4070 917 4149 peccatum
940 4064 1022 4131 furti
1045 4065 1099 4130 vel
1122 4063 1393 4130 damnificationis

65 4156 242 4241 protrahit,
273 4154 419 4235 adeoque
449 4158 549 4235 auget
578 4155 705 4237 peccati
734 4155 951 4239 gravitatem,
981 4174 1150 4220 nnmerum
1183 4156 1391 4237 peccatorum

67 4264 133 4309 non
157 4247 266 4326 auget.
302 4242 363 4321 Qui
384 4264 463 4308 vero
485 4243 581 4308 modo
604 4243 758 4328 proponit
779 4243 963 4320 restituere,
987 4242 1083 4310 modo
1107 4242 1167 4308 hoc
1190 4242 1393 4326 propositum

66 4336 240 4408 retractat,
263 4335 352 4398 toties
375 4352 476 4414 grave
499 4338 669 4416 peccatum
693 4353 828 4398 numero
851 4332 1039 4399 distinctum
1056 4331 1240 4409 committit,
1265 4331 1393 4414 quoties

68 4443 89 4488 a
112 4421 279 4506 proposito
301 4421 494 4486 restituendi
518 4421 623 4488 denuo
647 4423 780 4490 recedit.
828 4421 920 4499 Quod
943 4422 985 4487 ad
1009 4421 1173 4487 Getulium
1198 4420 1336 4503 applica.

158 4510 291 4586 Verum,
308 4509 436 4575 etiamsi
452 4510 485 4575 in
501 4510 638 4593 singulis
654 4510 911 4578 confessionibus
922 4510 1006 4576 serio
1022 4509 1193 4593 proposuit
1207 4509 1392 4588 restituere,

68 4599 288 4667 confessarius
310 4598 533 4682 imprudenter
563 4600 693 4666 omniuo
721 4602 790 4684 egit
816 4620 945 4685 semper
968 4599 1072 4663 denuo
1096 4597 1311 4682 impertiendo
1335 4599 1393 4665 eb·
