3106 5168
171 282 235 348 308
308 278 350 333 De
368 277 517 332 virtutibus
535 281 563 332 et
581 275 678 332 officiis
696 293 762 346 erga
780 275 910 331 homines.
928 305 964 314 -
983 275 1036 331 Off.
1054 274 1126 330 cirea
1143 275 1213 331 bona
1231 277 1352 331 externa.

172 455 248 521 dere
270 453 389 539 potuit,
412 452 470 519 sed
489 472 607 518 cavere
623 451 735 519 debuit
749 450 900 518 societati
914 450 1067 517 lotteriae
1082 472 1141 535 pro
1157 450 1263 535 pretio
1279 450 1379 518 sortis
1395 449 1493 516 amia·

171 565 238 611 sae.
277 544 357 609 Cum
379 540 554 608 incurrerit
575 541 679 626 primo
701 541 763 606 hoc
786 541 938 606 damnum
963 540 1059 624 culpa
1074 540 1224 619 Gunonis,
1248 540 1370 607 habeat
1394 539 1493 606 etiam

172 654 257 699 nunc
278 631 313 697 in
335 633 422 697 bons
444 651 525 716 pace
548 630 674 696 lucrum
697 651 800 696 suum.

260 720 376 802 Neque
398 723 489 786 recte
512 719 704 786 redderetur
727 717 855 785 domino
877 717 1041 796 lotteriae,
1070 718 1180 800 quiin
1204 723 1316 785 nostro
1341 739 1420 784 casu
1443 722 1495 785 est

169 811 276 895 fiscua
314 809 402 875 Nam
424 808 577 874 venditor
599 808 736 875 sortium
758 807 906 891 singulas
928 812 1036 874 sortes
1058 813 1158 874 antea
1173 807 1302 890 quidem
1325 828 1391 873 non
1415 806 1496 873 facit

171 920 266 976 suas,
296 898 354 965 sed
383 898 490 964 solum
512 896 642 963 nomine
664 896 734 963 fisci
756 918 813 963 aas
837 900 931 963 curat
954 897 1158 975 vendendas,
1190 901 1224 962 et
1247 918 1328 979 quas
1352 897 1495 962 vendere

171 1009 236 1054 non
259 987 380 1072 possit,
411 1008 468 1053 eas
490 1007 555 1051 non
578 986 744 1053 soluturus
767 991 819 1053 est
845 986 930 1070 ipse,
961 987 1020 1052 sed
1043 986 1230 1052 redditurus
1252 987 1347 1064 fisco;
1380 1007 1493 1051 verum

171 1081 295 1144 sortem
317 1076 418 1155 illam,
443 1096 526 1159 quae
550 1075 680 1141 omnino
700 1095 744 1141 ex
758 1075 965 1161 possessione
982 1075 1162 1142 venditoris
1177 1075 1338 1160 disparuit
1353 1080 1389 1141 et
1404 1074 1495 1140 cuius

171 1166 314 1252 pretium
338 1165 446 1232 debuit
468 1164 613 1243 solvere,
639 1164 711 1249 ipsa
733 1165 895 1231 solutione
918 1185 998 1231 sane
1021 1164 1245 1231 condicionats
1268 1185 1362 1230 suam
1385 1164 1495 1229 facere

171 1255 329 1322 inanimo
348 1254 463 1320 habuit
484 1253 707 1338 potiusquam
731 1259 765 1321 et
787 1258 910 1320 sortem
933 1259 968 1320 et
990 1274 1117 1320 omnem
1134 1274 1225 1338 spem
1248 1253 1330 1319 lucri
1354 1252 1494 1328 abicere,

171 1348 272 1427 atque
294 1366 331 1408 re
354 1344 426 1428 ipsa
449 1363 543 1408 suam
566 1342 654 1409 fecit.

260 1433 322 1510 Qui
345 1453 424 1499 vero
447 1433 525 1497 fisco
548 1435 585 1498 ut
601 1431 730 1497 domino
753 1431 928 1499 restituere
948 1431 1055 1510 debet,
1081 1431 1256 1514 aliquando
1279 1431 1402 1515 poterit
1425 1430 1495 1495 loco

172 1522 242 1588 fisci
272 1543 406 1588 oausam
434 1520 584 1605 publicae
611 1525 646 1586 et
668 1521 847 1587 communis
870 1521 1024 1588 utilitatis
1046 1521 1185 1602 eligere,
1215 1520 1267 1586 cui
1289 1541 1418 1586 summe
1441 1519 1496 1584 illa

172 1631 232 1695 pro
256 1610 465 1678 restitutione
489 1608 675 1687 addicatur,
699 1630 738 1675 eo
763 1610 849 1692 quod
873 1611 989 1676 harum
1014 1630 1204 1687 causarum,
1233 1609 1333 1676 etiam
1357 1609 1495 1694 piarum,

172 1702 270 1765 fiscus
293 1720 405 1765 curam
428 1720 527 1782 agere
550 1698 657 1765 debet.

565 1890 757 1958 ALLUVIO
781 1930 826 1940 -
849 1891 1113 2008 COMMIXTIQ

729 2021 840 2088 dasus.
868 2030 944 2098 (182)

262 2145 340 2204 Dum
361 2164 455 2222 nuper
475 2145 613 2206 mulieres
634 2145 758 2206 alicuius
779 2147 849 2223 pugi
874 2147 965 2206 linum
987 2165 1091 2205 recens
1112 2150 1228 2205 erutum
1247 2164 1300 2222 par
1320 2151 1408 2222 prata
1428 2145 1497 2205 hinc

173 2224 241 2285 inde
262 2225 489 2304 dispersissent,
517 2226 641 2298 accidit,
668 2232 702 2285 ut
721 2233 827 2286 exorta
856 2226 980 2286 terribili
1009 2231 1187 2303 tempestate
1213 2227 1321 2303 partim
1342 2231 1497 2285 ventorum

173 2305 307 2376 turbine,
335 2305 442 2382 partim
470 2305 581 2383 impetu
601 2306 693 2366 vicini
712 2306 853 2366 torrentis
874 2307 973 2366 omnia
992 2306 1053 2366 lina
1073 2307 1153 2365 inter
1172 2325 1205 2365 se
1227 2305 1497 2376 commiscerentur,

175 2389 206 2446 et
224 2385 343 2444 tandem
364 2391 427 2445 tum
448 2386 485 2445 ad
507 2391 617 2445 certam
639 2405 749 2464 sepem,
771 2392 832 2446 tum
854 2386 891 2445 ad
912 2392 999 2464 prata
1020 2385 1091 2445 litii
1113 2386 1336 2462 deponerentur.
1372 2386 1434 2445 Vix
1455 2406 1497 2446 se·

175 2465 245 2525 data
265 2471 457 2541 tempestate,
486 2485 556 2525 ecce
577 2467 637 2526 alia
657 2467 752 2526 oritur
771 2467 949 2542 gravissima
969 2472 1132 2543 tempestas
1153 2469 1231 2525 inter
1251 2467 1391 2526 mulieres
1411 2466 1498 2525 istius

174 2545 254 2622 pagi,
276 2565 398 2621 quarum
414 2565 607 2622 unaquaeque
621 2552 762 2623 quantum
783 2547 880 2624 possit
900 2566 1006 2624 capere
1026 2566 1131 2624 rapere
1152 2546 1266 2616 nititur,
1288 2547 1332 2606 ita
1352 2553 1387 2606 ut
1408 2565 1498 2606 causa

174 2625 228 2684 fiat
255 2624 387 2685 rixarum
408 2630 439 2684 et
459 2628 622 2686 verberum.
664 2628 786 2687 Interim
807 2627 918 2701 Titius,
947 2633 1088 2703 quantum
1108 2631 1222 2704 potest,
1251 2626 1365 2702 colligit
1384 2626 1498 2703 sibique

174 2705 262 2765 titulo
283 2704 442 2766 alluvionis
463 2706 595 2766 vindicat
616 2708 666 2780 (ex
686 2707 797 2767 Elbel
817 2727 845 2784 p.
866 2708 903 2777 V,
924 2727 952 2768 n.
974 2708 1054 2782 232).

176 2809 353 2879 Quaaarrua
375 2813 404 2869 1⁰
429 2811 597 2888 potueritne
619 2812 714 2871 Titius
736 2813 845 2889 aliquid
868 2834 906 2872 ex
926 2813 986 2873 lino
1008 2813 1064 2872 sibi
1085 2813 1233 2890 proprium
1255 2814 1362 2872 facere.

373 2900 404 2957 2ο
428 2901 622 2960 habuerintne
652 2902 789 2961 mulieres
816 2902 886 2961 illae
914 2902 961 2962 ius
982 2922 1020 2961 ex
1042 2904 1188 2962 communi
1209 2922 1326 2974 massa,
1358 2907 1498 2979 quantum

428 2999 561 3056 quaeque
582 2986 707 3058 poterat,
731 2983 901 3059 occupandi.

771 3146 905 3213 Salutio.

115 3289 166 3343 606
264 3270 317 3335 An
340 3291 532 3347 eusasrruu
557 3274 594 3335 1¹²
617 3272 657 3336 R.
701 3271 807 3339 Titius
831 3293 1034 3354 nequaquam
1058 3272 1155 3338 titulo
1179 3272 1353 3338 alluvionis
1377 3272 1499 3354 aliquid

176 3359 236 3424 sibi
259 3360 367 3443 potuit
382 3360 559 3426 vindicare.
589 3360 721 3426 Alluvio
745 3362 840 3439 enim,
865 3361 899 3425 vi
922 3362 1013 3427 cuius
1036 3362 1211 3427 dominium
1227 3366 1377 3444 augetur,
1401 3361 1499 3428 intel·

175 3448 297 3529 legitur
320 3448 425 3513 solum
448 3447 683 3515 incrementum
700 3450 772 3532 agri
794 3471 853 3515 seu
871 3450 932 3515 soli
949 3451 990 3516 ab
1006 3450 1150 3516 alluente
1173 3451 1304 3516 flumina
1327 3450 1498 3534 paullatim

177 3537 337 3605 effectum.
369 3537 458 3618 Ergo
482 3538 599 3603 nedum
622 3538 835 3621 intellegatur
853 3560 907 3604 res
923 3539 1059 3616 mobilis,
1084 3560 1181 3620 quam
1198 3539 1340 3604 fluminis
1356 3539 1499 3624 impetus

177 3624 285 3707 rapiat
314 3630 348 3692 et
378 3626 466 3693 ferat
489 3627 530 3691 ad
553 3648 628 3692 oras
659 3627 832 3705 adversae,
863 3650 904 3694 ne
934 3629 1013 3693 illud
1043 3629 1104 3693 soli
1128 3627 1257 3711 quidem
1287 3634 1499 3712 augmentum

176 3712 388 3795 intellegitur,
413 3714 498 3796 quod
521 3716 691 3799 repentino
708 3738 786 3782 casu
801 3719 869 3796 liat,
894 3717 1019 3783 scilicet
1035 3718 1163 3799 quando
1180 3739 1339 3800 aquarum
1355 3718 1389 3782 vi
1405 3725 1498 3785 nota·

177 3802 251 3867 bilis
274 3802 335 3869 soli
358 3824 435 3887 pars
458 3805 500 3868 ab
524 3826 586 3870 uno
611 3826 691 3887 agro
708 3806 866 3872 scinditur
881 3812 915 3873 et
931 3806 973 3872 ad
989 3807 1128 3872 alterum
1147 3807 1283 3874 feratur.
1315 3806 1367 3871 Ex
1384 3807 1499 3889 quibus

177 3894 280 3974 patet,
304 3892 493 3958 mulieribus
517 3898 622 3959 totum
646 3895 747 3959 linum
770 3895 970 3960 reddendum
994 3916 1076 3962 esse.

116 4018 166 4073 607
266 4003 318 4069 An
342 4026 532 4080 ouansrruu
557 4011 595 4071 2⁰²
619 4008 658 4074 R.
703 4008 905 4091 Impossibile
929 4009 1058 4091 quidem
1082 4008 1202 4087 evasit,
1228 4014 1264 4074 ut
1287 4030 1501 4092 unaquaeque

179 4092 293 4158 mulier
321 4094 422 4159 linum
452 4096 533 4160 illud
562 4096 595 4161 in
625 4097 732 4180 specie
762 4098 915 4181 recipiat,
947 4099 1032 4180 quod
1060 4119 1101 4163 ex
1125 4120 1183 4163 suo
1207 4119 1286 4179 agro
1311 4099 1498 4182 collegerat.

177 4183 299 4248 Verum
323 4185 498 4249 secundum
522 4207 708 4250 mensuram
730 4185 786 4250 lini
812 4208 831 4252 a
855 4208 890 4252 se
915 4187 1042 4253 collecti
1066 4187 1245 4253 etiamtunc
1273 4208 1314 4251 ex
1339 4188 1500 4252 communi

177 4293 287 4338 massa
307 4273 452 4356 recipere
471 4275 577 4351 debet,
602 4296 706 4356 neque
723 4276 871 4358 amplius.
903 4276 1005 4341 Immo
1022 4298 1094 4341 cum
1110 4277 1180 4341 sine
1197 4276 1293 4340 dubio
1309 4298 1373 4341 non
1399 4298 1501 4360 parva

179 4360 271 4443 copia
293 4363 391 4445 plano
412 4362 569 4446 dissipata
594 4367 627 4428 et
650 4364 820 4447 deperdita
843 4366 896 4443 sit,
921 4387 961 4429 ne
985 4370 1090 4431 totam
1106 4366 1235 4449 quidem
1258 4365 1349 4430 illam
1374 4367 1499 4451 copiam

179 4455 277 4514 antea
293 4472 477 4534 possessam
501 4453 645 4535 recipere
668 4458 787 4535 potest,
813 4454 869 4518 sed
893 4455 1069 4519 secundum
1095 4455 1335 4538 proportionem
1360 4459 1498 4529 tantum,

179 4559 219 4603 ne
244 4540 412 4617 videlicet,
441 4562 524 4621 quae
548 4542 596 4606 ita
621 4542 779 4624 impigrae
804 4564 876 4608 esse
903 4545 1119 4628 nonpossint
1145 4544 1177 4608 in
1203 4543 1375 4627 rapiendo,
1404 4546 1500 4629 plane

180 4633 333 4695 maneant
356 4650 392 4694 re
415 4650 475 4694 sua
498 4630 684 4696 destitutae.
