3106 5168
276 272 348 327 Iuris
365 273 434 326 laesi
451 273 586 342 reparatio
604 301 640 310 —
659 291 691 326 cx
708 274 889 339 fornicatione
907 275 945 327 cel
963 274 1096 326 adulterio
1114 275 1181 326 orta.
1325 276 1387 340 361

157 449 196 514 R.
214 451 245 515 3.
284 447 344 525 Qui
367 447 580 532 promissione
603 446 801 514 matrimonii
824 448 965 532 puellam
988 446 1116 512 induxit
1139 448 1182 513 ad
1208 452 1389 530 peecatum,

67 537 139 602 sive
170 558 248 604 vere
278 538 348 603 sive
377 540 452 603 ficte
481 537 685 622 promiserit,
718 559 777 621 per
809 558 845 602 se
874 541 1007 604 tenetur
1036 537 1078 602 ad
1102 556 1174 602 eam
1197 538 1388 614 ducendam,

66 626 210 692 maxime
233 625 262 691 si
284 625 395 710 puella
418 626 576 710 concepit,
601 627 658 691 sed
682 627 783 692 etiam
799 627 898 692 alias:
922 625 983 691 nisi
999 625 1086 692 forte
1102 626 1211 710 puella
1226 625 1388 691 fictionem

65 715 291 799 promissionis
320 714 520 782 intellexerit
542 715 597 781 vel
620 715 812 797 intellegere
844 714 940 781 facile
963 714 1124 799 potuerit,
1156 719 1214 780 aut
1245 736 1286 780 ex
1317 714 1390 779 aliis

66 804 176 869 causis
198 803 314 869 infelix
345 804 579 888 praevideatur
609 804 808 869 matrimonii
840 803 959 871 exitus,
1006 802 1075 880 Quo
1104 803 1137 868 in
1169 824 1246 868 casu
1269 803 1390 869 damna

65 892 165 959 aliter
187 893 308 959 debent
330 893 486 977 reparari.

156 999 195 1064 R.
221 1003 251 1064 4.
293 999 328 1064 si
351 1001 460 1083 puella
482 999 584 1065 libere
608 999 773 1064 consensit
796 999 828 1063 in
852 1001 1032 1081 peecatum,
1056 998 1099 1064 ad
1122 1002 1237 1081 partus
1260 998 1451 1080 quidemne

66 1109 230 1171 expensas
253 1092 350 1171 pater
372 1109 431 1173 per
453 1110 488 1154 se
513 1110 576 1155 non
595 1088 727 1155 videtur
749 1088 864 1164 teneri,
888 1086 916 1152 si
939 1088 1048 1171 puella
1072 1108 1129 1152 eas
1152 1087 1239 1153 ferre
1262 1089 1388 1171 potest:

66 1198 233 1260 expensae
257 1182 367 1243 autem
390 1199 449 1261 pro
466 1177 634 1243 educanda
650 1177 740 1262 prole
761 1199 822 1261 per
844 1198 880 1242 se
903 1180 973 1242 tum
998 1180 1142 1242 amatre
1165 1179 1235 1241 tum
1259 1180 1389 1260 epatre

65 1265 223 1332 ferendae
245 1270 333 1344 sunt,
356 1271 431 1333 utut
455 1288 497 1332 ex
520 1267 615 1333 modo
639 1265 842 1332 seducendas
864 1265 994 1350 puellae
1024 1265 1111 1348 patri
1135 1265 1308 1348 ampliores
1332 1265 1389 1330 ob-

65 1354 242 1437 ligationes
265 1355 439 1439 reparandi
464 1355 572 1421 damni
596 1360 689 1422 ortae
712 1355 843 1420 fuerint.
889 1354 995 1437 Leges
1019 1358 1131 1420 tamen
1148 1353 1311 1438 positivae
1333 1374 1389 1419 ea·

65 1464 204 1526 rumque
221 1444 510 1510 determinationes
525 1446 587 1510 hae
610 1444 644 1510 in
666 1466 702 1511 re
725 1465 854 1529 semper
875 1447 1015 1528 possunt
1037 1442 1192 1522 invocari,
1217 1443 1278 1508 etsi
1302 1442 1390 1526 patri

65 1531 173 1598 maius
196 1554 278 1598 onus
301 1533 496 1617 imponatur.

156 1638 194 1704 R.
220 1642 251 1705 5.
297 1638 331 1704 Si
355 1640 520 1723 puellain
544 1642 735 1716 causaest,
769 1661 826 1704 cur
858 1639 898 1704 de
930 1638 1132 1722 paternitate
1160 1661 1225 1703 non
1249 1643 1387 1715 constet,

63 1748 125 1810 per
149 1749 184 1792 se
208 1728 260 1792 vir
282 1749 346 1792 non
370 1732 502 1794 tenetur
530 1729 572 1793 ad
603 1729 686 1793 ullas
716 1748 878 1811 expensas
910 1727 1073 1794 ferendas.
1120 1727 1154 1793 Si
1187 1749 1265 1793 vero
1298 1728 1389 1810 leges

65 1816 228 1899 positivae
251 1816 457 1882 nihilominus
482 1817 511 1882 ei
534 1817 593 1882 has
616 1817 770 1882 ferendas
792 1817 972 1901 imponunt,
1002 1816 1035 1881 id
1058 1816 1214 1883 iniustum
1238 1838 1303 1882 non
1327 1822 1387 1893 est,

64 1910 166 1987 atque
189 1906 299 1989 puella
321 1906 391 1970 iure
415 1927 473 1971 suo
496 1906 609 1981 utitur,
633 1905 670 1984 si,
696 1926 779 1988 quae
802 1906 893 1988 leges
916 1909 1076 1981 statuunt,
1102 1906 1208 1971 aviro
1231 1906 1387 1990 postulat.

66 2030 110 2037 —
135 1993 182 2061 Cf.
212 1995 267 2060 m.
293 2017 332 2060 m.
358 2016 389 2060 n.
414 1997 478 2060 996
502 2017 568 2077 sq.;
599 1995 711 2060 Marc
734 2017 765 2060 n.
791 1996 854 2060 956
878 2015 944 2076 sq.;
976 1993 1165 2078 Aertnijs
1195 2017 1227 2062 n.
1252 1998 1316 2060 370
1339 2016 1386 2076 sq.

155 2114 209 2172 An
232 2128 423 2183 ouansrnuu
447 2111 486 2172 2¹¹³
508 2107 547 2172 R.
575 2111 603 2174 1.
649 2106 886 2173 Promissionee
915 2107 992 2173 illae
1021 2106 1237 2184 matrimonii,
1268 2107 1338 2173 sive
1368 2123 1449 2176 11116

65 2196 142 2262 Tito
167 2200 200 2261 et
223 2197 309 2261 Titio
334 2196 459 2261 sincere
489 2196 559 2261 sive
583 2198 658 2262 fiete
681 2196 792 2262 factae
814 2200 907 2272 sunt,
939 2201 1029 2262 certo
1053 2201 1206 2262 neutrum
1229 2196 1387 2278 obligant,

66 2286 130 2350 nisi
154 2285 240 2350 forte
263 2286 425 2369 posterior
448 2285 669 2350 condicionem
691 2286 820 2369 puellae
848 2286 943 2368 plene
972 2285 1104 2352 noverit
1126 2290 1226 2367 atque
1248 2286 1387 2369 promis·

65 2374 191 2439 sionem
214 2395 306 2439 suam
331 2374 456 2439 dederit
475 2373 694 2458 hypothetice,
720 2395 777 2458 pro
802 2395 880 2439 casu
904 2374 990 2456 quod
1012 2375 1101 2458 prior
1123 2375 1251 2440 iuvenis
1273 2375 1387 2441 matri-

65 2464 208 2529 monium
243 2463 475 2546 repudiaverit.
528 2463 620 2527 Alias
661 2463 746 2528 enim
782 2463 1002 2547 praesumitur
1039 2463 1285 2547 promissionem
1323 2486 1388 2530 non

64 2555 234 2707 Siehhasse
256 2553 399 2635 puellam
424 2553 465 2618 ab
488 2553 594 2616 altero
618 2557 804 2636 corruptam
837 2557 871 2618 et
903 2552 1101 2635 flagitiosam
1134 2554 1192 2618 sed
1215 2553 1386 2620 honestam

64 2663 83 2706 e
168 2663 231 2706 am.

155 2738 193 2803 R.
219 2741 248 2803 2.
296 2738 404 2802 Minus
427 2737 527 2803 etiam
550 2741 681 2820 poterat
705 2738 788 2803 Afra
811 2739 1005 2804 alterutrum
1036 2738 1187 2804 iuvenem
1210 2739 1386 2805 seeundum

64 2827 193 2893 libitum
217 2848 276 2909 pro
300 2831 395 2910 patre
418 2827 518 2910 prolis
541 2826 731 2904 traducere,
763 2848 835 2891 cum
860 2833 951 2894 certa
974 2849 1038 2893 non
1068 2833 1156 2894 esset
1183 2832 1282 2911 atque
1305 2829 1386 2912 ipsa,

65 2938 125 2982 cur
157 2921 248 2981 certa
280 2916 350 2981 fieri
383 2937 447 2980 non
478 2919 608 2999 posset,
643 2920 731 2981 esset
759 2916 792 2980 in
823 2937 940 2982 causa:
974 2916 1036 2982 nisi
1066 2917 1153 2984 forte
1182 2917 1216 2981 in
1248 2938 1385 3000 poenam

64 3005 175 3071 delicti
200 3006 290 3086 legas
315 3005 457 3087 regionis
480 3004 697 3088 permiserint,
721 3005 755 3069 in
777 3004 836 3070 tali
861 3027 937 3070 casu
962 3005 1094 3073 cuilibet
1117 3027 1217 3071 onera
1240 3005 1387 3090 paterni·

63 3095 146 3160 tatis
170 3095 346 3177 imponere,
371 3095 455 3159 sicut
478 3114 596 3158 revera
619 3094 674 3158 lex
697 3092 874 3159 Austriaca
896 3094 1067 3177 permittit.

155 3183 192 3247 In
216 3183 285 3248 cod.
311 3186 393 3248 iuris
418 3185 523 3249 Geren.
548 3183 566 3263 ὅ
593 3185 676 3247 1717
702 3203 760 3265 ρτο
784 3187 879 3266 patre
909 3183 1063 3261 habetur,
1096 3182 1116 3249 i.
1141 3203 1169 3248 e.
1202 3204 1275 3247 eum
1305 3180 1387 3246 obli·

63 3272 199 3354 gatione
223 3272 349 3336 ferendi
379 3270 447 3336 eius
471 3295 585 3353 onero,
621 3271 694 3352 ,qui
717 3271 805 3336 intra
834 3276 962 3355 tempus
993 3276 1105 3354 aptum
1136 3270 1170 3351 (a
1200 3270 1251 3335 die
1277 3270 1388 3336 180·ὴΙΙο

63 3361 106 3426 ad
131 3360 240 3426 392dum
264 3364 342 3426 ante
365 3361 465 3444 prolis
487 3360 710 3441 nativitatem)
735 3381 807 3425 cum
831 3365 937 3426 matre
970 3361 1099 3438 coierit,
1130 3360 1191 3425 nisi
1215 3359 1303 3426 intra
1326 3361 1387 3425 hoc

63 3455 195 3533 tempus
218 3449 334 3515 coierit
356 3450 455 3515 etiam
479 3450 572 3515 alter.
620 3449 730 3515 Coitus
755 3470 843 3528 vero,
868 3470 909 3514 ex
937 3471 1000 3532 quo
1024 3450 1267 3533 conceptionem
1295 3449 1386 3531 sequi

63 3560 130 3603 non
154 3538 300 3621 potuisse
323 3538 532 3603 manifestum
557 3542 618 3615 est,
642 3537 830 3603 nullatenus
853 3538 1053 3622 respicitur.“

154 3628 191 3692 In
216 3627 326 3692 codice
356 3631 420 3693 iar.
443 3630 554 3693 Auatr.
579 3627 597 3707 ἓ
624 3629 686 3691 163
711 3631 833 3692 ratione
861 3649 925 3692 raon
955 3629 1064 3694 habita
1094 3629 1303 3711 complurium
1334 3631 1387 3713 qai

63 3739 136 3782 cum
158 3718 290 3781 muliere
318 3719 530 3801 peccauerint,
561 3715 617 3779 ille
647 3719 743 3798 pater
765 3716 1000 3799 praesumitur,
1031 3716 1086 3799 qui
1108 3718 1162 3781 vel
1192 3717 1388 3782 iudicialiter

63 3804 285 3882 convincitur,
309 3805 363 3869 vel
386 3805 526 3882 fatetur,
552 3804 651 3870 etiam
675 3804 981 3884 extraiudicialiter,
1005 3826 1041 3871 se
1063 3806 1151 3872 intra
1174 3810 1304 3891 tempus
1327 3827 1386 3890 ρτο

63 3893 277 3978 conceptione
301 3898 412 3977 aptum
437 3915 508 3959 cum
532 3897 638 3958 matre
662 3894 786 3960 coiisse.

154 3998 192 4065 R.
226 4001 256 4065 3.
312 4000 364 4063 Ex
397 3998 505 4080 legum
537 3998 638 4080 igitur
671 3999 863 4066 diversitate
895 4002 989 4083 patet
1024 3999 1258 4065 confessarium
1291 4000 1446 4066 citiusvlt

62 4087 299 4153 condemnasse
315 4086 439 4154 Afram.
480 4088 566 4153 Nam
590 4088 670 4153 haec
693 4088 721 4152 si
744 4089 804 4153 sub
828 4090 901 4171 lege
915 4088 1111 4154 Austriaeae
1134 4090 1230 4154 simili
1254 4090 1385 4166 vixerit,

60 4178 214 4242 iuvenem
239 4177 428 4242 utrumlibet
451 4176 661 4260 paternitatis
685 4198 841 4242 accusare
864 4181 1004 4260 poteret.
1052 4177 1171 4254 Quodsi
1194 4179 1265 4254 ille,
1290 4199 1386 4260 quem

61 4266 169 4351 primo
192 4264 403 4350 paternitatis
426 4267 604 4348 arguebat,
635 4267 788 4332 maluerit
817 4287 875 4350 per
898 4267 1138 4333 matrimonium
1168 4288 1237 4331 rem
1262 4271 1384 4348 tegere,

62 4377 161 4438 quam
185 4354 313 4438 publice
336 4354 472 4432 traduci,
497 4354 580 4421 Afra
602 4377 668 4421 non
691 4356 739 4421 ita
761 4356 881 4421 iniuste
903 4356 981 4437 egit,
1006 4360 1042 4422 ut
1065 4359 1217 4421 teneatur
1233 4375 1253 4419 a
1271 4356 1385 4420 matri-

61 4444 172 4510 monio
195 4443 259 4509 iam
284 4449 400 4526 parato
424 4444 591 4511 desistere.

152 4532 255 4598 Immo
279 4532 378 4597 etiam
404 4532 458 4596 ubi
481 4533 572 4615 leges
595 4533 723 4616 puellae
747 4534 831 4598 hanc
861 4531 1025 4615 optionem
1056 4533 1145 4596 nullo
1169 4531 1264 4596 modo
1294 4532 1384 4611 dant,

61 4623 120 4688 sed
144 4643 203 4706 pro
228 4642 306 4687 casu
329 4621 543 4687 admissorum
567 4621 706 4705 plurium
724 4621 957 4687 fornicatorum
982 4642 1054 4686 eam
1077 4620 1165 4685 omni
1186 4621 1257 4687 iure
1273 4642 1386 4702 quem·
