3106 5168
184 299 248 364 352
323 294 364 349 De
382 295 530 349 virtutibus
548 299 577 348 et
594 293 693 348 officiis
711 311 777 362 erga
794 293 924 348 homines.
943 322 978 331 —
998 292 1050 348 Oli.
1068 292 1141 348 circs
1158 293 1228 348 bona
1246 297 1370 349 externa.

184 491 221 530 ne
238 472 321 530 fraus
335 471 500 546 detegatur,
522 489 587 528 curn
608 469 767 529 maximam
788 475 901 546 partem
922 471 1065 528 bonorum
1086 470 1197 528 habeat
1216 469 1248 528 in
1268 469 1363 529 titulis
1385 469 1509 531 innomi·

184 551 272 611 natis.
311 551 438 628 Insuper
457 569 514 624 quo
535 550 712 609 diminueret
732 550 845 609 reditus
866 549 976 608 tributo
997 550 1150 621 obnoxios,
1174 549 1241 608 filiis
1263 550 1325 609 suis
1346 550 1510 627 adscripsit

185 631 310 707 singulis
330 636 377 690 tot
396 632 490 700 bona,
517 637 550 688 ut
570 650 671 689 eorum
691 630 804 689 reditus
825 649 884 689 non
906 628 1053 688 excedunt
1073 635 1174 688 texam
1196 649 1213 688 a
1235 629 1345 689 tributo
1366 630 1507 703 liberam;

184 730 259 787 quae
280 716 378 770 tamen
393 709 514 770 donatio
535 709 624 785 legali
638 710 819 769 formalitate
840 729 899 767 non
922 715 1061 768 accurate
1081 709 1228 769 instructa
1249 728 1348 768 coram
1370 709 1437 785 lege
1459 730 1509 769 va·

183 791 243 849 lida
263 811 322 849 non
344 796 397 850 est.
435 790 470 849 In
491 790 719 849 transvehendis
740 789 886 848 mercibus
907 808 997 865 saepe
1017 808 1126 864 magua
1147 789 1251 849 fraude
1272 789 1381 860 utitur;
1403 789 1509 866 quodsi

183 871 321 930 custodes
341 871 373 929 in
394 890 429 929 eo
451 877 521 929 sunt
542 875 576 929 ut
589 870 738 945 detegant,
761 889 813 930 eos
833 869 949 928 liberali
968 870 1127 929 donatione
1141 889 1160 928 a
1173 869 1397 946 perscrutandis
1418 873 1508 930 rebus

183 951 305 1019 avertit,
327 951 474 1026 quandam
495 969 637 1009 summam
659 950 750 1009 solvit
771 949 931 1009 secundum
951 969 1035 1008 suam
1055 949 1274 1021 indicationem,
1296 956 1330 1008 ut
1351 951 1507 1027 decuplum

183 1031 249 1106 plus
273 1050 333 1089 non
355 1030 462 1090 solutis
482 1030 678 1106 vestigalibus
699 1031 902 1089 transmittere
922 1029 1026 1106 possit.

183 1145 360 1217 Qosnnrroa
382 1146 411 1204 1ο
437 1145 505 1222 quid
535 1145 565 1203 in
593 1164 702 1220 genere
730 1145 787 1204 dici
816 1145 923 1205 debeat
950 1145 986 1203 de
1014 1145 1133 1204 tributis
1161 1139 1319 1220 eorumque
1347 1146 1506 1219 solutione,

436 1232 524 1301 atque
545 1225 576 1283 in
597 1225 696 1302 specie
718 1225 754 1284 de
775 1224 895 1285 tributis
915 1224 1069 1284 indirectis
1090 1246 1143 1285 seu
1164 1225 1369 1300 vectigalibus.

380 1315 411 1372 2⁰
437 1314 505 1390 quid
527 1314 563 1373 de
583 1314 676 1372 variis
698 1313 859 1389 Iugurthae
881 1314 994 1374 artibus
1015 1313 1201 1374 iudicandum
1222 1315 1271 1373 sit.

776 1513 912 1581 Salutio.

122 1680 173 1733 696
272 1665 325 1728 Au
348 1684 538 1739 ouansmuu
565 1668 601 1728 1⁰²
624 1664 664 1730 R.
690 1667 719 1730 1.
765 1664 803 1729 ln
826 1685 946 1746 genere
969 1684 989 1728 a
1018 1663 1157 1730 subditis
1186 1663 1310 1729 tributa
1340 1663 1426 1728 solvi
1450 1663 1506 1728 de·

184 1754 271 1827 bere,
296 1757 330 1819 et
353 1754 505 1819 naturale
528 1753 578 1818 ius
602 1758 636 1819 et
658 1752 740 1818 fides
763 1753 875 1818 divina
898 1754 993 1819 dccet
1015 1752 1071 1834 (cf.
1095 1752 1188 1819 Rom.
1215 1756 1266 1829 13,
1292 1757 1321 1818 6.
1348 1753 1393 1834 7).
1432 1752 1505 1818 Nisi

183 1841 268 1908 enim
292 1841 412 1923 singuli
436 1842 608 1908 conferant
630 1843 673 1907 ad
696 1841 910 1909 necessitates
933 1862 1129 1919 communes,
1153 1840 1352 1924 impossibile
1376 1845 1440 1917 est,
1464 1842 1505 1906 ab

183 1930 381 1999 auctoritate
404 1931 533 2015 publica
563 1932 681 1996 bonum
711 1951 880 1997 commune
905 1931 1021 1997 curari.
1067 1931 1122 1996 Ius
1151 1936 1263 1996 autem
1286 1930 1440 2012 exigendi
1464 1952 1504 1996 ex

182 2024 278 2103 parte
301 2020 449 2103 publicae
472 2021 681 2087 auctoritatis
704 2025 738 2086 et
761 2020 917 2102 obligatio
941 2019 1088 2085 solvendi
1112 2042 1154 2084 ex
1184 2025 1278 2103 parte
1301 2020 1503 2085 subditorum

182 2130 247 2174 non
271 2112 323 2174 est
345 2106 408 2175 nisi
430 2111 534 2175 relate
558 2111 599 2176 ad
623 2112 704 2174 fines
728 2109 930 2175 necessarios
954 2113 988 2173 et
1012 2108 1118 2174 utiles.

272 2213 311 2280 R.
336 2217 367 2281 2.
413 2215 450 2279 ln
482 2236 547 2296 qua
579 2235 680 2281 causa
711 2215 907 2281 tributorum
942 2213 1107 2280 sententia
1140 2211 1223 2278 satis
1257 2212 1438 2279 communis
1472 2213 1503 2279 in

184 2303 280 2368 dubio
305 2302 344 2369 de
367 2304 491 2370 iustitia
514 2305 710 2370 tributorum
728 2303 838 2370 mitius
861 2303 962 2369 sentit
985 2323 1083 2384 quam
1106 2302 1139 2366 in
1162 2300 1235 2367 aliis
1258 2302 1366 2367 causis
1389 2302 1503 2380 dubiis,

183 2392 215 2456 in
240 2392 356 2475 quibus
374 2414 558 2475 supremum
576 2393 768 2477 principium
784 2393 958 2460 statuitur:
981 2392 1015 2456 in
1031 2391 1128 2456 dubio
1143 2391 1415 2473 praesumendum
1434 2412 1505 2457 esse

183 2502 242 2563 pro
275 2481 440 2564 superiore
462 2482 604 2547 iubente.
652 2482 823 2558 Rationes,
857 2503 939 2564 quas
970 2501 1030 2563 pro
1052 2481 1114 2545 hoc
1144 2479 1329 2544 discrimine
1352 2480 1504 2555 afferunt,

183 2572 261 2634 sunt
283 2569 408 2653 plures:
436 2570 468 2651 1)
492 2571 568 2652 quia
584 2569 804 2653 praesumptio
821 2570 861 2635 de
883 2570 1009 2637 iustitia
1025 2569 1166 2635 omnium
1186 2569 1383 2634 tributorum
1407 2569 1505 2634 factis

184 2658 357 2724 contrariis
379 2658 473 2723 nimis
497 2659 541 2724 sit
569 2659 786 2736 labefactata3
819 2659 853 2740 2)
877 2659 953 2741 quia
974 2659 1008 2723 in
1039 2658 1135 2724 dubio
1159 2656 1326 2741 praecepti
1348 2655 1445 2735 iusti,
1478 2658 1504 2722 si

183 2747 279 2812 nimis
291 2747 422 2813 difficile
434 2747 510 2829 quid
527 2748 756 2831 praecipiatur,
774 2770 836 2812 non
854 2747 897 2814 sit
913 2747 1069 2828 obligatio
1083 2745 1285 2821 oboediendi;
1303 2767 1377 2810 esse
1394 2753 1503 2813 autem

183 2836 378 2902 tributorum
410 2837 604 2903 solutionem
636 2837 731 2903 nimis
762 2837 943 2914 difficilem3
977 2838 1011 2918 3)
1035 2836 1111 2918 quia
1141 2836 1195 2900 lex
1218 2836 1414 2902 tributorum
1441 2858 1504 2901 non

183 2926 287 2990 solum
311 2925 472 2992 actionem
496 2927 638 3008 aliquem
662 2927 789 3003 iubeat,
820 2927 876 2991 sed
902 2926 1001 2992 etiam
1032 2925 1156 2991 civibus
1189 2925 1340 2990 damnum
1364 2924 1503 2998 inferat:

183 3014 268 3096 quod
292 3015 420 3097 quando
445 3016 518 3093 fiat,
552 3016 728 3080 favendum
752 3017 783 3080 in
809 3016 905 3080 dubio
936 3036 1008 3079 esse
1041 3015 1236 3098 possessori,
1270 3015 1302 3078 in
1335 3015 1397 3080 boc
1427 3035 1505 3080 casu

183 3103 318 3181 civibus,
342 3125 383 3169 ne
407 3104 562 3169 solvendo
587 3105 808 3188 possessiones
831 3126 908 3169 suas
924 3104 1068 3168 minuere
1085 3103 1236 3168 debeant.
1270 3102 1318 3169 ef.
1336 3103 1369 3169 S.
1385 3101 1503 3187 Alpb.

182 3193 239 3270 Ill,
264 3216 295 3259 n.
321 3195 396 3272 617,
421 3198 456 3258 et
477 3194 606 3276 Lege,
631 3196 680 3259 De
703 3197 775 3258 icet.
801 3202 828 3258 et
852 3198 921 3258 iure
946 3193 975 3259 d.
1001 3196 1053 3269 36,
1078 3214 1109 3258 n.
1135 3195 1186 3256 90.
1291 3243 1295 3252 .

271 3297 309 3363 It.
335 3300 365 3364 3.
413 3298 538 3380 Singuli
561 3320 625 3362 non
649 3302 802 3363 tenentur
825 3297 867 3362 ad
896 3298 1021 3363 tributa
1051 3297 1111 3360 nisi
1135 3296 1310 3361 secundum
1336 3298 1421 3380 quod
1447 3320 1504 3363 ex·

181 3387 313 3467 igentur
337 3408 357 3451 a
380 3387 600 3469 superioribus
623 3408 798 3468 eorumque
815 3387 996 3469 deputatis3
1020 3386 1117 3469 idque
1141 3387 1289 3470 proxime
1313 3408 1355 3453 ex
1378 3387 1505 3454 iustitia

183 3475 281 3556 legali
297 3496 354 3539 seu
372 3497 413 3539 ex
430 3476 635 3542 oboedientia
658 3477 784 3557 legibus
807 3475 901 3542 iustis
921 3475 1040 3552 debita,
1065 3496 1128 3539 non
1152 3497 1194 3539 ex
1217 3475 1344 3542 iustitia
1360 3497 1503 3541 commu·

182 3564 299 3630 tativa.
345 3564 432 3629 Nam
457 3565 641 3631 distributio
665 3585 798 3629 onerum
823 3564 1038 3630 communium
1070 3564 1213 3647 pertinet
1237 3566 1277 3629 ad
1309 3565 1502 3648 superiores

95 3721 99 3727 ,
183 3673 286 3732 neque
310 3652 479 3718 inferiores
503 3659 580 3720 ente
605 3654 864 3719 distributionem
887 3653 1009 3719 factam
1032 3654 1074 3718 ad
1098 3660 1224 3719 eertum
1248 3659 1282 3718 et
1306 3653 1503 3719 determina-

182 3747 251 3805 tum
276 3762 357 3805 onus
381 3744 613 3824 praestandum
638 3748 801 3809 tenentur.
848 3743 928 3807 Post
960 3742 1220 3808 distributionem
1244 3742 1369 3809 factam
1393 3749 1503 3825 potest

183 3851 264 3906 esse,
290 3833 325 3895 ut
348 3831 472 3897 tributa
496 3833 663 3914 postulata
687 3854 729 3897 ex
752 3832 878 3897 iustitia
902 3831 1136 3898 commutativa
1160 3832 1357 3909 debeantur3
1392 3837 1502 3914 potest

182 3939 271 3995 esse,
306 3924 342 3985 ut
375 3920 544 3986 etiamtum
578 3944 620 3987 ex
653 3923 723 3986 sola
755 3921 854 4002 legali
886 3920 1013 3986 iustitia
1044 3922 1259 4003 postulentur.
1307 3921 1354 3986 uf.
1380 3922 1500 3997 Mare,

181 4010 259 4073 luat.
285 4010 380 4092 Alpl.
404 4032 434 4074 n.
461 4013 534 4076 967.

121 4120 171 4172 69?
272 4114 308 4180 lt.
334 4120 365 4180 4.
412 4115 575 4182 Indirecta
607 4116 733 4182 tributa
751 4137 822 4179 <seu
856 4115 1032 4196 vectigalia
1064 4115 1225 4179 communi
1258 4115 1367 4196 legum
1401 4116 1501 4181 inter·

181 4204 367 4285 pretatione
383 4204 529 4286 proxime
546 4207 618 4287 lege
633 4228 722 4269 mere
745 4205 873 4288 poenali
894 4205 1061 4279 debentur,
1087 4204 1239 4269 videlicet
1262 4205 1310 4269 ita
1333 4209 1371 4269 ut
1394 4211 1500 4270 trans-

181 4293 252 4357 iens
286 4295 336 4358 vel
370 4294 478 4357 solvat
509 4295 649 4369 tributa,
683 4295 734 4357 vel
769 4294 989 4377 deprehensus
1021 4294 1149 4358 solvere
1182 4294 1300 4358 debeat
1340 4294 1439 4360 etiam
1469 4294 1499 4357 in

182 4382 381 4448 conscientia
404 4383 501 4462 longe
524 4385 598 4464 plus
621 4405 679 4465 pro
703 4404 817 4465 poena.
865 4384 908 4448 let
938 4404 1069 4458 revere,
1104 4404 1175 4446 cum
1208 4382 1269 4446 hoc
1302 4383 1398 4447 medo
1430 4383 1500 4448 finis

181 4471 370 4553 legissetis
394 4472 596 4549 obtineatur,
630 4494 694 4535 non
718 4477 768 4536 est
792 4494 849 4536 cur
872 4471 1018 4536 severius
1042 4472 1096 4535 lex
1121 4472 1238 4537 debeat
1262 4471 1382 4553 urgeri,
1408 4493 1499 4555 prae-

183 4562 275 4642 cipue
299 4561 427 4642 quandc
452 4562 506 4623 lex
530 4561 592 4626 ista
616 4561 758 4625 maxime
781 4561 885 4626 afficit
900 4560 1100 4644 peregrinos,
1124 4561 1157 4624 in
1181 4581 1262 4640 quos
1286 4561 1382 4627 decet
1406 4582 1498 4642 quarn

184 4650 348 4714 minimum
372 4650 518 4715 exerceri
543 4650 796 4715 iurisdictionem
826 4655 859 4714 et
882 4654 1090 4732 potestatem.
1116 4685 1157 4693 -
1182 4651 1265 4714 Sunt
1288 4650 1419 4732 quidem
1448 4649 1499 4732 qui
