3106 5168
164 306 229 370 540
656 302 696 356 De
715 301 821 371 legibus
840 302 988 360 Ecclesiae.

164 480 389 548 committatur
418 502 476 564 pro
507 481 668 566 stipendio
700 479 880 558 ordinario,
911 485 1040 547 retento
1063 501 1210 547 excessu.
1257 482 1310 548 Ita
1334 504 1486 566 expresse

164 570 346 636 declaravit
378 570 409 637 S.
442 570 594 649 Offic,
633 570 836 653 approbante
868 569 900 637 S.
931 568 1108 647 Pontifice,
1142 571 1172 636 d.
1207 573 1247 635 13
1280 571 1349 636 lan.
1385 574 1484 639 1892:

164 659 205 726 cf.
234 660 290 726 Tb.
314 682 355 725 m.
379 658 420 737 H,
446 662 527 735 960;
552 659 809 724 Laurentius
831 659 852 724 l.
876 679 903 725 c.
928 680 959 724 n.
984 661 1059 725 122.

252 774 291 840 n.
317 777 347 840 2.
394 773 493 838 Aliud
522 773 766 839 mercimonium
796 795 868 838 cum
899 772 1069 856 stipendiis
1093 773 1267 839 missarum
1297 774 1487 857 prohibetur

164 864 296 929 decreto
321 863 474 946 Viqilcnti
497 862 526 929 d.
552 863 581 930 d.
607 865 648 926 25
673 862 740 927 Mai
766 864 850 927 1893
874 860 918 943 (v.
943 864 1096 927 Analecta
1121 865 1190 928 eccl.
1215 862 1246 941 I,
1273 862 1370 945 270),
1402 865 1487 931 vide·

163 951 257 1019 licet:
291 951 557 1034 „bibliopolarum
581 953 635 1017 vel
657 955 876 1017 mercatorum
901 950 1019 1034 agendi
1042 951 1126 1016 ratio
1151 950 1206 1033 qui
1230 1004 1237 1017 .
1257 1004 1289 1017 ..
1315 956 1486 1019 3113333111

164 1045 373 1126 eleemosynas
396 1043 543 1125 cottipunt
566 1045 600 1106 et
622 1039 856 1118 sacerdotibus,
881 1039 997 1122 quibus
1020 1060 1076 1105 eas
1100 1039 1326 1119 committunt,
1351 1064 1417 1108 non
1435 1067 1486 1129 pe·

164 1133 309 1215 cuniam,
340 1130 1018 1215 331111113331113131313331333131111;
1046 1129 1197 1194 similiter
1226 1150 1340 1195 eorum
1371 1132 1487 1214 agendi

164 1220 266 1297 ratio,
300 1219 355 1301 qui
384 1222 537 1302 acceptas
565 1240 586 1283 a
615 1217 764 1283 fidelibus
786 1218 840 1282 vel
869 1217 931 1301 piis
960 1218 1040 1283 locis
1065 1219 1290 1301 eleemosynas
1314 1219 1486 1286 missarum

164 1307 321 1374 eiusmodi
344 1307 580 1373 mercatoribus
610 1328 668 1372 seu
699 1307 925 1372 collectoribus
955 1306 1098 1373 tradant.
1149 1308 1214 1372 Pro
1241 1330 1347 1392 poena
1378 1314 1486 1375 autem

164 1397 331 1473 statuitur,
356 1400 409 1473 ut,
437 1396 484 1473 ,si
507 1395 578 1478 quis
601 1416 644 1460 ex
667 1395 863 1462 sacerdotali
887 1395 999 1460 ordine
1023 1400 1138 1462 contra
1160 1396 1333 1464 enuntiata
1356 1397 1487 1465 decreta

166 1485 356 1568 deliquerit,
393 1483 597 1567 suspensioni
621 1506 640 1549 a
664 1484 782 1549 divinis
805 1485 836 1552 S.
861 1483 937 1550 Sedi
960 1489 1149 1551 reservatae
1173 1488 1208 1550 et
1229 1485 1301 1569 ipso
1325 1486 1417 1553 facto
1441 1488 1486 1553 in·

165 1574 344 1640 currendae
374 1573 533 1638 obnoxius
562 1572 621 1645 sit;
653 1573 790 1638 clericus
814 1578 923 1639 autem
953 1573 1136 1639 sacerdotio
1166 1574 1308 1639 nondum
1339 1575 1486 1643 initiatus

165 1663 269 1728 eidem
293 1660 497 1745 suspensioni
520 1662 626 1744 quoad
650 1668 820 1746 susceptos
843 1662 972 1727 ordines
1003 1662 1153 1729 similiter
1175 1663 1345 1731 subiaceat
1375 1669 1411 1731 et
1440 1665 1486 1730 in·

165 1751 282 1817 habilis
316 1754 490 1834 praeterea
521 1752 580 1816 fiat
614 1751 657 1816 ad
688 1751 871 1835 superiores
904 1751 1034 1816 ordines
1065 1751 1286 1835 recipiendos:
1323 1753 1401 1818 laici
1434 1755 1486 1819 de·

165 1862 254 1905 mum
277 1839 611 1906 excommunicatione
640 1840 729 1906 latae
752 1840 936 1906 sententiae
960 1840 1121 1924 episcopis
1150 1846 1323 1908 reservata
1346 1843 1486 1909 obstrin-

164 1932 314 2013 gantur.“

87 2052 155 2108 1053
254 2044 306 2109 An
330 2063 520 2119 eucnemon
544 2046 582 2107 2¹²
613 2043 651 2108 R.
679 2046 706 2109 1.
753 2042 791 2107 11
814 2042 923 2125 priore
945 2063 1024 2108 casu
1050 2043 1206 2108 babemus
1235 2048 1326 2110 certo
1360 2044 1394 2126 l)
1426 2068 1485 2111 non

165 2153 262 2198 unam
287 2134 468 2198 alteramve
490 2132 640 2209 missam,
671 2132 729 2197 sed
752 2133 957 2197 collectionem
980 2132 1232 2215 stipendiorum3
1265 2133 1299 2215 2)
1330 2133 1486 2200 habemus

165 2225 287 2287 tucrum
311 2231 453 2306 captam,
484 2241 557 2285 cum
580 2220 748 2302 Isigardus
770 2241 806 2285 re
830 2241 910 2285 vera
933 2221 1110 2286 universim
1133 2221 1206 2304 plus
1228 2223 1364 2305 recipit,
1391 2246 1485 2307 quam

165 2310 220 2388 113,
246 2310 361 2392 quibus
384 2310 503 2375 missae
527 2310 741 2375 celebrandae
764 2309 1021 2387 committuntur,
1046 2309 1225 2384 retribuat;
1251 2310 1285 2392 3)
1310 2313 1485 2380 celebratio

166 2399 338 2465 missarum
361 2399 460 2466 etiam
484 2419 614 2481 semper
635 2398 727 2463 facta
750 2398 857 2465 estin
880 2398 979 2476 locis,
1010 2398 1065 2463 ubi
1088 2407 1266 2464 consuetum
1289 2400 1485 2485 stipendium

165 2489 271 2553 minus
295 2492 355 2565 est,
381 2508 477 2570 quam
501 2487 587 2569 quod
611 2487 778 2570 lsigardus
801 2488 936 2570 accepit,
960 2487 1031 2552 sive
1053 2488 1172 2554 missae
1196 2489 1390 2556 commissae
1413 2495 1487 2556 sunt

166 2577 239 2642 aliis
262 2577 295 2640 in
318 2576 389 2659 ipso
414 2577 526 2641 eodem
550 2577 640 2654 loco,
671 2597 735 2658 quo
758 2576 925 2658 Isigardus
947 2577 1110 2659 stipendia
1132 2582 1324 2660 acceperat,
1355 2580 1427 2645 sive
1455 2580 1485 2644 in

165 2666 239 2729 aliis
262 2665 350 2730 locis
397 2666 485 2746 Ergo
510 2665 619 2729 omnia
641 2669 806 2730 momenta
830 2665 965 2742 adsunt,
997 2687 1080 2747 quae
1103 2666 1315 2747 requiruntur
1338 2671 1374 2734 31
1397 2669 1485 2734 suffi-

165 2754 264 2831 ciunt,
290 2759 325 2820 11
349 2758 478 2820 3313131
502 2754 542 2818 de
566 2776 643 2819 casu
667 2754 1010 2820 excommunicationis
1034 2776 1092 2838 per
1115 2755 1236 2819 bullam
1259 2759 1370 2842 Apost.
1396 2760 1486 2824 Sedis

165 2847 301 2910 statuto.

253 2941 291 3006 R.
325 2944 353 3007 2.
401 2940 437 3004 11
469 2943 566 3005 attero
598 2962 675 3005 casu
705 2941 845 3005 habetur
874 2940 973 3006 etiam
1010 2941 1041 3022 1)
1072 2941 1307 3024 stipendiorum
1338 2944 1484 3010 collectio

164 3030 295 3107 eadem,
320 3050 403 3111 quse
426 3031 459 3094 in
482 3029 590 3112 priore
614 3050 691 3094 casu
715 3033 933 3112 supponatur,
964 3030 1103 3096 habetur
1127 3031 1160 3112 2)
1184 3030 1284 3096 etiam
1309 3033 1484 3098 celebratio

164 3118 337 3184 missarum
369 3119 408 3182 113
440 3118 473 3182 11
504 3118 599 3196 leole,
641 3118 694 3182 ubi
725 3119 921 3201 stipendium
952 3120 1124 3183 missarum
1162 3119 1268 3183 minus
1299 3141 1373 3185 esse
1404 3123 1484 3186 solet

165 3229 261 3289 quam
284 3212 366 3272 taxa
389 3206 541 3290 stipendii
563 3208 603 3272 ab
619 3207 766 3289 lsigardo
789 3212 940 3291 accepta;
966 3208 1107 3290 alioquin
1123 3207 1270 3289 lsigardo
1286 3208 1484 3293 impossibile

164 3302 251 3362 esset
274 3296 402 3379 praxim
426 3318 518 3361 suam
542 3300 664 3377 tegere.
681 3334 725 3342 -
744 3296 863 3361 Verum
887 3318 951 3361 non
970 3298 1052 3362 satis
1069 3300 1199 3363 constat
1214 3297 1254 3362 de
1277 3301 1365 3364 lucro
1391 3305 1483 3384 capto

164 3406 206 3450 ex
236 3385 315 3468 ipsis
345 3385 524 3468 stipendiis.
571 3386 710 3449 Lucrum
735 3385 861 3467 quidem
888 3385 1015 3468 capitur
1038 3407 1081 3450 ex
1104 3385 1291 3452 venditione
1318 3387 1482 3464 librorum,

163 3473 260 3538 immo
284 3474 384 3539 etiam
408 3495 449 3538 ex
474 3495 528 3551 eo,
554 3475 639 3555 quod
662 3479 797 3558 propter
820 3475 1105 3540 commutationem
1130 3495 1202 3539 cum
1225 3476 1398 3559 stipendiis
1423 3478 1483 3543 dis·

163 3562 315 3627 simulare
339 3564 506 3643 lsigardus
529 3563 633 3646 possit
657 3563 906 3644 denegationem
933 3563 1130 3628 reductionis
1160 3565 1268 3646 pretii.
1316 3567 1482 3642 Attamen,

164 3652 315 3732 quoniam
346 3653 444 3718 etiam
475 3653 545 3716 sine
574 3652 632 3718 illa
656 3652 909 3718 commutatione
937 3675 1008 3717 cum
1032 3652 1201 3735 stipendiis
1228 3654 1404 3720 missarum
1427 3655 1483 3720 lsi·

162 3740 285 3822 gardus
310 3763 371 3805 131
395 3749 552 3806 teneretur
575 3742 716 3824 pretium
740 3743 894 3806 librorum
918 3742 1082 3818 reducere,
1109 3764 1170 3806 non
1195 3751 1315 3808 constet
1340 3745 1380 3808 de
1396 3745 1482 3810 lucro

163 3830 252 3894 facto
276 3851 317 3893 ex
341 3829 510 3912 stipendiis
533 3851 590 3894 seu
615 3835 774 3913 exparte
798 3852 906 3894 corum
932 3835 1070 3896 retenta.

252 3943 289 4008 n.
308 3946 337 4008 3.
378 3943 474 4006 Aliud
499 3948 558 4020 est,
584 3966 659 4007 nuni
684 3945 850 4024 lsigardus
874 3945 1047 4025 deliquerit
1071 3948 1184 4009 contra
1209 3946 1378 4011 decretum
1404 3950 1482 4032 Vipi-

163 4034 244 4096 lcnti
274 4037 307 4097 et
337 4053 458 4114 poenas
489 4033 531 4095 ibi
562 4037 705 4098 statutas
735 4034 917 4097 incurrerit.
965 4035 1001 4096 ln
1026 4055 1090 4114 qua
1113 4034 1304 4115 quaestione
1329 4035 1481 4119 distingui

164 4121 275 4198 debet,
310 4126 417 4185 utrum
441 4122 608 4202 Isigardus
632 4123 794 4205 stipendia
818 4123 999 4203 colligenda
1023 4123 1187 4189 curaverit
1218 4124 1271 4187 vel
1296 4125 1410 4191 oblata
1434 4149 1481 4190 as·

163 4211 338 4292 sumpserit
361 4210 484 4275 maiore
513 4232 667 4299 numero,
694 4215 730 4275 ut
759 4212 896 4275 haberet
920 4212 1081 4294 stipendia
1106 4212 1331 4278 distribuenda
1355 4219 1390 4280 31
1414 4236 1481 4279 cum

164 4298 253 4362 libris
278 4300 516 4376 commutanda,
546 4321 587 4364 an
611 4322 682 4364 eam
707 4304 834 4365 tantum
859 4301 985 4382 copiam
1009 4302 1232 4384 assumpserit,
1258 4302 1308 4365 311
1333 4305 1480 4386 probabi·

162 4387 238 4452 liter
260 4388 330 4471 ipsc
354 4410 388 4452 so
412 4389 659 4453 satisfacturum
683 4410 755 4453 esse
778 4390 955 4472 putaverit,
980 4394 1013 4454 31
1037 4390 1202 4471 inquere
1226 4412 1311 4455 nunc
1335 4393 1479 4458 3313131-

163 4475 239 4539 lisse
271 4478 421 4559 reperiat.
470 4478 555 4542 Nam
587 4478 613 4541 si
644 4479 734 4561 prius
764 4479 842 4542 illud
874 4479 1029 4555 obtinuit,
1062 4480 1156 4543 111331
1184 4480 1338 4546 delictum
1371 4486 1480 4547 contra

164 4564 329 4629 decretum
346 4569 519 4651 Viqilnnti;
542 4568 568 4630 si
593 4567 763 4650 posterius,
789 4568 866 4631 nihil
884 4569 1004 4644 obstat,
1031 4569 1200 4648 quominus
1225 4570 1388 4653 stipendia
1412 4572 1479 4635 aliis

163 4655 385 4718 sacerdotibus
414 4656 518 4738 possit
549 4658 697 4721 conferre
723 4677 793 4720 crim
820 4678 916 4721 onere
940 4657 1065 4721 dicendi
1089 4658 1222 4736 missae,
1258 4666 1292 4725 et
1322 4660 1478 4744 stipendia
