3106 5168
379 280 514 336 Luxuriae
533 285 645 352 peccata
663 282 691 335 in
710 299 809 350 genere
828 297 974 351 eorumque
992 281 1139 337 distinctio.
1354 289 1418 354 275

96 457 273 528 Quaamrua
295 459 324 516 1⁰
349 457 492 532 quomodo
514 457 644 516 tactibus
665 456 831 516 inhonestis
852 462 999 534 peccetur.

293 547 324 605 2ο
349 547 418 623 quid
438 546 557 642 Amalia
577 546 677 605 facere
697 547 746 605 vel
767 546 894 605 tolerare
915 546 1023 624 possit,
1052 547 1120 622 quid
1142 548 1248 607 debeat
1268 550 1419 627 repellere.

690 729 825 796 solutio.

184 872 238 938 Au
262 894 453 950 ouansrruu
479 876 516 938 1m
546 874 585 940 R.
613 878 641 941 1.
689 873 800 956 siqui
830 878 940 940 tactus
962 876 1045 940 fiant
1074 895 1117 940 ex
1143 875 1325 943 intentione
1347 877 1420 942 libi·
1430 890 1483 945 539

96 962 190 1040 dinis,
215 962 299 1027 idem
325 962 386 1041 dic,
411 964 497 1045 quod
520 968 619 1030 antea
644 964 683 1028 de
706 963 893 1048 aspectibus
917 963 1037 1031 dictum
1063 969 1114 1030 ast
1137 987 1168 1031 n.
1194 968 1268 1032 537.

184 1068 222 1135 R.
249 1069 278 1134 2.
326 1069 448 1135 Tactus
471 1073 561 1136 certe
583 1069 719 1152 gravius
743 1074 877 1136 movent
900 1091 997 1151 quam
1021 1074 1191 1154 aspectum
1222 1077 1422 1157 quapropter

94 1162 204 1223 tactus
228 1157 261 1222 in
277 1157 418 1223 alienum
443 1180 560 1242 corpus
577 1180 654 1224 vere
674 1160 805 1224 obsceni
829 1181 871 1225 ex
893 1180 929 1224 se
953 1163 1127 1225 censentur
1142 1161 1259 1243 gravia
1273 1167 1420 1246 peccata,

94 1247 223 1312 nisiex
252 1246 323 1312 sola
353 1248 536 1330 petulantia
564 1248 651 1313 inter
675 1248 817 1313 eiusdem
848 1268 947 1314 sexus
976 1269 1134 1332 personas
1163 1249 1281 1332 aliquis
1310 1255 1421 1318 tactus

96 1334 225 1401 omnino
249 1337 439 1403 transitorio
462 1342 497 1403 et
520 1337 626 1402 obiter
649 1337 889 1415 committatur3
914 1337 1012 1403 immo
1036 1339 1137 1404 etiam
1160 1342 1271 1405 tactus
1289 1340 1421 1406 obsceni

93 1426 127 1490 in
150 1425 317 1509 proprium
341 1446 473 1509 corpus,
505 1427 532 1490 si
556 1427 625 1491 sine
649 1448 750 1492 causa
773 1433 952 1493 excusante
975 1428 1057 1493 fiunt
1081 1449 1153 1493 curn
1177 1450 1269 1494 mora
1292 1431 1346 1494 vel
1368 1450 1421 1495 re·

94 1515 207 1598 petitis
231 1515 375 1591 vicibus,
406 1536 448 1579 ex
478 1536 514 1580 se
544 1515 692 1595 graviter
720 1515 826 1583 illiciti
853 1515 978 1581 censeri
1008 1516 1128 1583 debent
1158 1521 1272 1602 utpote
1302 1520 1421 1584 efficax

183 1709 223 1775 R.
255 1713 284 1776 3.
340 1708 477 1786 Oscula,
508 1731 591 1791 quae
621 1712 704 1776 fiunt
734 1709 855 1786 obiter,
887 1731 929 1774 ex
959 1731 1059 1775 causa
1088 1709 1226 1776 honesta
1256 1712 1422 1779 salutandi

95 1798 227 1871 amicos,
252 1803 421 1881 cognatos,
446 1798 545 1864 etiam
568 1799 653 1864 inter
676 1799 823 1863 homines
847 1798 966 1863 diversi
991 1820 1099 1876 sexus,
1125 1800 1222 1885 culpa
1245 1806 1368 1879 carent,
1393 1804 1421 1866 si

95 1888 189 1952 modo
213 1887 403 1954 inhonestus
426 1892 550 1965 motus,
576 1888 705 1971 quando
729 1887 872 1953 oriturus
895 1887 953 1965 sit,
978 1908 1019 1952 ne
1043 1889 1251 1973 approbetur.
1299 1890 1332 1956 si
1356 1912 1421 1974 qua

95 1981 204 2042 autem
229 1979 310 2043 fiant
334 1998 406 2042 cum
429 1998 521 2042 mora
544 1981 579 2042 et
602 1977 728 2055 ardore,
759 1983 795 2044 ut
818 1976 989 2042 libidinosa
1013 1977 1162 2060 graviter
1184 1979 1349 2062 prohibita
1372 1979 1421 2045 di·

95 2068 198 2131 cende
221 2069 308 2133 sunt.

184 2155 275 2232 Quod
298 2155 383 2219 idem
408 2154 459 2219 dic
483 2155 522 2219 de
546 2153 759 2238 amplexibus.

184 2261 222 2328 R.
247 2265 278 2328 4.
325 2261 432 2339 Quare
463 2261 562 2327 ctiam
593 2265 702 2327 tactus
732 2283 796 2326 non
826 2261 922 2345 plene
946 2259 1077 2326 obsceni
1101 2261 1170 2327 sine
1194 2284 1294 2328 causa
1317 2262 1421 2329 habiti

95 2351 191 2434 idque
215 2373 288 2416 cum
311 2371 403 2415 mora
426 2351 480 2416 vel
503 2351 636 2429 ardore,
667 2350 754 2416 inter
777 2350 898 2416 diversi
921 2371 1020 2416 sexus
1043 2351 1190 2417 homines
1214 2356 1251 2417 ut
1273 2352 1421 2434 graviter

94 2440 312 2594 {ifflihoei
336 2439 526 2523 prohibendi
549 2444 635 2506 sunt.
682 2440 730 2506 cf.
759 2441 816 2506 lh.
841 2462 881 2506 m.
905 2439 935 2518 I,
961 2442 1041 2516 869;
1066 2440 1099 2506 S.
1124 2440 1321 2525 Alphons.
1346 2442 1367 2507 l.
1391 2463 1418 2508 c.

183 2644 236 2708 Ar>
260 2664 451 2719 Quaasrruu
476 2647 513 2708 2¹²
541 2644 579 2709 R.
607 2647 635 2710 1.
683 2643 716 2708 Si
747 2650 902 2726 ageretur
926 2644 965 2708 de
995 2643 1074 2709 solis
1102 2644 1231 2722 osculis,
1256 2644 1420 2710 salutandi
1430 2661 1483 2715 540

95 2754 194 2799 causa
219 2733 325 2798 obiter
348 2734 434 2799 datis
464 2733 550 2798 inter
573 2754 710 2816 sponsos
741 2734 793 2798 vel
820 2733 985 2799 iunctione
1015 2755 1170 2798 manuum
1197 2734 1294 2799 simili
1324 2733 1420 2800 modo

95 2823 201 2888 obiter
224 2823 330 2888 facta:
362 2823 493 2888 Amalia
516 2824 667 2903 augenda
690 2844 754 2887 non
779 2828 883 2898 esset,
915 2822 977 2888 etsi
1001 2823 1087 2888 forte
1111 2821 1284 2906 aliquoties
1308 2827 1420 2906 turpes

96 2917 202 2979 motus
226 2916 396 2995 pateretur
419 2912 488 2976 sine
512 2932 671 2976 consensu
694 2911 728 2976 in
752 2933 818 2979 ece.

183 3018 222 3084 R.
255 3021 284 3083 2.
332 3017 395 3082 Sed
425 3017 457 3081 in
489 3038 565 3081 casu
597 3017 763 3100 proposito
794 3017 1060 3082 circumstantiae
1090 3020 1245 3083 narratae
1275 3017 1420 3083 indicant

96 3107 203 3190 potius
233 3106 287 3189 agi
312 3107 351 3171 de
375 3106 517 3172 tactibus
548 3107 664 3171 saltem
696 3127 737 3171 ex
767 3127 802 3171 se
832 3107 897 3170 iam
927 3106 1033 3170 minus
1057 3106 1218 3183 honestis,
1250 3127 1290 3171 ne
1314 3106 1419 3171 dicam

95 3198 192 3280 plane
215 3196 404 3264 inhonestis.
451 3194 542 3271 Quod
566 3195 593 3258 si
617 3196 664 3261 ita
688 3200 755 3270 est,
786 3217 851 3260 non
874 3195 944 3259 sola
967 3195 1113 3271 Amalia,
1145 3195 1202 3259 sed
1226 3196 1326 3261 etiam
1349 3195 1420 3260 sine

95 3287 191 3352 dubio
207 3286 334 3350 iuvenis
352 3285 407 3350 ille
423 3284 654 3368 experiebatur
668 3284 873 3349 libidinosam
890 3283 1138 3359 excitationem
1162 3285 1261 3348 immo
1276 3284 1420 3349 fortasse

95 3397 136 3440 ex
152 3376 282 3440 actione
298 3375 380 3439 clam
405 3378 439 3439 et
462 3395 535 3439 cum
556 3374 672 3438 ardore
689 3374 778 3439 facta
801 3373 872 3457 ipsa
891 3393 983 3438 mens
1006 3394 1063 3438 seu
1086 3372 1225 3439 intentio
1248 3372 1420 3438 libidinosa

95 3470 167 3531 erat
190 3463 375 3529 manifesta.
422 3463 473 3527 Ex
498 3484 561 3544 quo
592 3462 671 3526 illud
695 3462 794 3529 etiam
819 3461 976 3540 efficitur,
1007 3466 1044 3527 ut
1066 3461 1198 3527 Amalia
1226 3483 1291 3527 non
1315 3463 1419 3528 solum

95 3575 157 3619 non
186 3574 301 3636 agere,
333 3552 390 3618 sed
420 3574 462 3616 ne
491 3551 681 3635 permittere
705 3551 835 3633 quidem
863 3550 969 3636 possit
998 3551 1155 3617 eiusmodi
1185 3555 1311 3618 tactus:
1343 3557 1420 3618 sunt

95 3644 177 3709 enirn
196 3663 295 3707 causa
311 3643 430 3707 efficax
453 3640 594 3705 libidinis
617 3641 769 3723 propriae
792 3645 825 3706 et
848 3640 1009 3706 rationem
1032 3640 1178 3706 scandali
1200 3641 1324 3707 habent
1340 3662 1420 3723 erga

94 3733 244 3798 alterum.

183 3821 298 3903 Neque
327 3841 402 3904 spes
432 3817 630 3884 matrimonii
660 3817 723 3883 sibi
746 3818 938 3884 favorabilis
961 3818 1112 3884 Amaliae
1141 3818 1191 3883 ius
1215 3819 1273 3884 dat
1300 3819 1419 3901 agendi

94 3911 225 3995 ahquid,
250 3911 336 3994 quod
359 3910 391 3974 in
416 3929 451 3974 se
473 3908 737 3993 peccaminosum
761 3912 822 3975 est.

181 4017 222 4084 R.
254 4021 283 4083 3.
336 4015 467 4080 Amalia
496 4014 598 4097 igitur
626 4014 774 4098 graviter
803 4013 983 4097 obligatur,
1015 4017 1053 4079 ut
1082 4013 1240 4079 eiusmodi
1269 4017 1417 4080 tactuum

94 4110 247 4171 conatum
277 4105 426 4187 repellat.
473 4105 575 4168 Immo
606 4124 679 4168 cum
709 4104 782 4187 ipsa
811 4104 868 4169 illa
899 4103 1105 4169 conversatio
1135 4105 1194 4169 fiat
1224 4103 1294 4168 sine
1320 4106 1417 4174 teste.

93 4195 176 4261 satis
199 4195 253 4259 diu
277 4192 504 4277 protrahatur,
536 4194 631 4257 modo
655 4193 750 4258 nimis
774 4192 928 4259 familiari
951 4193 1159 4270 instituatur,
1191 4192 1320 4257 omnino
1349 4212 1418 4254 mo·

94 4285 201 4349 nenda
224 4287 275 4349 est
297 4282 443 4358 Amalia‚
475 4302 515 4345 ne
542 4281 692 4347 iuvenem
717 4282 857 4366 amplius
880 4282 922 4347 ad
946 4281 1227 4347 conversationem
1252 4279 1417 4353 admittat,

93 4373 155 4438 nisi
178 4394 253 4438 raro
277 4377 312 4438 et
334 4372 490 4445 breviter,
515 4390 598 4435 neve
621 4371 816 4438 admittatur
839 4371 901 4436 nisi
924 4371 1031 4453 palam
1057 4371 1110 4435 vel
1134 4391 1243 4435 coram
1267 4368 1416 4434 testibus.

93 4463 165 4528 Hae
189 4462 337 4527 cautelae
368 4462 395 4525 si
426 4460 637 4538 adhibentur,
668 4481 771 4541 grave
798 4460 976 4544 periculum
1000 4459 1181 4537 exsulabit,
1212 4457 1358 4523 simodo
1382 4478 1417 4521 re

93 4552 164 4634 ipsa
187 4572 264 4635 spes
287 4550 484 4616 matrimonii
515 4549 601 4615 inter
624 4550 786 4614 Amaliam
811 4554 845 4614 et
868 4549 1016 4614 iuvenem
1042 4548 1189 4626 exsistit,
1221 4568 1285 4612 non
1308 4567 1417 4611 merus

94 4661 186 4706 amor
209 4661 315 4706 vanus
338 4640 391 4704 vel
415 4638 531 4722 turpis.
601 4638 648 4704 Cf.
674 4638 796 4704 Elbel
819 4639 841 4704 l.
865 4660 892 4705 c.
918 4660 949 4705 n.
976 4641 1038 4704 198
1055 4659 1125 4720 sqq.

1150 4739 1203 4795 18*
