3106 5168
161 285 226 349 488
299 278 340 333 De
358 278 506 333 virtutibus
524 280 552 331 at
570 277 668 331 officiis
686 293 752 345 erga
771 275 900 331 hominos.
920 307 953 316 —
973 275 1025 330 off.
1044 275 1118 332 circa
1135 277 1205 332 bona
1223 280 1347 333 externa

100 473 152 527 959
251 462 304 520 Aa
335 475 526 531 avnnsrruu
550 457 589 518 2¹²
613 454 650 520 R.
678 457 706 520 l.
760 452 794 518 Si
827 453 861 518 in
894 453 1012 519 Alcimi
1043 455 1152 539 patria
1184 454 1254 520 eius
1287 460 1380 523 ortus
1412 461 1483 522 erat

162 545 290 630 publice
313 548 428 622 notus,
460 545 584 611 Brutus
607 542 769 609 narrando
793 562 861 607 rem
885 543 963 607 alibi
990 564 1054 608 non
1078 544 1228 627 peccavit
1251 550 1368 612 contra
1391 545 1483 612 iusti·

162 635 253 701 tiam.
286 634 387 698 Immo
411 633 443 697 in
466 632 528 698 hoc
552 653 629 698 casu
645 637 759 698 nostra
775 634 886 696 aetate
902 653 977 697 raro
1001 635 1048 710 fit,
1073 637 1110 698 ut
1126 633 1213 710 alibi,
1230 633 1251 699 i.
1268 654 1297 701 e.
1314 635 1348 699 in
1365 634 1483 701 Alcimi

163 722 323 789 domicilio
347 743 401 786 res
431 721 536 806 possit
558 741 691 785 manere
722 721 860 786 occulta.
906 720 1027 798 Quodsi
1056 721 1158 803 igitur
1186 723 1374 806 praevideri
1404 725 1485 790 satis

161 810 306 896 potuerit
336 832 404 876 rem
428 811 520 876 brevi
554 809 762 875 manifestam
793 809 863 874 fore
894 813 993 891 atque
1023 810 1194 894 syndicum
1226 811 1361 895 eiusque
1384 812 1483 878 filiam

162 922 198 967 se
222 900 376 984 deceptos
399 920 472 965 esse
496 899 657 974 dicturos;
690 899 813 963 Brutus
836 920 900 963 non
923 898 1032 983 palam
1056 899 1202 982 quidem,
1227 901 1285 966 sed
1309 923 1383 966 curn
1408 924 1485 985 syn·

163 989 235 1056 dico
265 988 421 1074 privatim
453 989 501 1053 rei
531 987 706 1053 veritatem
739 987 810 1051 aina
842 987 907 1052 ullo
937 992 1072 1072 peccato
1103 990 1343 1056 communicare
1366 991 1484 1075 potuit.

162 1080 271 1161 Atque
294 1078 342 1143 ita
366 1077 488 1161 optime
511 1076 629 1152 faciet;
654 1096 729 1141 narn
753 1076 781 1140 si
804 1097 857 1141 res
880 1082 1006 1160 postea,
1024 1078 1231 1144 matrimonio
1247 1079 1340 1158 inito,
1365 1101 1485 1164 propa·

162 1169 260 1243 latur,
285 1167 449 1233 timendae
472 1171 549 1233 sunt
572 1165 787 1247 gravissimae
811 1167 974 1248 sequelae.

252 1274 290 1339 R.
316 1277 346 1339 2.
393 1272 513 1348 Quodsi
542 1292 659 1337 revera
683 1271 887 1336 condiciones
911 1276 1007 1337 erant
1029 1273 1130 1348 talea,
1162 1273 1256 1338 utin
1279 1275 1404 1340 actuali
1428 1272 1486 1339 Al·

163 1362 238 1427 cimi
262 1361 424 1428 domicilio
447 1383 501 1426 res
517 1360 765 1444 praevideretur
781 1382 935 1426 mansura
958 1361 1089 1443 ignota:
1114 1362 1237 1427 Brutus
1260 1367 1379 1428 contra
1402 1364 1485 1429 cari·

162 1455 266 1517 tatem
290 1451 438 1534 graviter
462 1450 623 1534 peccavit,
648 1448 718 1514 sine
741 1450 828 1516 iusta
852 1471 951 1516 causa
974 1451 1135 1515 Alcimum
1158 1450 1191 1516 in
1214 1451 1430 1534 ignominiam
1453 1458 1485 1518 et

162 1541 196 1694 {n
225 1561 334 1693 grgvril
341 1541 511 1694 4damrgr(1)m
541 1539 722 1622 temporale
751 1538 917 1605 inducens.
964 1539 1011 1605 cf.
1041 1541 1096 1606 Tb.
1121 1563 1162 1607 m.
1187 1540 1211 1618 Ι,
1239 1543 1342 1619 1181;
1374 1542 1485 1624 Lugo

177 1650 236 1695 .c.
286 1681 292 1694 .
385 1650 415 1694 n.
487 1681 494 1695 .

251 1734 290 1800 R.
315 1738 346 1801 3.
392 1735 495 1799 Immo
525 1734 551 1799 si
581 1733 772 1816 illegitimus
804 1734 922 1799 Alcimi
952 1739 1044 1800 ortus
1074 1734 1173 1801 etiam
1212 1735 1245 1799 in
1275 1735 1347 1800 eius
1378 1736 1486 1819 patria

163 1829 236 1889 erat
259 1827 404 1907 occultus,
428 1824 448 1890 i.
474 1845 501 1890 e.
526 1823 637 1906 paucis
661 1823 790 1888 omnino
814 1828 920 1900 notua,
945 1844 1015 1888 rem
1030 1824 1243 1889 manifestare
1259 1830 1377 1892 contra
1393 1826 1485 1890 iusti·

162 1913 243 1979 tiam
268 1915 356 1990 erat;
389 1920 488 1994 atque
511 1913 632 1979 Brutus
655 1912 814 1977 obnoxius
840 1912 946 1978 evasit
976 1913 1168 1996 reparandis
1195 1913 1323 1978 damnis
1356 1920 1484 1998 tempo·

162 2001 302 2081 nalitus,
327 2023 410 2084 quae
433 2001 633 2085 loquacitate
656 2022 716 2066 sna
739 2001 905 2079 consevit,
930 2001 958 2066 si
981 2002 1076 2067 modo
1099 2004 1181 2068 haec
1197 2002 1365 2086 praevidit
1388 2007 1486 2087 atque

163 2091 278 2174 culpae
301 2091 552 2158 committendae
575 2091 636 2156 sibi
659 2090 742 2157 satis
765 2090 913 2156 conscius
935 2090 1007 2157 fuit.

634 2306 904 2373 DIFFAMATIO
928 2308 1012 2392 (ΙΙΙ).

718 2447 829 2513 Casus.
857 2454 932 2523 (296)

252 2578 458 2654 Artaphanea,
497 2577 659 2636 scribendis
688 2578 821 2637 historiis
848 2579 996 2649 intentus,
1032 2598 1097 2637 cum
1126 2578 1245 2638 divorsa
1273 2580 1400 2638 archiva
1426 2600 1487 2657 per·

163 2658 313 2728 luatraret‚
335 2658 446 2733 reperit
466 2658 650 2732 assignatum
667 2659 778 2717 factum
800 2660 873 2718 certi
888 2659 945 2717 viri
965 2659 1099 2727 illustris,
1121 2659 1206 2734 quod,
1229 2678 1295 2717 cnm
1310 2661 1405 2719 vitam
1426 2662 1487 2720 eins

163 2738 311 2814 privatam
332 2738 448 2796 macula
469 2738 552 2811 gravi
575 2745 755 2814 aspergeret,
777 2739 849 2814 ipsa,
873 2740 939 2797 dum
963 2739 1086 2808 viveret,
1108 2739 1150 2797 ita
1171 2740 1255 2797 novit
1273 2741 1436 2809 occultare,
1457 2749 1488 2798 ut

164 2818 251 2895 pauci
279 2818 433 2876 admodum
462 2817 492 2876 in
516 2819 557 2875 rei
579 2819 713 2877 notitiam
736 2820 887 2888 venirent,
916 2839 1010 2894 neque
1031 2820 1182 2895 hucusque
1203 2821 1300 2879 evasit
1322 2821 1486 2896 publicum;

164 2899 287 2956 alterius
316 2898 403 2956 etiam
433 2898 614 2956 celeberrimi
642 2899 698 2957 viri
728 2919 852 2975 poenam
873 2900 1073 2957 diffamantem
1095 2919 1113 2957 a
1134 2900 1229 2958 iudica
1253 2901 1424 2976 impositam
1444 2922 1486 2959 re.-

163 2978 241 3055 perit
261 2984 403 3049 notatam,
426 2979 509 3036 cuius
530 2979 573 3036 rei
595 2979 700 3037 notitia
716 3000 733 3036 a
748 2980 866 3037 saeculo
889 2986 919 3037 et
940 2980 1017 3038 ultra
1033 2979 1172 3038 oblivioni
1194 2981 1312 3038 ornnino
1329 2982 1401 3040 data
1416 2988 1487 3040 erat.

164 3061 369 3135 Artaphanes‚
399 3065 431 3117 ut
452 3058 571 3116 veritati
593 3059 719 3129 serviat,
743 3066 896 3134 utrumque
918 3060 991 3117 facit
1011 3060 1121 3136 publici
1142 3060 1231 3130 inme,
1254 3065 1343 3135 atque
1365 3062 1409 3121 ita
1430 3082 1486 3120 non

164 3140 271 3197 leviter
292 3139 414 3197 offendit
434 3139 587 3214 utriusque
608 3139 666 3197 viri
687 3145 830 3214 posteros,
853 3140 902 3215 qui
924 3140 1091 3198 etiamnunc
1112 3139 1205 3198 vitam
1227 3141 1346 3215 degunt.

166 3244 341 3314 Quannrrna
362 3246 391 3303 1⁰
417 3246 485 3321 quid
506 3246 595 3303 liceat
616 3246 862 3321 historiographis
885 3247 963 3304 circa
978 3266 1073 3304 rerum
1088 3246 1289 3305 narrationem
1311 3247 1341 3305 in
1357 3247 1487 3306 archivis

417 3327 661 3384 delitescentium.

362 3416 393 3471 2⁰
418 3435 486 3472 nurn
509 3416 556 3472 vel
578 3415 721 3490 quomodo
743 3415 932 3490 Artaphanes
958 3415 989 3472 in
1011 3416 1129 3473 casibus
1155 3414 1284 3474 narratis
1308 3417 1487 3492 peccaverit.

758 3596 891 3664 Salutio.

103 3742 156 3796 960
255 3731 702 3804 acceleraverat
749 3731 911 3814 Imprimis
935 3730 1039 3795 teneri
1072 3731 1168 3796 debet
1192 3731 1290 3796 etiam
1316 3732 1488 3801 defunctos

166 3818 308 3883 rotinere
331 3818 380 3881 ins
404 3819 445 3883 ad
469 3820 607 3896 famam,
633 3824 666 3885 et
690 3821 839 3901 quamvis
863 3820 968 3883 minus
992 3820 1139 3901 graviter
1162 3826 1315 3903 peccetur
1339 3822 1488 3888 diffama-

167 3907 255 3972 tione
279 3912 479 3971 mortuornm
511 3929 607 3989 quarn
639 3909 672 3972 in
707 3910 792 3973 vivis
825 3910 1028 3990 degentium,
1060 3915 1170 3975 tamen
1202 3911 1362 3976 detractio
1398 3913 1488 3976 inre

166 3997 260 4079 gravi
284 3997 383 4061 etiarn
407 3997 511 4060 relate
536 3999 576 4061 ad
601 3999 771 4063 defunctos
795 4020 815 4061 a
838 4003 972 4080 peccato
1005 3999 1135 4063 mortali
1168 4021 1231 4062 non
1255 4003 1307 4064 est
1331 4001 1487 4077 immune;

165 4087 262 4167 idque
286 4086 481 4151 censendum
513 4091 579 4162 est,
614 4087 712 4151 etiarn
745 4089 873 4168 quando
905 4087 1083 4152 diffamatio
1113 4088 1146 4150 in
1169 4088 1263 4152 vivos
1293 4093 1489 4172 superstites

166 4177 351 4241 nullatenus
381 4175 551 4241 redundat.
606 4176 676 4239 Hoc
709 4197 786 4239 vero
820 4176 934 4240 sentiri
957 4181 1082 4257 potest,
1119 4199 1191 4240 cum
1224 4177 1362 4243 alicuius
1397 4181 1488 4263 lapsu

166 4265 288 4330 referre
317 4265 412 4328 simul
443 4264 511 4328 eius
543 4264 702 4328 sinceram
733 4266 977 4329 conversionem
1015 4271 1049 4330 et
1079 4266 1314 4347 paenitentiam
1352 4290 1487 4350 gravem

167 4354 302 4419 alicuius
326 4354 471 4419 defuncti
496 4353 729 4417 detractionem
755 4354 950 4435 regulariter
974 4377 1037 4418 non
1062 4375 1142 4419 esso.

256 4461 294 4525 R.
320 4463 349 4526 2.
383 4461 473 4536 Quod
498 4459 618 4524 attinet
641 4460 751 4522 adres
769 4461 932 4541 praesenti
950 4465 1096 4543 ternpore
1114 4462 1260 4543 publicas
1280 4469 1373 4530 recte
1398 4468 1490 4531 notat

168 4548 198 4612 S.
224 4549 338 4630 Alph.
364 4552 406 4614 Η.
433 4557 530 4633 apost.
556 4552 596 4612 tr.
619 4552 656 4611 ll
684 4571 713 4612 n.
733 4552 793 4622 13:
824 4551 915 4624 „Non
939 4551 1137 4632 prohibetur,
1162 4550 1237 4631 quin
1263 4551 1411 4618 historici
1436 4555 1489 4618 de·

166 4636 244 4700 licta
268 4638 396 4718 publiea
420 4638 605 4704 describant
628 4661 665 4702 er
689 4641 750 4701 solo
772 4639 875 4719 foeto“
897 4643 996 4720 atque
1019 4640 1066 4704 ita
1083 4661 1193 4704 eorum
1211 4640 1488 4708 oblitterationem
