3106 5168
373 296 516 351 censurae.
537 326 571 334 -
591 296 840 351 Excommunioatio
859 314 895 350 ex
912 313 996 350 causa
1013 297 1137 348 haeresia.
1349 298 1414 361 517

92 473 197 550 verit,
227 494 332 555 eaque
361 472 523 539 ordinarie
552 493 617 537 non
647 472 773 539 tollitur
802 471 864 536 nisi
895 471 1135 556 dispensatione
1165 493 1185 537 a
1210 475 1418 554 competente

92 562 261 647 superiore
284 562 383 628 facta.

184 660 222 725 lt.
246 661 275 726 2.
321 659 392 724 Lex
415 658 557 743 positiva
579 658 754 742 prohibens
777 680 862 723 nunc
884 659 956 724 sola
978 662 1031 724 est
1053 656 1243 724 constitutio
1270 658 1417 741 „Officio-

93 772 168 815 rum
191 771 229 813 oc
251 748 438 814 lacernarum!t
465 748 494 814 d.
520 748 550 813 d.
576 752 617 812 25
642 747 709 813 Ian.
737 750 838 823 1897,
869 768 966 829 quam
990 746 1101 813 videre
1124 747 1202 812 licet
1229 747 1284 812 Th.
1309 769 1349 813 m.
1374 746 1417 824 ΙΙ,

93 837 233 921 append.
258 837 329 902 lin
352 838 425 902 fine.
474 837 594 901 Verum
625 857 749 918 poenae
779 840 926 902 statutae
955 848 1033 902 sunt
1061 836 1238 900 secundum
1268 856 1416 901 normam

94 925 340 992 constitutionis
370 928 567 1011 Apostolicae
596 928 705 1006 Sedis,
738 945 821 1006 quae
851 924 996 991 intactae
1025 929 1232 1002 manserunt,
1264 924 1418 990 videlicet

94 1014 386 1081 excommunicatio
403 1014 538 1098 speciali
561 1014 655 1079 modo
672 1015 819 1079 Romano
835 1014 985 1081 Pontifici
1008 1018 1180 1079 reservata
1195 1013 1271 1094 (ser.
1289 1014 1314 1090 I,
1335 1035 1365 1079 n.
1382 1015 1417 1093 2)

95 1109 211 1170 contra
232 1125 299 1180 eos,
323 1103 377 1185 qui
400 1104 524 1185 legunt,
548 1103 702 1176 retinent,
727 1102 931 1186 imprimunt,
956 1103 1196 1185 quomodolibet
1220 1103 1416 1168 defendunt:

97 1193 131 1272 1)
144 1194 244 1258 libros
257 1197 483 1276 apostatarum
497 1192 549 1256 vel
566 1192 804 1257 haereticorum
821 1191 981 1257 haeresim
998 1195 1253 1275 propugnantes,
1271 1192 1305 1274 2)
1318 1191 1418 1256 libros

95 1303 155 1367 per
187 1281 384 1365 apostolicas
413 1282 543 1347 litteras
570 1280 761 1346 nominatim
791 1281 988 1364 prohibitam
1021 1281 1093 1346 dein
1124 1279 1418 1346 excommunicatio

95 1370 218 1435 nemini
240 1375 411 1436 reservata
434 1369 511 1449 (ser.
528 1370 585 1444 IV,
609 1373 685 1453 post
708 1392 738 1434 n.
763 1374 784 1434 4
808 1390 849 1434 ex
873 1370 961 1435 Trid.
986 1390 1065 1436 sess.
1091 1371 1110 1433 4
1136 1370 1176 1434 de
1199 1369 1275 1436 edit.
1300 1374 1335 1436 et
1357 1389 1419 1434 usu

95 1481 183 1525 sacr.
207 1459 376 1541 librorum)
400 1464 516 1524 contra
539 1479 609 1535 eos,
634 1459 688 1540 qui
716 1458 905 1542 imprimunt
929 1459 980 1524 vel
1005 1458 1147 1542 imprimi
1170 1457 1295 1525 faciunt
1317 1457 1420 1522 libros

96 1550 129 1616 S.
155 1549 343 1631 Scripturas
374 1568 529 1613 eorumve
559 1548 810 1613 commentarios
834 1548 888 1612 vel
911 1548 1139 1613 adnotationes
1163 1548 1234 1612 sine
1257 1548 1420 1631 approba·

95 1637 186 1703 tione
210 1635 374 1702 ordinarii.
1304 1662 1306 1666 ³

186 1749 239 1814 An
255 1770 446 1826 quansmuu
463 1751 501 1813 2m
524 1749 563 1814 R.
583 1753 611 1814 1.
651 1748 743 1825 Quod
766 1750 808 1814 ad
831 1749 930 1814 libros
947 1749 1139 1816 Tertulliani
1164 1749 1294 1826 attinet,
1320 1750 1419 1817 etiarn
1432 1761 1476 1817 101

96 1860 164 1912 eos,
189 1860 269 1920 quos
291 1839 356 1903 iam
373 1837 575 1903 Montanista
598 1837 707 1904 factus
730 1839 862 1921 scripsit
885 1843 1001 1903 contra
1016 1839 1210 1903 catholicam
1228 1839 1420 1918 doctrinam,

95 1928 274 2013 probabilis
291 1931 342 1993 est
357 1927 586 2010 interpretatio
603 1926 809 2004 (D'Annib.
834 1928 855 1994 l.
873 1949 899 1992 c.
919 1948 950 1992 n.
969 1930 1010 1993 35
1026 1931 1095 1992 not.
1113 1929 1147 2003 4;
1172 1928 1421 2007 Pennacchi,

99 2019 267 2086 Comnrent.
285 2020 319 2081 in
335 2025 429 2082 conat.
450 2018 577 2102 ,Apoct
594 2018 688 2082 Serv
709 2037 781 2099 app.
799 2016 856 2094 ΙΙΙ,
877 2019 956 2091 132;
981 2016 1108 2098 Lugo,
1126 2018 1175 2081 De
1187 2017 1250 2099 fide
1267 2017 1347 2100 disp.
1366 2020 1419 2096 21,

97 2127 130 2172 n.
146 2107 201 2186 29)
215 2111 362 2171 veterum
375 2105 612 2170 baereticorum
627 2105 736 2182 libros,
754 2105 808 2186 qui
821 2110 1060 2170 consueverunt
1074 2105 1160 2169 inter
1172 2126 1272 2188 opera
1285 2106 1420 2172 Petrum

97 2195 161 2271 edi,
185 2215 249 2258 non
266 2193 378 2259 haberi
400 2215 459 2277 pro
476 2193 656 2277 prohibitis,
682 2215 754 2259 cum
771 2215 898 2258 errores
914 2194 1079 2259 obsoletos
1095 2193 1292 2272 contineant,
1317 2194 1421 2261 histo·

96 2283 167 2349 rica
184 2284 379 2348 documenta
395 2283 498 2348 utilia.
539 2282 743 2366 Quapropter
759 2305 801 2347 ex
820 2283 933 2347 horum
957 2283 1097 2347 lectione
1111 2283 1332 2364 Leodegarius
1355 2305 1421 2349 non

67 2448 75 2463 ι
96 2377 251 2438 censetur
267 2371 633 2436 excommunicationem
657 2372 849 2448 incurrisse3
875 2393 978 2454 neque
994 2376 1165 2455 peccatum
1186 2372 1333 2450 incurrit,
1358 2373 1421 2437 nisi

97 2460 290 2543 cognoverit
306 2461 360 2525 vel
382 2460 551 2543 putaverit
573 2460 634 2525 sibi
651 2482 693 2526 ex
710 2481 820 2525 eorum
840 2460 980 2526 lectione
1003 2461 1171 2526 imminere
1186 2462 1374 2544 periculum.

187 2567 226 2632 lt.
249 2570 279 2632 2.
319 2566 433 2632 Libros
456 2566 581 2631 Calvini
604 2566 690 2631 inter
713 2587 769 2631 eos
793 2588 875 2644 esse,
900 2567 955 2648 qui
978 2567 1012 2631 in
1034 2567 1124 2632 bulla
1147 2569 1255 2654 Apost.
1274 2570 1359 2650 Sed„
1384 2571 1424 2633 ut

97 2677 208 2738 supra,
233 2663 454 2729 recensentur,
480 2654 695 2720 certissimum
712 2659 779 2731 est;
804 2660 881 2721 sunt
904 2658 989 2720 enim
1013 2656 1046 2721 in
1062 2677 1110 2733 eo,
1135 2660 1172 2721 ut
1195 2656 1348 2723 haereses
1364 2657 1422 2723 de·

97 2745 252 2821 tendant,
278 2745 466 2809 convellant
489 2745 681 2810 catholicam
707 2744 906 2820 doctrinam
931 2750 1132 2829 quapropter
1155 2766 1196 2811 ex
1221 2767 1331 2811 eorum
1354 2747 1424 2812 lec·

97 2835 188 2900 tione
210 2832 431 2915 Leodegarius
455 2833 789 2899 excommunicatione
813 2837 953 2900 tenetur.

189 2938 227 3004 R.
262 2944 291 3003 3.
347 2938 463 3020 Neque
495 2938 707 3003 dubitandum
740 2943 792 3004 est
826 2939 926 3003 libros
959 2939 1069 3004 Kantii
1105 2939 1356 3020 Regiomontani
1387 2939 1421 3003 in

98 3027 213 3093 eodem
237 3026 349 3091 ordine
372 3047 445 3091 esso
467 3027 644 3110 ponendos.
691 3027 777 3092 Nam
803 3033 880 3093 sunt
914 3028 945 3109 1)
974 3027 1048 3092 libri
1078 3028 1217 3092 hominis
1247 3027 1420 3104 haeretici;

99 3116 153 3198 qui
178 3116 262 3179 enim
294 3137 313 3179 a
345 3115 522 3181 nativitate
554 3116 596 3180 ad
627 3120 750 3181 sectam
783 3115 981 3180 haereticam
1014 3117 1259 3198 pertinuerunt,
1292 3117 1325 3182 in
1349 3117 1422 3182 foro

98 3205 267 3270 Ecclesiae
289 3225 348 3287 pro
372 3203 546 3269 haereticis
569 3204 743 3280 habentur,
774 3205 942 3286 nequead
967 3205 1069 3270 solarn
1094 3205 1255 3270 internam
1277 3210 1420 3270 rnentom

97 3315 152 3359 res
177 3293 288 3358 deduci
313 3297 438 3376 potest;
471 3296 504 3373 2)
530 3293 602 3357 libri
626 3293 673 3357 illi
697 3293 766 3358 sine
790 3294 886 3358 dubio
909 3293 996 3360 iuter
1019 3315 1146 3359 errores
1170 3294 1420 3378 philosophicos,

99 3404 181 3466 quos
204 3387 427 3466 propugnant,
459 3382 558 3447 etiam
583 3403 638 3447 eos
666 3383 849 3457 continent,
880 3382 936 3464 qui
959 3388 1072 3448 errant
1101 3384 1132 3448 in
1156 3385 1253 3448 rebus
1282 3383 1359 3447 fidei
1387 3390 1422 3450 et

98 3477 216 3538 contra
245 3471 401 3537 articulos
431 3471 507 3535 fidei
537 3470 726 3538 catholicae.
773 3471 978 3556 Quapropter
1008 3493 1120 3536 eorum
1151 3472 1247 3538 lectio
1277 3472 1337 3536 sub
1363 3492 1421 3536 ex·

98 3559 390 3626 communicatione
414 3562 447 3624 2·
475 3580 538 3625 ser.
564 3560 616 3624 11⁸·
641 3564 744 3627 const.
772 3565 881 3647 Apost.
906 3562 999 3626 Sedis
1029 3560 1192 3643 prohibita
1222 3566 1288 3637 est,
1321 3566 1422 3644 atque

98 3648 319 3731 Leodegarius
342 3648 426 3714 hanc
453 3647 589 3714 incurrit
616 3649 715 3714 etiam
740 3670 781 3714 ex
805 3650 918 3714 horum
942 3649 1099 3727 lectione,
1130 3650 1193 3715 nisi
1222 3649 1420 3731 ignorantia,

99 3739 162 3806 etsi
187 3739 272 3804 forte
296 3737 458 3821 culpabili,
483 3739 544 3803 hac
567 3738 599 3801 in
623 3757 659 3802 re
682 3737 892 3805 laboraverit.

188 3842 227 3909 R.
247 3845 278 3909 4.
326 3842 435 3926 Opera
458 3842 618 3907 Hermesii
643 3842 713 3907 sine
736 3842 833 3908 dubio
856 3843 1009 3909 haereses
1033 3843 1201 3911 continent
1224 3850 1323 3927 atque
1346 3855 1476 3929 pro-10]

98 3935 258 4018 pugnant.
304 3931 421 4012 Neque
444 3936 554 3998 tamen
579 3932 648 4015 ipse
671 3933 796 3997 censeri
821 3933 917 3999 debet
940 3933 1135 4010 haereticus,
1160 3956 1232 3999 cum
1249 3934 1421 4000 defunctus

98 4026 189 4088 esset
218 4042 256 4086 eo
287 4024 450 4103 tempore,
482 4042 545 4102 quo
569 4041 669 4104 opera
692 4042 712 4084 a
736 4022 767 4086 S.
794 4021 876 4087 Sede
899 4023 1194 4105 proscriberentur,
1227 4023 1422 4104 minimeque

99 4114 230 4177 constet
259 4130 332 4174 eum
362 4109 575 4192 pertinaciter
605 4130 743 4175 errasse.
791 4111 911 4175 Verum
945 4112 1073 4193 quidem
1107 4117 1158 4177 est
1188 4112 1257 4176 eius
1288 4132 1420 4194 operum

98 4204 227 4285 partem
258 4202 334 4282 post
364 4198 432 4263 eius
462 4204 600 4264 mortem
624 4199 665 4264 ab
689 4199 762 4264 aliis
785 4221 858 4265 esse
881 4200 1018 4276 editam;
1050 4202 1106 4265 sed
1138 4222 1178 4264 ne
1208 4201 1268 4264 hos
1291 4200 1421 4282 quidem

100 4289 257 4364 editores,
281 4288 360 4353 licet
383 4287 488 4352 minus
512 4287 651 4369 ingenue
675 4288 803 4369 egerint
825 4289 858 4353 in
882 4289 1031 4355 tenendis
1054 4296 1088 4355 et
1111 4289 1330 4373 propagandis
1353 4289 1421 4353 suis

99 4377 274 4454 erroribus,
298 4376 384 4441 inter
400 4377 582 4442 haereticos
598 4398 769 4442 recensere
785 4378 872 4444 licet.
911 4378 1116 4462 Quapropter
1131 4399 1195 4442 non
1212 4378 1422 4443 verificantur

99 4488 213 4533 omnes
237 4466 451 4544 condiciones,
476 4465 615 4548 quaein
640 4471 743 4532 const.
768 4468 875 4551 Apoct.
899 4469 972 4534 Sed.
997 4472 1238 4544 enumerantur,
1263 4471 1300 4533 ut
1322 4467 1421 4532 lectio

98 4556 174 4623 libri
203 4554 341 4622 alicuius
371 4556 430 4620 sub
461 4554 795 4620 excommunicatione
825 4556 1036 4638 prohibeatur
1059 4577 1101 4620 ex
1128 4556 1240 4622 titulo:
1272 4556 1421 4638 legentes

98 4646 201 4712 libros
224 4646 453 4710 baereticorum
476 4644 635 4709 baeresim
660 4650 914 4727 propugnantes.
