3106 5168
278 257 404 314 Virtutes
421 275 483 314 cum
502 259 592 314 debito
611 259 707 314 morali
725 264 847 317 tantum:
871 264 1006 316 Vercellas
1025 263 1136 331 eiusque
1154 261 1247 317 laesio.
1361 266 1426 331 233

189 435 230 504 R.
248 438 279 503 3.
319 435 496 504 Restrictio
514 437 582 504 late
600 437 753 504 mentalis
769 459 834 503 non
854 443 907 505 est
921 437 1052 523 proprie
1068 439 1190 506 dictum
1205 439 1489 517 mendacium;456

100 524 310 592 nihilominus
338 525 508 593 mendacio
538 526 742 608 aequivalet,
773 528 903 611 quando
931 528 1140 611 interrogans
1171 528 1222 595 ius
1252 529 1353 596 habet
1385 529 1428 596 ad

100 615 232 699 plenam
254 620 290 682 et
311 620 461 699 apertam
477 615 669 693 veritatem
693 616 775 682 alias
791 616 868 683 licet
892 637 932 683 ea
954 616 1003 683 uti
1026 638 1068 683 ex
1090 616 1179 684 insta
1194 637 1304 698 causa,
1328 617 1427 684 immo

99 725 158 788 pro
176 703 431 770 circumstantiis
446 703 593 770 adhiberi
609 704 716 772 debet.
750 705 849 771 Ratio
872 710 935 784 est,
958 705 1036 789 quia
1057 706 1178 774 locutio
1202 728 1275 772 cnm
1293 706 1427 774 restric-

99 793 190 860 tione
212 794 282 860 late
303 793 440 860 mentali
469 815 535 859 non
565 797 617 860 est
639 793 857 861 determinate
880 795 983 874 falsa,
1012 794 1173 878 siquidem
1195 817 1310 862 sensus
1337 797 1427 863 locu·

99 881 199 948 tionis
223 902 244 947 a
259 882 375 965 quovis
390 881 631 949 rationabiliter
645 883 730 949 sumi
745 884 843 951 debet
866 888 901 951 et
923 883 1063 951 sumitur
1078 884 1174 951 simul
1190 905 1233 951 ex
1247 885 1425 961 adiunctis;

99 971 157 1037 sed
181 975 312 1038 tantum
333 992 398 1036 non
416 971 564 1039 continet
577 976 684 1039 totam
699 972 886 1053 veritatem,
910 994 983 1039 cnm
999 994 1078 1058 pars
1093 974 1265 1057 quaedam,
1289 974 1426 1040 circum·

99 1060 235 1137 stantia,
258 1058 390 1127 silentio
413 1066 591 1145 prematur.
636 1061 689 1127 Sic
712 1083 743 1128 v.
768 1083 800 1145 g.
825 1062 880 1145 qui
903 1062 991 1130 circa
1012 1061 1181 1130 meridiem
1203 1063 1427 1148 interrogatus

100 1170 176 1214 num
192 1149 298 1216 ederit
320 1151 513 1232 respondet:
539 1150 664 1234 ,Ncn“,
689 1154 778 1218 certe
801 1172 866 1218 non
888 1152 962 1218 vult
983 1151 1170 1236 significare
1192 1173 1229 1218 se
1250 1174 1425 1236 numquam

99 1238 218 1317 edisse,
240 1239 299 1304 sed
314 1258 350 1303 se
367 1239 540 1322 prandium
555 1238 745 1306 hodiernum
761 1242 903 1307 nondum
919 1242 1113 1326 sumpsisse;
1138 1262 1244 1324 neque
1259 1242 1425 1320 mentitur,

100 1328 163 1394 etsi
186 1331 264 1394 ante
286 1328 402 1393 horam
424 1327 622 1394 ientaculum
646 1329 848 1414 sumpsisset.

189 1425 227 1490 In
257 1424 318 1490 hoc
347 1446 425 1491 casu
448 1426 707 1493 additamentum
731 1427 869 1509 quidem,
895 1427 981 1509 quod
1003 1428 1141 1511 loquens
1162 1431 1271 1494 mente
1294 1427 1425 1506 retinet,

99 1514 158 1579 sed
181 1514 267 1597 quod
290 1515 510 1581 necessarium
533 1522 585 1582 est
608 1516 650 1581 ad
673 1517 803 1600 plenam
827 1517 1014 1597 veritatem,
1046 1517 1144 1584 facile
1167 1538 1188 1582 a
1211 1518 1326 1600 quovis
1348 1538 1426 1602 snp-

99 1603 218 1686 pletur.
265 1603 381 1685 Neque
412 1608 524 1671 tamen
556 1605 590 1670 id
621 1607 700 1671 adeo
729 1606 827 1689 facilc
857 1606 1002 1689 suppleri
1033 1606 1253 1673 necessarium
1286 1611 1353 1683 est,
1389 1611 1427 1672 ut

99 1692 221 1758 locutio
250 1692 295 1759 sit
325 1693 537 1760 emendacio
560 1693 722 1760 immunis.
768 1695 871 1759 Immo
894 1695 1024 1777 quando
1047 1696 1089 1773 is,
1120 1696 1162 1761 ad
1186 1716 1282 1778 quem
1304 1695 1425 1762 locutio

100 1781 263 1864 dirigitur,
286 1781 337 1848 ius
361 1803 424 1848 non
448 1782 548 1849 habet
571 1782 613 1848 ad
636 1784 765 1867 plenam
782 1784 968 1862 veritatem,
992 1785 1051 1851 sed
1072 1784 1216 1851 indebite
1234 1785 1288 1850 vel
1306 1784 1426 1851 iniuste

99 1871 301 1953 interrogat,
325 1871 396 1936 fieri
418 1876 546 1955 potest,
574 1877 611 1938 ut
634 1873 770 1954 loquens
792 1874 931 1939 straediose
954 1874 1062 1940 celare
1084 1873 1190 1959 possit
1212 1874 1266 1940 vel
1288 1873 1426 1941 reticere

100 1959 240 2043 aliquid,
269 1980 332 2042 quo
363 1960 491 2026 demum
521 1960 633 2027 addito
663 1961 881 2028 determinata
910 1967 945 2029 et
973 1963 1072 2047 plena
1100 1962 1225 2030 veritas
1254 1962 1425 2031 habeatur.

100 2049 211 2131 Atque
234 2070 293 2132 pro
317 2048 570 2116 circumstantiis
585 2049 697 2116 licebit
711 2050 856 2133 loquenti
871 2051 1013 2135 positive
1027 2051 1207 2131 intendere,
1231 2073 1273 2118 ne
1290 2053 1427 2118 audiens

99 2138 229 2222 plenam
264 2143 299 2205 et
330 2137 582 2205 determinatam
614 2139 789 2206 veritatem
820 2141 981 2225 percipiat
1013 2142 1067 2207 vel
1099 2141 1199 2209 etiam
1232 2142 1425 2226 suspicetur,

101 2226 294 2310 permittens
325 2225 473 2304 interim,
508 2232 545 2294 ut
579 2229 606 2294 is
641 2249 701 2294 sua
731 2229 864 2313 propria
894 2229 1147 2314 praecipitantia
1181 2230 1214 2295 in
1249 2231 1425 2314 positivum

101 2336 245 2382 errorem
263 2315 421 2384 incurrat.
455 2317 547 2383 Haec
563 2317 749 2383 necessaria
768 2338 841 2384 esse
858 2323 1006 2403 possunt,
1030 2322 1068 2385 ut
1085 2324 1215 2388 secreta
1229 2320 1427 2403 gravissima

100 2408 306 2471 sartatecta
329 2410 511 2472 serventur.
554 2406 715 2491 Exempla
738 2407 895 2473 habemus
917 2407 950 2473 in
974 2408 1069 2474 dictis
1091 2408 1193 2493 ipsius
1217 2409 1336 2476 Christi
1360 2410 1426 2474 Do-

100 2493 177 2560 mini
208 2493 263 2574 (cf.
287 2494 397 2560 Ioan.
424 2497 453 2573 7,
477 2497 512 2574 8;
543 2494 665 2562 Marc.
693 2500 744 2575 13,
766 2497 839 2580 32):
871 2497 987 2578 quibus
1009 2496 1144 2564 evidens
1167 2499 1219 2577 fit,
1243 2519 1307 2564 non
1330 2519 1426 2583 posse

100 2604 228 2648 omnem
252 2583 491 2650 restrictionem
515 2585 690 2652 mentalem
721 2606 795 2651 esse
825 2586 1097 2670 peccaminosam.
1148 2588 1203 2654 ln.
1228 2610 1268 2654 m.
1292 2588 1318 2666 1,
1344 2590 1424 2664 7733

100 2672 132 2738 S.
157 2672 274 2756 Alph.
299 2671 357 2751 Ill,
384 2675 463 2748 152;
489 2674 643 2739 Noldin
667 2675 708 2752 Π,
733 2696 763 2741 n.
790 2677 851 2740 627
870 2696 940 2759 sqq.

190 2779 228 2846 R.
249 2783 279 2846 4.
320 2780 453 2857 Quando
477 2780 547 2845 inre
570 2801 642 2845 meo
666 2802 797 2864 possum
821 2780 989 2864 (videlicet
1012 2803 1054 2847 ex
1073 2804 1172 2848 causa
1189 2782 1428 2849 rationabiliter

100 2867 196 2950 gravi
219 2869 273 2933 vel
296 2867 558 2952 proportionata)
582 2871 690 2935 celare
713 2871 905 2949 veritatem,
936 2876 1135 2938 nontamen
1159 2873 1199 2938 ad
1226 2873 1259 2936 id
1283 2871 1426 2954 obligor:

83 2957 203 3022 'licebit
232 2957 311 3022 mihi
342 2958 389 3024 uti
420 2958 625 3025 restrictione
655 2959 723 3026 late
752 2959 897 3027 mentali.
944 2960 1079 3037 Quando
1112 2983 1153 3027 ex
1186 2961 1295 3043 aliqua
1328 2981 1427 3026 cansa

100 3046 284 3130 propalatio
300 3046 452 3112 veritatis
475 3069 517 3112 ex
540 3053 634 3131 parte
657 3070 731 3115 mea
754 3053 923 3132 peccatum
944 3050 1054 3128 fuerit,
1077 3051 1301 3133 interrogatus
1324 3051 1364 3114 de
1387 3071 1427 3114 ea

100 3157 147 3210 re,
171 3135 378 3201 restrictione
401 3136 468 3203 late
492 3137 627 3202 mentali
651 3137 699 3204 uti
720 3160 779 3222 per
801 3161 834 3203 se
857 3140 958 3205 debeo.

190 3250 244 3315 An
268 3271 459 3326 quansmun
483 3255 521 3316 2¹³
545 3252 584 3318 R.
606 3255 634 3319 1.
681 3252 719 3317 In
747 3256 858 3338 prio-rc
887 3274 965 3318 casu
996 3253 1136 3319 debebat
1159 3252 1294 3318 Proclus
1319 3253 1488 3320 celerate?

102 3337 225 3404 factum
249 3339 328 3404 illud
352 3361 482 3419 verum,
508 3341 586 3406 illud
611 3341 737 3409 scilicet
760 3363 832 3407 cnm
856 3342 1062 3409 restrictione
1085 3345 1247 3425 negansl,
1278 3362 1317 3408 eo
1341 3343 1427 3424 quod

102 3448 166 3492 non
193 3427 287 3494 licuit
309 3428 449 3495 vicinum
473 3430 507 3495 in
531 3430 649 3515 capitis
672 3452 809 3515 poenam
833 3431 989 3497 iniustam
1012 3430 1169 3497 conicere.
1216 3431 1317 3497 Plane
1341 3431 1427 3497 enirn

102 3516 166 3583 scit
188 3516 324 3582 Procius
347 3518 488 3584 vicinum
513 3519 607 3585 domo
632 3542 696 3586 non
719 3520 838 3587 exiisse
862 3541 904 3585 ex
927 3519 1106 3587 intentione
1129 3520 1225 3587 istius
1247 3520 1426 3597 homicidii;

101 3605 317 3689 interrogatio
342 3612 450 3675 autem
481 3609 522 3674 de
551 3610 622 3675 solo
651 3609 707 3676 illo
738 3609 830 3676 exitu
859 3609 1007 3693 intellegi
1030 3613 1140 3694 potest
1170 3614 1205 3676 et
1227 3610 1341 3690 debet,
1373 3615 1428 3697 qni

195 3852 203 3883 ¹
222 3851 326 3917 Nepore
351 3850 469 3919 aliquam
494 3867 550 3904 rem
568 3868 621 3904 non
640 3849 734 3904 baberi
752 3868 801 3920 pro
819 3850 974 3913 mendacio,
999 3849 1023 3903 si
1048 3853 1159 3920 putetur
1177 3850 1273 3904 adesse
1292 3852 1427 3918 gravioris

103 3922 275 3975 necessitatis
288 3939 406 3986 causam,
425 3939 473 3976 eur
486 3923 588 3975 veritas
602 3921 712 3986 caletur,
732 3921 866 3975 communi
885 3920 1060 3992 persuasione
1073 3921 1226 3975 bominibus
1245 3923 1357 3976 insitum
1377 3929 1426 3977 est.

104 3992 239 4047 Sollemne
252 3994 407 4063 exemplum
425 3993 510 4047 habes
529 4011 563 4046 ex
582 3993 623 4052 iis.
643 4010 712 4061 quae
725 3993 830 4047 Fried
836 3993 924 4063 jung
943 3993 970 4047 in
989 3992 1058 4047 libro
1072 3993 1117 4061 qui
1136 3993 1293 4047 inscribitur
1307 3995 1431 4063 „Kanrpf

105 4083 147 4117 ura
169 4067 213 4118 die
231 4066 437 4131 Vorhcrrachcft
463 4069 491 4118 in
510 4066 693 4118 Deulachlund
719 4066 829 4133 (Pupna
848 4067 879 4117 de
897 4066 1049 4132 hepemonia
1068 4068 1097 4118 in
1119 4064 1300 4129 Germanin)“
1320 4065 1348 4123 1.
1375 4065 1426 4118 326

103 4140 203 4190 narrat.
242 4136 336 4190 Refert
355 4137 433 4199 enim,
453 4153 514 4189 cum
533 4136 726 4203 gravissimum
745 4136 887 4189 dissidium
906 4137 1052 4190 exsisteret
1070 4153 1140 4190 anno
1155 4136 1222 4190 1866
1242 4136 1313 4189 inter
1330 4136 1426 4189 Berus-

103 4208 171 4261 sicm
191 4211 219 4261 et
238 4207 376 4260 Austriam
395 4210 478 4276 atque
496 4207 596 4261 bellum
620 4207 674 4259 iam
698 4207 866 4272 immineret,
893 4205 1066 4261 Guilielmum
1086 4207 1099 4261 Ι
1117 4224 1209 4276 regem
1229 4206 1373 4260 Berussiae
1392 4207 1426 4258 ab

105 4278 261 4332 Elisabetha
279 4279 373 4345 ragina
388 4278 478 4341 vidua,
497 4279 594 4333 fratria
612 4295 663 4332 sua
681 4283 709 4331 et
726 4281 875 4332 matertera
894 4278 1062 4349 imperatoris
1075 4279 1211 4341 Ananiae,
1230 4277 1426 4343 interrogatum

104 4367 178 4411 esse,
196 4341 270 4404 bum
288 4367 385 4403 revera
406 4351 512 4403 iniisset
529 4350 625 4404 foedus
650 4353 745 4404 contra
763 4351 904 4403 Austriam
922 4368 982 4404 cum
1002 4350 1097 4413 Italian
1122 4367 1215 4418 regem
1234 4353 1339 4411 autem,
1365 4364 1425 4401 cum

103 4420 236 4476 noluisset
247 4426 382 4476 secretum
402 4422 435 4475 ad
455 4421 660 4492 rempublicam
679 4426 807 4490 spectans
825 4424 957 4489 cognatae
976 4422 1146 4491 imperatoris
1159 4422 1287 4476 Austriae
1306 4419 1427 4488 prodere,

104 4492 207 4546 factum
226 4492 308 4552 illud.
330 4493 400 4561 quod
420 4511 449 4546 re
468 4493 528 4563 ipsa
545 4492 635 4546 locum
654 4492 780 4559 babebat,
800 4493 988 4546 incunctanter
1006 4511 1120 4560 nepcsse.
1157 4491 1214 4556 Quo
1234 4496 1325 4545 autem
1344 4507 1427 4544 sensu

104 4564 234 4618 eiusmodi
259 4563 359 4618 locutio
386 4564 477 4617 baberi
504 4564 589 4634 possit
614 4581 663 4634 pro
684 4563 856 4617 restrictione
880 4581 933 4617 non
952 4581 1019 4646 pure
1039 4564 1164 4628 mentali,
1191 4581 1272 4632 quam
1291 4580 1326 4616 ex
1345 4577 1428 4615 causa

105 4635 305 4707 proportionata
324 4637 403 4704 gravi
422 4636 504 4689 liceat
521 4635 658 4699 adbibere,
677 4634 830 4705 explicatur
847 4634 936 4688 fusius
954 4653 982 4688 rn
1005 4637 1052 4689 Tb.
1072 4654 1105 4688 m.
1124 4636 1144 4699 l,
1165 4636 1224 4688 773.
