3106 5168
514 286 657 342 Consurae.
677 316 709 326 -
728 285 809 340 Notio
827 288 855 339 et
873 286 993 340 effectus.
1348 289 1412 355 505

183 466 218 551 9)
251 464 554 532 Excommunicatio
586 466 715 530 demum
747 463 858 548 privat
890 463 1182 530 communicatione
1214 464 1320 543 civili,
1355 485 1414 530 seu

93 559 186 622 arcet
208 555 351 638 reliquos
373 555 486 620 fideles
509 555 552 619 ab
574 553 613 619 iis
636 553 833 630 actionibus,
862 574 946 635 quae
968 552 1226 618 familiaritatem
1250 554 1414 635 quandam

92 649 127 711 et
149 645 298 710 intimam
315 643 580 710 consuetudinem
596 643 774 708 redoleant.
790 680 833 689 —
857 641 921 707 Sed
944 642 1035 720 haec,
1059 642 1123 707 nisi
1145 642 1296 725 specialis
1315 663 1416 708 causa

92 733 236 799 criminis
257 733 291 798 in
314 754 371 799 reo
387 734 440 798 vel
463 732 642 816 periculum
664 731 882 815 perversionis
904 731 937 796 in
953 732 1058 798 altero
1081 730 1177 809 adsit,
1202 731 1315 812 gravis
1338 752 1414 814 pro·

92 823 207 888 bibitio
231 844 295 888 non
318 826 386 899 est;
416 821 514 887 immo
537 842 623 886 nuuc
645 820 835 904 saepissime
858 821 962 885 omnis
984 819 1158 904 prohibitio
1182 826 1334 886 censetur
1357 820 1414 885 ab·
1446 900 1448 907 Ι

93 931 177 979 esse.
223 911 324 977 Plura
346 932 377 976 u.
407 911 462 976 Th.
487 934 527 976 m.
552 910 593 987 ll,
618 912 693 975 897.
719 911 799 983 898;
828 909 1084 975 Laurentius
1106 910 1127 975 l.
1153 930 1179 974 c.
1204 931 1235 975 n.
1260 911 1325 974 375
1341 930 1412 992 sqq.

182 1025 221 1090 R.
247 1028 277 1093 5.
325 1024 499 1109 Suspensio
523 1024 641 1091 dicitur
669 1023 708 1088 ab
732 1024 849 1108 officio,
875 1026 914 1090 ot
938 1027 1064 1106 ordine,
1090 1048 1110 1089 a
1135 1025 1368 1106 iurisdictione,
1394 1035 1474 1089 a987

94 1116 249 1200 beneficio.

183 1202 358 1286 Suspensio
382 1204 422 1268 ab
439 1203 542 1287 officio
564 1201 731 1267 interdicit
753 1223 846 1266 usum
863 1206 931 1267 tum
957 1202 1078 1267 ordinis
1102 1206 1171 1268 turn
1186 1202 1412 1277 iurisdictinis;

92 1291 263 1376 suspensio
287 1293 326 1357 ob
350 1294 464 1357 ordine
486 1292 590 1357 solum
615 1291 807 1356 exercitium
831 1291 916 1356 sacri
940 1291 1061 1356 ordinis
1083 1291 1264 1368 interdicit,
1288 1291 1415 1357 intacta

92 1380 315 1448 iurisdictione
345 1380 533 1461 (aliquando
563 1385 615 1446 est
643 1384 773 1446 tantum
803 1402 824 1444 a
846 1380 1101 1464 Pontificclidus,
1133 1401 1215 1462 quae
1245 1380 1414 1463 suspensio

92 1471 257 1552 integrum
288 1470 443 1552 relinquit
471 1469 664 1535 exercitium
694 1469 841 1534 ordinum
869 1469 1073 1547 inferiorum3
1106 1469 1276 1553 suspensio
1300 1493 1320 1534 o
1343 1491 1413 1534 con·

90 1560 286 1642 foss-ionibus
317 1560 510 1644 excipiendis
539 1558 651 1641 privat
680 1558 741 1622 hac
771 1559 842 1623 sola
866 1558 1057 1640 facultate);
1088 1559 1257 1641 suspensio
1281 1581 1302 1622 n
1326 1560 1413 1624 benc-

91 1651 164 1734 ficio
198 1647 309 1731 privat
341 1647 550 1730 perceptione
581 1647 746 1712 fructuum
778 1647 924 1712 beneficii
956 1648 1090 1731 eiusque
1122 1647 1414 1725 administratione,

93 1737 249 1819 relinquit
271 1740 382 1802 tamen
406 1735 552 1801 beneficii
575 1736 717 1803 titulum.
753 1734 800 1801 cf.
825 1736 1083 1803 Laurentius
1106 1736 1127 1803 l.
1145 1758 1171 1802 c.
1196 1757 1228 1803 n.
1246 1739 1309 1802 379
1327 1757 1413 1818 sqq.;

98 1828 156 1893 Th.
181 1849 222 1893 m.
246 1824 287 1903 II,
313 1827 377 1890 900
393 1845 463 1907 sqq.

184 1923 279 1989 Unde
301 1922 505 2004 intellegitur
535 1922 779 2005 suspensionem
810 1923 996 1988 nullatenus
1026 1923 1202 1988 excludere
1232 1923 1415 2007 perceptio·

93 2032 169 2078 nem
186 2015 464 2076 sacramentorum
480 2011 640 2089 laicalem,
657 2031 762 2091 neque
781 2011 947 2094 impedire,
965 2011 1041 2093 quin
1057 2032 1244 2094 suspensus,
1261 2017 1416 2078 manente

95 2100 317 2185 suspensione,
341 2100 370 2165 si
393 2100 488 2165 modo
511 2100 574 2166 rite
598 2100 774 2183 dispositus
797 2100 850 2177 sit,
876 2122 896 2166 a
918 2099 1061 2183 peccatis
1084 2100 1284 2166 absolvatur.

184 2188 333 2256 Ceterum
357 2210 447 2266 eum,
472 2189 526 2270 qui
550 2189 675 2254 occulte
698 2189 942 2271 suspensionem
967 2189 1152 2267 incurrerit,
1175 2189 1295 2254 habere
1319 2210 1416 2272 posse

93 2278 240 2344 rationes
256 2298 276 2342 a
291 2278 456 2343 servanda
474 2298 612 2343 censura
627 2282 833 2356 excusantes,
858 2278 1007 2344 similiter
1030 2281 1066 2343 ut
1089 2278 1415 2357 excommunicatum,

95 2368 194 2434 facile
216 2369 310 2450 patet
332 2367 465 2449 legenti.

185 2473 223 2539 R.
249 2477 279 2540 6.
325 2473 539 2539 interdictum
563 2473 713 2556 prohibet
736 2474 789 2538 vel
814 2473 912 2539 certis
939 2473 1088 2558 personis
1111 2474 1252 2556 quadam
1276 2473 1415 2540 functio·
1425 2482 1477 2538 988

93 2584 172 2629 num
196 2583 363 2628 sacrarum
393 2562 677 2646 participationem
700 2562 922 2644 (interdictum
946 2563 1149 2647 personale),
1179 2564 1232 2629 vel
1262 2562 1416 2629 incertis

93 2651 175 2718 locis
192 2672 303 2717 earum
321 2651 512 2717 exercitium
529 2651 752 2732 (interdictum
768 2653 896 2734 locale).
935 2653 1057 2718 Verum
1073 2653 1107 2718 in
1124 2653 1220 2718 locali
1242 2652 1416 2719 interdicto

93 2741 134 2820 ii,
166 2740 221 2824 qui
244 2740 408 2806 interdicti
432 2761 564 2805 causam
588 2740 764 2816 dederunt,
786 2745 999 2826 personaliter
1022 2763 1061 2808 ea
1084 2763 1189 2826 poena
1213 2742 1416 2818 afficiuntur,

94 2829 212 2913 reliqui
228 2850 308 2895 vero
328 2850 368 2894 ea
390 2851 454 2894 non
471 2828 658 2894 afficiuntur
681 2830 742 2895 nisi
766 2831 894 2896 ratione
918 2832 989 2909 loci,
1013 2832 1062 2897 ita
1085 2836 1123 2897 ut
1145 2831 1185 2896 iis
1208 2832 1305 2897 liceat
1321 2836 1418 2897 extra

97 2941 171 2984 eum
195 2917 300 2983 locum
325 2919 466 2983 omnium
490 2918 692 2984 functionum
716 2939 883 2984 sacrarum
907 2926 1034 3003 partem
1058 2921 1188 2986 habere.

184 3007 401 3073 Prohibentur
417 3010 527 3073 autem
550 3007 627 3085 (nisi
648 3007 692 3073 sit
714 3008 923 3075 interdictum
939 3010 1078 3093 partiale
1094 3009 1237 3090 tanturn)
1263 3013 1291 3074 1.
1316 3029 1416 3091 quae·

96 3097 171 3162 dam
195 3101 402 3162 sacramenta
425 3096 606 3174 (videlicetz
632 3096 687 3164 SS.
704 3097 930 3163 Eucharistiae
949 3120 1025 3163 usus
1050 3097 1111 3162 nisi
1138 3098 1182 3163 sit
1204 3119 1263 3181 per
1286 3097 1416 3162 modurn

95 3185 218 3263 viatici,
232 3188 381 3250 extrema
394 3185 503 3252 unctio
512 3185 573 3249 nisi
583 3186 727 3251 evaserit
742 3192 982 3252 sacramentum
993 3187 1182 3252 moribundo
1193 3189 1415 3270 neceesarium,

95 3274 227 3340 collatio
251 3274 409 3351 ordinum,
434 3273 621 3357 nuptiarum
646 3274 838 3351 benedictio,
856 3297 919 3340 non
944 3296 1023 3341 vero
1047 3276 1151 3340 solum
1174 3274 1417 3341 matrimonium

95 3363 167 3428 sine
191 3362 444 3444 benedictione);
470 3366 499 3429 2.
525 3363 632 3428 officia
648 3363 759 3429 divina
781 3385 839 3428 seu
858 3364 890 3430 S.
907 3365 1028 3431 Missae
1051 3364 1245 3430 sacrificium
1268 3363 1417 3446 aliaeque

94 3451 268 3534 liturgicae
291 3452 491 3528 functiones;
516 3455 546 3518 3.
571 3453 740 3536 sepultura
762 3453 995 3521 ecclesiastica.

185 3539 351 3617 Quaedam
367 3544 478 3606 autern
501 3562 543 3606 ex
566 3542 617 3607 his
639 3542 736 3607 rebus
758 3542 929 3625 prohibitis
953 3543 1023 3607 sive
1045 3542 1077 3606 in
1094 3541 1240 3608 favorem
1264 3541 1417 3607 innocen-

96 3630 180 3696 tium
205 3630 387 3713 generatim
411 3631 482 3695 sive
498 3631 679 3712 aliquorum
695 3631 977 3714 privilegiatorum
992 3631 1227 3715 permittuntur
1242 3631 1302 3696 sub
1318 3631 1418 3698 certis

95 3717 269 3797 limitibus,
302 3719 341 3784 de
371 3740 435 3802 quo
466 3719 569 3784 fusius
603 3721 660 3785 Th.
683 3743 725 3786 m.
755 3720 803 3798 ll,
835 3722 1006 3802 908sqq·3
1037 3720 1312 3786 Laurentius
1342 3721 1363 3787 l.
1389 3742 1416 3786 c.

96 3830 129 3876 n.
154 3809 219 3873 382
235 3828 307 3890 sqq.

185 3931 239 3997 An
262 3952 453 4008 quaasrrun
479 3935 517 3995 2ῃῃ
541 3932 578 3997 a.
607 3934 634 3999 1.
667 3932 818 3998 Praetice
841 3932 1017 4014 requiritur
1032 3933 1073 3999 ad
1089 3932 1315 3999 incurrendam
1341 3953 1416 3997 cen·
1426 3938 1478 3992 989

98 4042 221 4097 suram,
246 4025 283 4087 ut
309 4020 340 4102 1)
363 4024 535 4104 peccatum
559 4021 659 4086 fuerit
681 4042 784 4102 grave
801 4042 858 4086 seu
874 4024 1033 4102 mortale,·
1055 4021 1089 4102 2)
1113 4026 1150 4086 ut
1165 4022 1265 4087 fuerit
1281 4024 1417 4086 externe

97 4110 312 4194 completum,
336 4110 491 4177 videlicet
516 4113 610 4196 pleno
641 4132 735 4175 sensu
758 4110 838 4174 illud
861 4115 1049 4193 peccatum,
1080 4111 1165 4192 quod
1189 4111 1248 4174 sub
1279 4130 1417 4175 censura

97 4198 341 4283 prohibebatur,
365 4220 470 4280 neque
494 4198 636 4263 sufficiat
660 4203 806 4274 conatus,
831 4199 859 4264 si
875 4199 980 4282 ipsum
1003 4200 1125 4264 factum
1142 4199 1176 4264 in
1191 4199 1265 4279 lege
1289 4199 1417 4281 poenali

97 4287 312 4372 exprimitur3
348 4288 382 4370 3)
406 4293 443 4354 ut
466 4287 609 4353 adfuerit
633 4288 838 4353 contumacia
860 4309 918 4353 sen
941 4292 978 4353 nt
1000 4291 1171 4371 peccatum
1194 4287 1294 4352 fuerit
1316 4287 1417 4352 libere

97 4375 304 4444 commissum
330 4381 445 4442 contra
467 4377 572 4459 legem
597 4380 634 4442 ut
657 4377 923 4444 ecclesiasticam.

187 4465 275 4543 Dixi,
299 4466 444 4549 practice
467 4465 604 4548 requiri,
638 4471 675 4532 ut
704 4467 804 4532 fuerit
826 4471 997 4549 peccatum
1020 4466 1169 4531 mortale.
1216 4463 1416 4545 Quamquam

97 4555 183 4621 enim
209 4575 251 4619 ex
274 4558 397 4621 natura·
416 4554 463 4620 rei
486 4576 551 4618 non
574 4555 739 4636 quaelibet
761 4555 911 4638 partialis
934 4555 1102 4639 suspensio
1126 4554 1178 4619 vel
1194 4553 1334 4637 partiale
1358 4552 1418 4618 ali-

97 4645 184 4729 quod
207 4643 415 4710 interdictum
445 4645 617 4728 personale
640 4648 778 4727 arguat,
809 4664 882 4709 esse
904 4649 1073 4727 peccatum
1098 4644 1254 4722 mortale,
1284 4646 1420 4729 propter
