3106 5168
151 268 214 331 110
363 262 404 317 De
423 262 572 318 virtutibus
590 265 619 317 91
636 262 735 317 officiis
754 278 819 331 erga
837 260 933 316 Deum.
951 289 986 301 -
1001 260 1097 317 Virtus
1115 259 1263 331 religionis.

153 438 304 511 ,diabolus
323 457 370 498 me
391 438 519 515 rapiat“,
544 438 587 511 ,si
602 439 683 498 Deus
703 438 801 498 iustus
821 443 903 498 esset
922 437 954 498 in
973 438 1067 511 caelo,
1088 437 1222 516 equidem
1242 443 1288 499 tot
1307 438 1480 501 infortuniis

150 539 210 578 non
230 539 348 596 possem
369 519 500 579 vexari.“

152 624 329 694 Quanerrnn
350 625 379 684 1ο
404 623 472 701 quid
494 625 535 684 sit
554 623 740 700 blasphemia
760 629 791 683 et
812 623 974 700 quotuplex
994 623 1201 700 distinguatur.

348 716 378 773 2⁰
403 713 471 790 quid
493 713 529 772 de
550 713 638 772 dictis
660 712 781 772 Traiani
801 712 997 772 iudicandum.

349 803 380 863 3⁰
404 802 569 879 blasphemi
590 803 733 878 quomodo
755 821 773 860 a
795 801 978 863 confessario
998 801 1148 862 tractandi
1168 801 1237 863 sint.

749 1002 885 1070 Salutio.

91 1157 142 1212 217
241 1145 294 1207 Ao
309 1163 501 1219 1111911111
523 1145 559 1207 1“
582 1142 621 1208 R.
644 1145 673 1208 l.
710 1141 921 1226 Blasphemia
937 1143 1152 1209 communiter
1167 1143 1320 1211 definitur
1341 1143 1482 1222 ,locutio

152 1232 222 1297 Deo
245 1231 513 1299 contumeliosa“.
559 1230 651 1307 Quod
673 1235 710 1297 ut
734 1231 849 1296 melius
872 1230 1063 1314 intellegas,
1095 1232 1246 1299 attende:
1283 1233 1316 1316 1)
1340 1237 1482 1301 externa

152 1322 209 1387 illa
243 1342 303 1405 per
334 1321 437 1386 verba
470 1319 738 1387 manifestatione
772 1323 944 1404 peccatum
977 1320 1106 1386 demum
1138 1324 1317 1409 completur,
1352 1322 1483 1389 malitia

153 1409 373 1477 essentialiter
396 1410 528 1494 propria
551 1409 616 1474 iam
639 1409 711 1475 sola
735 1414 844 1475 mente
868 1408 1056 1493 concipitur.
1096 1410 1130 1491 2)
1146 1409 1318 1477 Locutioni
1334 1411 1483 1494 aequalis

153 1521 225 1566 esse
255 1502 367 1583 potest
389 1498 614 1565 manifestatio
643 1520 703 1583 per
732 1498 815 1564 alias
845 1499 991 1564 actiones
1015 1520 1073 1564 seu
1096 1499 1201 1582 signa,
1229 1520 1313 1582 quae
1337 1505 1482 1567 mentem

87 1619 115 1635 -·
142 1590 376 1672 *blasphemam
407 1587 603 1672 exprimant.
650 1587 868 1654 Nihilominus
898 1587 1027 1670 quaudo
1062 1587 1113 1666 ,in
1146 1588 1283 1654 odiosis“
1319 1588 1360 1655 de
1392 1590 1482 1656 blas·

154 1678 283 1762 phemia
313 1698 420 1742 sermo
451 1682 517 1755 est,
549 1699 580 1742 v.
605 1697 637 1759 g.
668 1677 700 1742 in
731 1677 954 1743 reservatione
983 1681 1209 1760 peccatorum,
1240 1679 1341 1744 verbo
1375 1679 1482 1757 ,blas-

153 1767 318 1852 phemio&
347 1767 418 1832 solu
441 1771 553 1833 locutio
576 1766 787 1849 intellegitur.
835 1767 869 1848 3)
892 1766 1092 1850 Blasphema
1114 1767 1216 1833 verba
1238 1788 1304 1833 non
1328 1767 1482 1834 desinunt

154 1878 226 1923 esse
256 1877 337 1922 vera
366 1854 568 1940 blasphemia
598 1876 653 1932 eo,
685 1856 769 1938 quod
798 1855 936 1938 loquens
965 1876 1031 1921 non
1060 1855 1184 1922 direete
1213 1855 1393 1923 intenderit
1423 1858 1484 1924 Dei

154 1946 404 2012 contumeliam:
439 1944 562 2010 sufficit
593 1945 678 2010 enim
710 1965 842 2011 sensum
873 1943 1141 2011 contumeliosum
1173 1943 1258 2011 scire
1292 1966 1332 2012 ac
1365 1945 1484 2013 nihilo·

154 2035 260 2100 minus
290 2035 393 2100 verba
421 2034 488 2101 ista
516 2037 593 2099 actu
623 2033 770 2118 proferre
801 2037 838 2100 ut
866 2033 1079 2112 locutionem,
1112 2055 1177 2099 nou
1207 2038 1245 2101 ut
1273 2054 1399 2101 meram
1429 2056 1484 2102 re·

155 2125 311 2190 lationem
342 2123 515 2191 locutionis
544 2124 681 2189 alienae.
728 2123 775 2189 Cf.
807 2123 839 2189 S.
863 2123 980 2206 Alph.
1010 2121 1074 2201 Ill,
1108 2125 1168 2188 121
1194 2143 1283 2205 sqq.;
1317 2124 1484 2202 suarez,

156 2215 205 2279 De
230 2215 316 2300 reliq.
341 2217 383 2280 tr.
400 2215 430 2289 3,
454 2213 475 2279 l.
493 2217 520 2290 1,
543 2234 570 2278 c.
588 2215 693 2289 4-6;
717 2211 1078 2278 Ballerini·Palm.
1103 2217 1145 2279 tr.
1163 2214 1194 2290 6,
1215 2217 1295 2279 sect.
1314 2215 1344 2292 2,
1366 2233 1437 2297 cap.
1454 2218 1483 2289 l,

156 2325 187 2368 u.
214 2305 319 2385 lsqq.

246 2409 284 2474 R..
306 2411 335 2472 2.
375 2406 611 2489 Distinguitur:
638 2407 671 2488 1)
688 2405 889 2490 blasphemia
904 2429 988 2472 mere
1003 2407 1234 2490 contumeliosa,
1251 2427 1335 2489 quac
1351 2410 1486 2491 practer

157 2496 387 2565 contumeliam
410 2494 444 2561 in
474 2497 578 2561 Deum
602 2494 701 2561 eliam
723 2495 883 2561 malitiam
907 2515 971 2560 non
994 2495 1112 2571 addat;
1145 2493 1179 2576 2)
1203 2495 1406 2580 blasphemia
1430 2518 1485 2562 cc·-

157 2590 341 2670 99191911,
366 2606 450 2668 quae
473 2585 569 2650 simul
593 2606 665 2650 cum
690 2584 933 2650 contumeliosis
956 2585 1064 2650 verbis
1095 2585 1200 2649 Deum
1230 2583 1298 2665 (vel
1321 2585 1484 2668 homines)

157 2676 253 2743 malis
271 2675 359 2741 affici
378 2677 472 2759 optat
490 2712 534 2722 —
552 2673 698 2740 continet
715 2674 818 2756 igitur
831 2677 964 2758 praeter
982 2673 1140 2740 malitiam
1157 2673 1381 2757 blasphemiae
1396 2695 1486 2740 com·

157 2787 286 2831 munem
311 2764 411 2830 etiam
435 2764 543 2828 odium
566 2763 619 2828 vel
651 2766 766 2828 contra
798 2763 902 2827 Deum
926 2763 978 2827 vel
1003 2767 1118 2829 contra
1141 2762 1305 2840 homines;
1338 2764 1372 2845 3)
1396 2763 1485 2829 blas-

158 2854 287 2940 phemia
303 2855 511 2935 hoereticulie,
537 2873 620 2934 quae
644 2856 777 2935 praeter
795 2852 1023 2918 contumeliam
1047 2851 1080 2916 in
1105 2852 1208 2918 Deum
1227 2851 1323 2918 simul
1338 2872 1484 2919 errorem

159 2952 274 3011 eontra
296 2943 394 3008 fidem
417 2942 581 3026 exprimit.

96 3075 148 3129 218
247 3068 300 3133 An
323 3086 514 3143 1111111111
539 3071 578 3129 2¹¹¹
602 3064 639 3132 lt.
663 3067 691 3131 1.
739 3064 773 3130 Si
797 3063 958 3130 Traianus
987 3064 1021 3128 in
1050 3063 1101 3130 ira
1124 3063 1226 3130 verba
1255 3084 1351 3130 sacra
1378 3065 1486 3132 solum

158 3157 360 3223 nominasset
383 3176 454 3220 cum
480 3154 620 3236 quadam
644 3153 808 3237 emphasi,
838 3174 903 3219 non
934 3157 1044 3218 temen
1076 3175 1148 3218 cum
1178 3152 1228 3218 ira
1258 3173 1338 3235 erga
1367 3155 1485 3231 Deum,

159 3251 246 3313 esset
264 3247 336 3313 sola
353 3243 570 3310 irreverentia
590 3263 670 3324 erga
693 3264 746 3308 ras
769 3263 893 3317 sacras,
917 3247 1087 3325 peccatum
1107 3263 1211 3324 grave
1229 3241 1315 3308 inter
1330 3243 1485 3321 venialia,

158 3358 222 3402 non
245 3335 394 3401 mortale.
442 3333 506 3399 Sed
530 3354 602 3397 cum
626 3336 728 3415 optet,
754 3337 790 3397 ut
812 3352 866 3397 res
890 3331 1115 3397 sanctissimae
1138 3332 1172 3396 in
1195 3353 1357 3397 summum
1380 3332 1486 3399 homi-

159 3426 209 3490 nis
232 3425 352 3490 bonum
374 3423 545 3488 institutae
569 3426 709 3503 vergant
732 3421 764 3486 in
789 3421 941 3486 damnum
972 3425 1006 3487 et
1028 3420 1261 3503 perditionem,
1286 3441 1365 3487 vere
1388 3424 1487 3488 rebus

160 3515 278 3580 divinis
302 3518 336 3580 91
359 3517 596 3593 consequenter
611 3511 680 3575 Deo
697 3511 851 3594 probrum
866 3509 984 3587 infert;
1008 3509 1105 3591 idque
1122 3531 1235 3575 varum
1252 3513 1313 3588 est,
1337 3510 1365 3576 si
1390 3512 1487 3578 modo

160 3604 241 3668 satis
264 3601 444 3670 attenderit
467 3601 508 3666 ad
532 3621 662 3666 sensum
687 3599 877 3677 vorborum,
911 3598 974 3666 etsi
997 3599 1083 3665 serio
1106 3620 1171 3665 non
1195 3600 1324 3684 optavit
1347 3601 1487 3667 aliorum

159 3692 338 3759 interitum.

250 3799 288 3864 lt.
309 3801 339 3864 2.
378 3798 414 3862 Iu
439 3799 578 3863 secundo
602 3795 765 3861 locutione
780 3794 955 3859 secundum
973 3798 1164 3860 consuetum
1182 3814 1312 3859 sensum
1329 3796 1488 3862 habemus

161 3889 268 3972 potius
291 3888 510 3953 iuramentum
535 3884 791 3950 exsecratorium
817 3905 914 3965 quam
939 3882 1183 3967 blasphemiam,
1208 3905 1280 3948 cum
1300 3885 1341 3949 ab
1365 3885 1405 3950 iis
1430 3886 1488 3952 ho·

161 3978 299 4042 minibus
330 3976 405 4042 addi
436 3976 541 4042 soleat
571 3973 706 4039 assertis
736 3972 777 4037 ad
807 3973 985 4056 pleniorem
1017 3972 1201 4038 faciendam
1232 3973 1338 4038 fidem.
1394 3974 1488 4040 Iura·

161 4072 305 4134 mentum
330 4068 513 4132 esttamen
538 4064 721 4130 mortaliter
744 4061 1014 4144 peccaminosum,
1039 4062 1065 4126 si
1083 4063 1135 4126 vel
1155 4063 1273 4126 falsum
1293 4061 1487 4129 affirmando

162 4155 343 4239 profertur,
375 4156 427 4219 vel
458 4154 485 4218 si
516 4152 795 4218 indiscriminatim
822 4151 994 4216 adhibetur
1024 4173 1086 4215 non
1111 4151 1311 4217 attendendo
1335 4153 1377 4217 91
1402 4153 1487 4218 veri-

161 4251 264 4312 tatem
296 4245 349 4309 vel
379 4243 558 4309 falsitatem
583 4240 820 4307 affirmationis.
845 4277 889 4284 —
919 4240 951 4306 Si
976 4261 1054 4305 vero
1085 4239 1141 4305 illa
1171 4240 1291 4306 locutio
1316 4241 1489 4308 adhibetur

162 4357 226 4400 non
250 4335 282 4400 in
306 4355 404 4399 sensu
428 4332 597 4409 iuratorio,
623 4331 680 4395 sed
705 4331 737 4395 in
761 4351 858 4395 sensu
881 4328 1046 4412 optativo,
1072 4351 1134 4411 quo
1159 4330 1365 4409 ostendatur,
1391 4353 1486 4414 quam

161 4446 277 4509 parum
301 4426 393 4488 curet
416 4422 552 4504 loquens
575 4421 678 4486 vitam
703 4424 881 4497 aeternam,
906 4419 1138 4502 blasphemiam
1163 4418 1330 4485 habemus.

252 4531 291 4598 R.
313 4534 343 4596 3.
382 4529 419 4593 In
444 4532 538 4594 tert-io
561 4527 723 4593 locutione
747 4526 853 4591 minus
869 4525 968 4590 etiam
984 4524 1187 4608 blasphemia
1202 4525 1354 4604 habetur;
1379 4530 1488 4610 potest

162 4624 273 4686 tamen
302 4619 451 4685 similiter·
481 4637 552 4682 esse
583 4617 799 4682 iuramentum
830 4615 1104 4681 exsecratorium:
1137 4615 1170 4680 in
1203 4636 1266 4698 quo
1299 4637 1378 4682 9991
1411 4637 1486 4681 num
