3106 5168
152 282 194 344 54
570 276 611 331 Do
628 275 724 346 regula
742 277 852 330 actuum
871 274 1058 332 bumanorum.

150 453 322 537 supponis:
347 473 424 519 nam
446 472 580 518 necesse
603 451 734 517 omnino
757 456 809 519 est
832 456 866 518 et
889 452 1046 536 obligatio
1070 452 1302 533 conscientiae,
1327 458 1365 520 ut
1387 453 1480 521 cives

150 543 274 610 tributo
298 544 494 609 concurrant
524 541 564 607 ad
591 560 753 625 expensas
780 541 941 606 communi
971 541 1055 607 bono
1078 542 1290 610 necessarias.
1337 542 1373 627 4)
1396 544 1478 624 Lex,

151 653 235 716 quae
265 636 360 699 vetat
390 630 526 696 armatis
556 630 684 714 publice
713 628 879 708 incedere,
911 629 939 695 si
968 631 1039 697 lata
1068 635 1120 698 est
1149 635 1284 715 propter
1307 653 1481 700 commune

151 721 330 806 periculum
358 720 505 786 caedium
536 740 577 785 ex
608 718 864 786 circumstantiis
894 718 957 785 loci
986 723 1022 786 et
1050 720 1209 804 temporis
1237 721 1388 804 graviter
1415 722 1480 787 im·

152 811 287 889 minens,
310 809 395 875 sumi
412 809 509 875 debet
531 809 587 874 lex
609 807 643 873 in
660 807 859 875 conscientia
875 807 1033 892 obligans,
1058 808 1121 875 nisi
1144 809 1319 893 aliquando
1342 815 1481 896 propter

150 898 350 982 singularem
380 898 611 964 necessitatem
642 897 771 981 epikiae
800 897 845 963 sit
875 897 981 975 locus;
1015 897 1098 964 alias
1129 899 1320 982 poenalibus
1349 900 1481 983 legibus

151 992 262 1073 potest
283 987 500 1054 adnumerari.

240 1094 278 1161 lt.
305 1097 334 1160 2.
387 1093 475 1159 Aiax
504 1092 591 1158 male
620 1092 718 1169 facit,
756 1092 789 1157 in
820 1091 965 1160 amicitia
994 1113 1054 1158 sua
1087 1096 1121 1158 et
1150 1093 1366 1161 beneficentia
1396 1116 1481 1179 erga

151 1182 309 1249 officiales
325 1182 499 1260 confidens,
524 1202 559 1247 se
583 1202 705 1265 poenas
722 1202 906 1247 evasurum.
939 1182 1026 1247 Nam
1049 1181 1111 1247 hoc
1133 1183 1221 1266 sapit
1236 1183 1480 1268 corruptionem

154 1271 353 1350 officialium,
377 1292 461 1353 quae
485 1273 537 1336 est
557 1269 684 1336 illicita.
720 1271 842 1336 Eorum
864 1271 950 1336 enim
973 1275 1024 1337 est
1047 1271 1189 1337 officium
1212 1271 1245 1337 in
1268 1273 1480 1353 conscientia,

150 1365 188 1427 ut
206 1363 315 1444 legum
330 1361 490 1427 iustarum
507 1359 728 1426 observationi
751 1359 932 1441 invigilent,
957 1363 1230 1443 transgressores,
1254 1361 1480 1446 eideprehen-

151 1451 241 1528 dant,
265 1451 308 1515 ad
330 1469 468 1533 poenam
492 1450 546 1514 vel
569 1449 726 1514 mulctam
750 1449 896 1515 trahant.

240 1557 279 1621 lt.
305 1559 335 1622 3.
381 1555 472 1632 Quod
508 1558 620 1620 autem
653 1554 754 1619 semel
788 1576 847 1638 pro
882 1575 1012 1638 semper
1045 1555 1174 1620 solvere
1205 1555 1278 1622 vult
1311 1556 1480 1635 mulctam,

151 1649 284 1729 praeter
299 1643 516 1727 corruptionis
534 1643 676 1727 speciem
692 1643 781 1709 circa
804 1643 970 1710 ministros
994 1643 1093 1711 etiam
1117 1643 1264 1711 continet
1286 1665 1479 1729 expressam

151 1734 355 1801 voluntatem
380 1733 534 1798 continuo
558 1732 732 1798 violandae
758 1732 858 1814 legis:
889 1753 989 1815 quae,
1020 1733 1082 1798 nisi
1111 1754 1154 1799 ex
1184 1734 1280 1799 modo
1304 1734 1400 1802 dictis
1424 1736 1481 1801 lex

152 1822 264 1888 haberi
287 1823 391 1906 possit
413 1842 502 1887 mere
525 1821 682 1905 poenalis,
707 1842 786 1887 sane
809 1821 843 1886 in
866 1843 902 1887 se
924 1821 1152 1905 peccaminosa
1174 1826 1235 1890 est.

376 2041 463 2106 LEX
486 2039 545 2106 ΑΒ
568 2038 737 2107 IGNARO
761 2040 848 2106 VEL
871 2039 1025 2107 INVITO
1049 2040 1252 2110 IMPLETA.

718 2205 828 2273 dasne.
857 2212 915 2282 (30)

241 2345 365 2422 Eligius,
386 2344 523 2404 nesciens
544 2364 611 2404 esse
632 2346 740 2404 festum
762 2345 797 2405 de
818 2351 987 2422 praecepto,
1010 2364 1082 2405 casu
1095 2345 1231 2405 interfuit
1244 2345 1373 2419 Missae;
1395 2347 1482 2409 initio

152 2425 294 2502 temporis
321 2425 471 2503 paschalis
498 2445 552 2502 pro
581 2425 738 2485 devotione
760 2425 788 2486 S.
811 2425 1050 2486 Communionem
1077 2426 1178 2497 sumit,
1206 2426 1376 2503 paschalem
1398 2427 1481 2487 Gom·

152 2506 320 2565 munionem
334 2510 440 2583 postea
453 2511 636 2582 peracturus.
671 2504 743 2564 Cum
763 2525 857 2582 nuper
879 2525 931 2582 pro
953 2507 1136 2582 paenitentia
1151 2507 1361 2566 sacramentali
1380 2507 1483 2568 iussus

153 2591 234 2645 esset
258 2586 304 2645 bis
325 2587 416 2646 Sacro
444 2585 605 2656 interesse,
634 2586 726 2645 semel
753 2586 898 2646 rosarium
925 2586 1067 2658 recitare,
1095 2586 1163 2662 ipsa
1184 2578 1230 2645 die
1251 2586 1398 2647 dominica
1425 2589 1482 2648 hcc

153 2686 219 2726 curn
249 2671 407 2743 praecepto
436 2665 603 2726 dominicali
633 2666 677 2724 ita
704 2665 807 2725 dextre
837 2666 981 2739 absolvit,
1012 2672 1046 2726 ut
1075 2668 1177 2726 eodem
1206 2672 1339 2744 tempore
1367 2668 1483 2728 duabus

154 2746 256 2806 Missis
278 2747 445 2806 attenderet
465 2746 608 2821 simulque
628 2746 773 2805 rosarium
794 2746 943 2806 recitaret.

154 2853 332 2924 Quannrruu
353 2853 383 2910 1ο
409 2872 465 2929 quo
486 2854 569 2912 modo
590 2852 672 2927 leges
693 2851 810 2928 impleri
831 2851 966 2912 debeant.

352 2942 382 2999 2⁰
406 2960 476 3000 num
497 2941 584 3000 simul
605 2940 737 3018 pluribus
758 2941 873 3016 legibus
895 2961 948 3001 seu
970 2941 1200 3017 obligationibus
1220 2942 1317 3019 possit
1331 2942 1483 3006 satisfieri.

352 3033 382 3090 3⁰
407 3030 475 3108 quid
495 3029 526 3089 in
548 3030 672 3105 singulis
696 3030 814 3089 casibus
836 3031 872 3089 de
893 3030 988 3107 Eligio
1010 3030 1050 3090 sit
1071 3031 1234 3092 dicendum.

750 3212 887 3281 Solutio.

93 3372 143 3428 107
243 3357 295 3420 An
312 3376 503 3431 oosusrrnu
521 3360 558 3419 1¹²¹
582 3355 620 3421 R.
641 3359 668 3420 1.
708 3354 745 3420 In
769 3355 843 3439 lege
867 3355 1068 3421 affirmativa
1090 3355 1211 3421 sufficit
1235 3359 1269 3420 et
1292 3356 1481 3439 requiritur,

154 3449 191 3511 ut
213 3444 354 3510 humano
378 3445 472 3510 modo
496 3465 549 3510 res
572 3450 723 3528 ponatur,
748 3465 832 3527 quae
855 3445 1060 3529 praescripta
1079 3449 1140 3522 est,
1169 3443 1202 3510 in
1227 3446 1299 3527 lege
1322 3447 1481 3528 negativa

154 3533 276 3599 sufficit
298 3533 378 3598 nihil
401 3533 517 3616 egisse.
557 3534 664 3611 Quare
687 3538 715 3601 1.
733 3534 936 3599 necessarius
960 3554 1024 3599 non
1048 3539 1099 3601 est
1122 3537 1231 3600 status
1254 3533 1393 3615 gratiae,
1418 3535 1481 3600 nisi

154 3622 209 3686 ille
232 3623 396 3706 pertineat
419 3623 461 3688 ad
486 3623 705 3689 substantiam
728 3623 844 3707 operis
885 3622 1210 3701 cf.lb.m.1,153;
1235 3623 1275 3688 cf.
1293 3624 1480 3691 Busemb.

154 3715 189 3777 et
212 3712 244 3778 S.
269 3712 384 3796 Alph.
409 3712 434 3790 I,
462 3715 534 3779 162.

244 3817 282 3884 R.
308 3821 337 3885 2.
384 3818 422 3883 In
445 3818 519 3899 lege
543 3817 672 3899 quidem
702 3817 845 3882 naturali
876 3821 910 3883 et
937 3817 1048 3882 divina
1071 3816 1169 3882 etiam
1192 3817 1342 3883 internus
1365 3819 1482 3885 modus

155 3907 288 3973 virtutis
311 3908 370 3973 sub
393 3910 569 3991 praecepto
594 3909 661 3983 est,
687 3905 845 3987 siquidem
870 3906 968 3972 etiam
994 3905 1081 3971 circa
1103 3905 1193 3990 ipsos
1216 3906 1363 3972 internos
1386 3912 1482 3975 actus

154 3996 216 4062 hae
239 3998 330 4079 leges
347 4000 530 4063 versantur.
570 3996 675 4076 Leges
699 3999 808 4060 autem
832 3995 994 4060 humanae
1018 4000 1077 4061 aut
1100 4015 1164 4060 non
1187 4001 1325 4078 possunt
1339 4002 1398 4064 aut
1416 4019 1482 4063 non

155 4086 263 4151 solent
286 4091 379 4152 actus
402 4085 549 4151 internos
566 4107 628 4169 per
651 4106 684 4150 se
706 4085 886 4167 respicere;
911 4106 1017 4167 neque
1039 4084 1162 4161 iubent,
1187 4088 1224 4150 ut
1247 4085 1366 4151 subditi
1385 4090 1482 4153 linem

154 4175 237 4257 legis
261 4175 443 4241 intendant.
489 4174 576 4238 Nam
609 4173 780 4255 legislator
802 4174 898 4238 finem
931 4174 1072 4240 intendit
1101 4195 1238 4256 eumque
1262 4175 1399 4257 attingit
1423 4198 1482 4260 per

155 4265 243 4348 ipsos
267 4267 361 4330 actus
384 4263 600 4339 subditorum,
625 4285 702 4348 quos
724 4263 926 4347 praescribit.
975 4264 1058 4328 Hinc
1082 4262 1240 4346 optimum
1263 4263 1393 4345 quidem
1418 4271 1479 4341 est,

155 4354 255 4419 etiam
278 4352 437 4418 motivum
462 4356 495 4418 et
518 4353 615 4416 finem
639 4352 721 4433 legis
744 4352 868 4418 intendi
885 4374 905 4418 a
921 4353 1060 4428 subdito,
1085 4356 1295 4435 praeceptum
1312 4357 1423 4419 tamen
1437 4355 1481 4419 'id

156 4464 220 4507 non
245 4447 311 4518 est,
344 4462 449 4523 neque
472 4441 639 4526 praecepti
663 4446 730 4518 est,
761 4446 799 4507 ut
822 4446 941 4524 agatur
965 4463 1007 4506 ex
1030 4441 1163 4524 speciali
1187 4441 1311 4507 motivo
1336 4442 1479 4519 virtutis,

155 4531 403 4684 irisiffiq2uatenus
433 4531 474 4596 ad
504 4530 722 4596 substantiam
746 4530 853 4614 operis
880 4530 1101 4596 necessarium
1123 4530 1232 4596 fuerit.
1279 4530 1327 4596 ef.
1357 4533 1413 4598 lb.
1439 4555 1479 4598 m.

173 4669 180 4699 ,
273 4673 280 4686 .
