3106 5168
148 259 211 323 152
358 256 399 310 De
417 256 566 312 virtutibus
585 261 613 312 st
631 256 729 312 officiis
747 273 813 324 erga
831 255 925 310 Deum.
945 284 981 293 -
998 254 1093 311 Virtus
1110 254 1258 325 religionis.

144 453 165 499 a
195 438 331 517 peccato
361 434 513 500 excusari
542 435 681 519 poterit,
713 433 866 516 quoniam
894 432 1056 499 naturalis
1085 453 1179 499 amor
1208 453 1289 515 erga
1317 436 1471 517 parentes

144 522 242 588 facile
264 523 408 588 sobrium
430 523 582 589 iudicium
607 524 647 589 de
670 523 837 607 gravitate
860 541 981 587 causas
1004 522 1162 605 impedire
1184 525 1303 606 potest.

234 628 273 693 R.
299 630 329 694 3.
372 627 464 704 Quod
488 626 684 693 Heliodorus
706 628 910 712 importunas
933 646 1048 712 preces
1070 625 1219 693 adhibuit
1241 630 1341 709 atque
1365 625 1414 693 ita
1435 646 1471 692 se

144 717 365 801 superioribus
385 715 580 799 ineptiorem
609 738 668 801 pru
692 718 763 783 vita
791 716 946 799 religiosa
975 713 1139 794 exhibuit,
1170 736 1192 780 a
1214 719 1349 799 peccato
1383 719 1471 782 certe

144 827 208 870 non
224 809 297 872 erat
319 804 487 882 immunis3
512 826 588 871 num
612 808 787 871 mortaliter
809 804 1004 891 peccaverit,
1029 803 1168 870 multum
1183 805 1305 889 pendet
1328 804 1471 888 agradu

143 893 375 978 improbitatis,
399 915 464 976 qua
487 894 628 977 urgebat
651 915 744 960 suam
768 893 997 961 dimissionem.
1038 892 1126 960 Nam
1149 892 1177 959 si
1200 893 1283 960 alias
1306 899 1381 961 erat
1403 914 1471 959 om-

143 983 217 1048 nino
242 988 349 1068 aptus,
374 987 409 1050 et
432 982 537 1049 solum
552 986 688 1068 propter
702 983 921 1067 importunam
938 982 1057 1065 agendi
1071 982 1234 1049 rationem
1250 981 1470 1048 dimissionem

143 1071 236 1154 quasi
252 1072 403 1152 extorsit,
428 1093 544 1139 censeo
568 1072 665 1158 plane
689 1094 763 1138 eum
786 1071 970 1139 mortaliter
991 1092 1147 1156 peccasse
1167 1075 1282 1138 contra
1297 1075 1379 1138 vota
1393 1071 1470 1137 reli-

141 1160 252 1244 giosa,
284 1182 422 1244 eumque
444 1161 551 1228 teneri
573 1183 633 1246 per
655 1182 708 1240 se,
740 1162 859 1227 saltem
882 1164 958 1244 post
980 1160 1144 1226 sublatam
1167 1181 1304 1244 gravem
1328 1161 1471 1226 necessi·

141 1253 246 1316 tatem
276 1256 466 1334 parentum,
497 1251 618 1317 iterum
649 1272 685 1316 se
718 1256 830 1334 aptum
860 1249 997 1315 reddere
1027 1254 1061 1316 st
1091 1249 1322 1315 admissionem
1351 1248 1472 1317 iterum

143 1359 271 1422 rogare.
318 1338 368 1406 Cf.
396 1340 452 1406 Tb.
478 1363 517 1406 nr.
542 1340 568 1418 Ι,
592 1342 668 1405 517.

230 1437 269 1502 R.
294 1439 325 1503 4.
371 1436 436 1501 Pro
466 1436 633 1521 superiore
664 1435 786 1501 ordinis
815 1457 879 1501 non
903 1434 1084 1502 necessitas
1106 1439 1280 1519 parentum
1301 1436 1472 1501 Heliodori

141 1525 226 1591 ratio
250 1545 323 1590 esse
346 1526 454 1609 putuit
476 1524 703 1591 concedendae
719 1524 925 1603 dimissionis,
948 1525 1057 1609 potuit
1079 1544 1152 1591 esse
1174 1524 1270 1590 huius
1285 1524 1471 1592 obstinatus

142 1614 285 1692 animus,
317 1635 381 1697 quo
404 1635 440 1679 se
463 1613 568 1680 ordini
590 1635 706 1698 parum
729 1617 844 1698 aptum
867 1613 1020 1680 ostendit.
1061 1613 1187 1680 Verum
1209 1613 1271 1680 hac
1300 1613 1334 1679 in
1362 1634 1400 1680 re
1423 1615 1471 1680 in-

141 1703 309 1787 spicienda
325 1709 376 1770 est
391 1702 533 1769 facultas
557 1724 577 1768 a
600 1703 632 1770 S.
650 1702 734 1768 Sede
758 1703 846 1782 data,
870 1707 907 1769 ut
925 1702 1095 1781 iudicetur,
1120 1703 1161 1768 ob
1178 1724 1336 1786 quasnam
1354 1724 1473 1769 causas

141 1792 175 1858 in
197 1791 349 1858 instituto
373 1791 529 1875 religioso
553 1792 738 1875 superiores
754 1797 834 1858 vota
856 1791 1016 1875 simplicia
1031 1812 1090 1877 per
1106 1791 1326 1858 dimissionem
1342 1791 1472 1858 solvere

140 1880 277 1965 possint,
302 1880 433 1947 alumno
456 1881 527 1947 sive
549 1881 654 1947 invito
677 1881 747 1946 sive
771 1880 1004 1947 consentiente.
1046 1880 1162 1963 Neque
1184 1902 1250 1947 una
1271 1880 1389 1964 regula
1412 1903 1471 1966 pro

142 1969 290 2035 omnibus
314 1969 480 2036 ordinibus
503 1970 605 2037 statui
628 1974 749 2053 potest.
795 1970 946 2035 Ceterum
970 1968 1124 2048 dimissio,
1153 1969 1213 2036 etsi
1238 1970 1334 2055 culpa
1357 1970 1472 2037 Helio·

142 2058 212 2124 dori
235 2059 336 2136 facta,
360 2058 471 2125 valida
494 2059 657 2125 censenda
680 2064 741 2136 est,
766 2080 839 2125 cum
863 2079 955 2124 error
977 2079 1041 2124 non
1064 2058 1289 2127 intervenerit.

232 2268 491 2336 asurerosus
513 2268 743 2336 risurum
765 2268 1014 2334 rarescens
1039 2304 1080 2314 -
1106 2268 1296 2337 urmssro
1320 2270 1381 2337 sn

556 2366 723 2433 onoma
748 2366 978 2434 sunieroso
1003 2364 1058 2449 (1).

710 2523 821 2589 dasne.
848 2530 906 2598 (83)

230 2663 412 2735 florbertus,
441 2667 597 2740 postquam
618 2682 684 2722 cum
705 2664 822 2723 fervore
846 2663 968 2739 spiritus
992 2662 1169 2723 novitiatum
1196 2662 1312 2740 peregit
1339 2668 1371 2723 et
1391 2665 1472 2724 votis

143 2763 176 2801 se
198 2745 260 2801 Deo
281 2748 424 2820 perpetuo
445 2743 571 2814 dicavit,
595 2763 664 2803 mox
685 2743 789 2821 incipit
809 2750 978 2820 tepescere,
1001 2744 1121 2818 regulas
1142 2749 1175 2803 nt
1195 2762 1244 2803 res
1264 2744 1347 2803 leves
1369 2750 1401 2804 et
1420 2745 1472 2803 mi·

142 2829 231 2882 nutas
261 2842 417 2900 spernere;
446 2823 600 2899 aliquoties
628 2823 718 2882 stiam
747 2830 851 2883 contra
873 2829 943 2882 vota
964 2825 1097 2899 graviter
1117 2829 1238 2901 peccat3
1268 2825 1384 2883 demum
1406 2845 1471 2884 cum

142 2903 321 2962 valetudinis
343 2923 402 2962 non
423 2904 463 2962 sit
483 2904 556 2963 adeo
577 2905 728 2975 robustae,
750 2924 788 2962 ex
803 2923 837 2962 eo
852 2904 929 2980 qnod
948 2922 1038 2962 onera
1060 2903 1170 2964 ordinis
1184 2904 1263 2962 ferre
1284 2924 1344 2963 nou
1365 2905 1471 2984 possit,

142 2984 343 3043 dimissionem
365 3003 402 3042 ex
424 2984 540 3042 defectu
562 2983 702 3043 sanitatis
722 2984 805 3060 petit.

230 3065 290 3122 Res
312 3064 435 3123 Romam
456 3064 604 3136 defertur,
626 3070 656 3123 et
677 3064 705 3124 S.
728 3063 925 3138 Congregatio
947 3062 1082 3139 petitioni
1104 3083 1238 3123 annuens
1260 3063 1406 3141 superiori
1428 3083 1471 3124 or-

142 3143 220 3202 dinis
241 3145 292 3204 dat
313 3149 489 3221 potestatem
510 3145 651 3203 Herberti
672 3143 846 3204 dimittendi.
881 3143 1020 3220 Superior
1040 3144 1267 3204 instrumentum
1289 3144 1472 3205 dimissionis

143 3226 263 3282 conticit
283 3228 372 3300 atque
393 3224 430 3283 ad
451 3224 629 3284 Herbertum
650 3224 825 3283 mittendum
848 3229 947 3283 curat:
978 3224 1027 3298 qui
1048 3225 1162 3283 interea
1183 3224 1333 3283 direxerat
1353 3225 1471 3284 litteras

143 3306 194 3363 sed
216 3324 234 3361 a
256 3305 407 3380 superiore
437 3306 566 3364 nondum
594 3309 746 3381 receptas,
776 3305 881 3380 quibus
909 3323 941 3362 se
968 3305 1081 3362 fatetur
1102 3325 1120 3363 a
1141 3304 1284 3364 daemone
1305 3306 1420 3365 elusum
1441 3312 1472 3365 et

143 3384 290 3442 instanter
312 3385 396 3460 petit,
417 3405 455 3443 ne
477 3385 649 3444 dimittatur.

144 3490 320 3559 Qussmrun
343 3492 372 3549 1ο
398 3510 473 3565 quus
500 3491 541 3549 sit
568 3490 708 3565 obligatio
737 3490 942 3566 religiosorum
970 3488 1109 3548 tendendi
1136 3490 1174 3548 ad
1201 3489 1413 3567 perfectionem
1441 3496 1471 3549 et

397 3571 574 3629 observandi
595 3570 723 3645 regulas.

343 3661 372 3716 2⁰
399 3659 477 3717 sit-ne
498 3659 615 3718 infirma
635 3660 774 3719 valetudo
794 3661 871 3720 ratio
893 3658 1058 3717 dimittendi
1079 3658 1220 3734 religiosi.

341 3748 371 3805 3⁰
396 3747 465 3822 quid
487 3748 523 3806 de
544 3749 691 3806 Herberto
714 3749 834 3824 eiusque
856 3748 1026 3808 dimissione
1048 3747 1242 3807 iudicandum.

739 3930 874 3997 Salutio.

83 4066 134 4121 305
232 4060 285 4125 An
309 4082 499 4138 annuamus
527 4065 563 4125 1¹u
587 4063 625 4128 R.
648 4064 677 4126 1.
724 4061 889 4127 Distincta
919 4063 960 4126 ab
992 4063 1191 4145 obligatione
1213 4064 1369 4129 servandi
1392 4070 1470 4129 vota

143 4171 201 4215 seu
224 4172 288 4214 non
312 4151 461 4215 laedendi
485 4154 563 4216 vota
586 4152 618 4216 in
642 4151 778 4233 singulis
798 4152 926 4216 casibus
942 4153 1186 4218 occurrentibus
1202 4153 1297 4219 adest
1313 4153 1469 4236 obligatio

144 4238 316 4393 {gentfflfsn
331 4260 388 4323 pro
412 4239 575 4322 religioso,
601 4261 663 4322 quo
687 4244 841 4306 teneatur
863 4263 927 4305 non
951 4243 1073 4306 obicere
1096 4242 1299 4309 tendentium
1323 4243 1366 4308 ad
1397 4264 1469 4328 per·

232 4426 270 4493 R.
292 4428 321 4490 2.
360 4423 499 4491 Abicere
514 4425 716 4493 tendentiam
735 4426 777 4491 ad
796 4426 1031 4510 perfectionem
1049 4433 1201 4495 censetur
1216 4429 1271 4494 ille
1287 4429 1468 4513 religiosus,

145 4514 197 4596 qui
222 4516 354 4596 regulas
385 4515 462 4580 nihil
493 4521 588 4581 curat
611 4516 665 4579 vel
689 4521 768 4581 vota
798 4515 1001 4599 frequentius
1031 4518 1179 4599 graviter
1205 4518 1317 4585 laedit.
1365 4519 1469 4595 Quare

144 4608 275 4687 praeter
298 4609 480 4688 peccatum,
504 4605 589 4687 quod
614 4609 730 4670 contra
754 4610 832 4671 vota
855 4605 992 4687 singulis
1016 4607 1140 4671 vicibus
1164 4607 1350 4681 committit,
1384 4608 1468 4674 eius-
