3106 5168
148 285 213 349 35ss
287 280 326 335 De
345 279 492 334 victutibus
510 282 539 334 et
556 279 655 334 officiis
673 296 739 347 erga
757 277 886 333 homiues.
906 307 942 316 —
959 278 1011 333 Off.
1030 277 1103 333 circa
1121 279 1190 333 bona
1208 281 1330 334 externa.

149 456 325 526 anunmnn
348 457 377 514 1ο
402 474 477 532 quae
499 455 560 514 sint
584 455 781 530 obligationes
803 474 841 514 ex
864 453 1020 513 homicidio
1041 455 1089 512 vel
1106 454 1312 534 vulneratione
1334 453 1476 513 oriturae.

347 553 377 611 2ο
405 553 553 612 Brutnsne
575 553 673 613 omnia
688 552 795 611 damna
815 552 846 611 in
868 571 940 610 casu
960 558 1082 610 narrato
1103 557 1218 621 exorta,
1239 571 1316 628 quae
1337 551 1477 627 probabi·

401 633 469 692 liter
488 633 646 710 praevidit,
667 633 755 691 immo
777 633 913 702 intendit,
935 632 1041 691 debeat
1060 651 1208 708 reparare.

744 831 878 898 solutio.

88 992 141 1047 704
238 983 291 1048 An
315 1003 506 1060 euaserunu
532 986 570 1047 1¹¹¹
594 983 631 1048 R.
659 984 687 1048 1.
728 981 899 1047 Homicida
921 986 1011 1049 certe
1034 1002 1113 1064 ergo
1130 1003 1213 1059 eum,
1238 1002 1334 1064 quern
1359 983 1476 1047 vulne·

149 1073 254 1151 ravit,
288 1073 316 1137 si
340 1072 454 1138 statim
478 1092 542 1136 non
566 1070 733 1149 occubuit,
767 1070 854 1136 ferre
877 1075 1009 1136 tenetur
1032 1071 1140 1137 omnia
1172 1072 1291 1136 damna
1323 1092 1383 1137 seu
1417 1093 1476 1137 ex·

150 1183 269 1247 pensas
292 1182 335 1226 ex
359 1161 509 1227 curandis
532 1160 720 1225 vulneribus
743 1163 877 1225 exortas
908 1164 1007 1242 atque
1039 1159 1198 1226 resarcire
1231 1160 1311 1225 illud
1335 1161 1475 1238 lucrum,

150 1251 236 1334 quod
259 1250 315 1315 illo
339 1254 497 1332 tempore,
522 1270 584 1331 quo
609 1253 772 1330 aegrotat,
802 1248 945 1314 fecisset.
993 1248 1082 1325 Quae
1112 1249 1241 1331 quidem
1264 1249 1377 1314 debita
1400 1250 1475 1315 vul·

149 1345 285 1407 neratus
308 1339 487 1418 remittere
500 1338 608 1403 valide
632 1342 751 1422 potest,
776 1359 841 1403 non
864 1341 974 1403 tamen
999 1337 1088 1404 licite
1110 1338 1167 1415 ita,
1192 1343 1229 1404 ut
1252 1337 1303 1403 sui
1325 1359 1390 1404 non
1416 1339 1475 1405 ha·

149 1431 251 1497 beant
274 1429 359 1493 unde
382 1431 618 1493 sustententur.

240 1543 278 1608 R.
300 1546 330 1607 2.
369 1541 541 1607 Homicida
565 1541 662 1606 debet
683 1540 832 1624 proxime
855 1541 1004 1622 cognatis
1027 1545 1062 1607 et
1089 1544 1276 1607 necesariis
1301 1542 1476 1607 heredibus

151 1654 201 1711 ea,
226 1652 309 1714 quae
333 1630 506 1696 defunctus
529 1629 569 1694 iis
585 1629 797 1713 probabiliter
812 1631 998 1695 lucraturus
1013 1635 1095 1708 erat,
1119 1629 1140 1696 i.
1158 1650 1186 1697 e.
1210 1652 1274 1695 non
1298 1632 1475 1696 secundum

151 1743 224 1786 eam
248 1741 418 1797 summam,
443 1741 540 1801 quam
556 1719 769 1802 probabiliter
784 1722 914 1785 tantum
929 1719 1075 1784 lucratus
1094 1724 1191 1795 esset,
1215 1720 1273 1784 sed
1296 1720 1475 1786 secundum

151 1809 352 1895 probabilem
375 1808 470 1873 huius
493 1808 563 1893 spei
587 1808 864 1883 aestimationem
895 1808 1054 1891 imprimis
1083 1812 1194 1873 autem
1224 1809 1322 1875 debet
1353 1818 1475 1875 susten·

151 1902 299 1964 tationem
315 1897 365 1975 iis,
389 1898 505 1980 quibus
521 1896 694 1963 defunctus
710 1918 783 1962 eam
807 1896 947 1964 debebat
971 1902 1005 1962 et
1020 1897 1240 1980 praestiturus
1263 1902 1337 1963 erat
1360 1919 1475 1963 secun·

152 1988 227 2052 dum
252 1988 352 2070 leges
377 1986 536 2070 siquidem
559 1987 735 2052 secundum
759 2007 816 2050 eas
839 1985 872 2049 hi
894 1985 927 2051 in
951 1990 1022 2051 iure
1045 2007 1104 2052 suo
1127 1985 1209 2051 laesi
1232 1992 1318 2054 sunt.

240 2102 278 2168 R.
304 2105 335 2170 3.
381 2100 516 2178 Quando
539 2100 595 2177 iis,
629 2121 710 2182 quos
734 2099 817 2177 dixi,
852 2100 1025 2166 defunctus
1056 2101 1175 2166 fuisset
1196 2101 1339 2178 inutilis,
1371 2102 1426 2167 vel
1449 2102 1474 2167 si

151 2197 286 2275 propter
309 2190 454 2256 defuncti
476 2194 616 2255 mortem
639 2189 679 2254 iis
701 2189 799 2254 aliter
822 2189 1028 2272 providetur:
1059 2190 1092 2254 in
1122 2190 1183 2255 hoc
1213 2210 1290 2256 casu
1321 2190 1475 2256 damnum

153 2281 273 2346 efficax
297 2278 329 2345 hi
353 2301 416 2344 non
448 2279 672 2355 incurrerunt,
706 2299 810 2360 neque
844 2278 884 2342 de
908 2278 1025 2343 damno
1058 2278 1241 2362 reparando
1273 2299 1382 2344 sermo
1416 2285 1475 2345 est.

154 2369 245 2446 Quod
265 2368 424 2452 imprimis
440 2367 609 2433 observari
624 2372 735 2450 potest
757 2368 789 2431 in
806 2387 918 2444 uxore,
943 2367 970 2432 si
993 2367 1074 2432 haec
1098 2368 1139 2432 ad
1159 2367 1320 2433 secundas
1343 2370 1475 2452 nuptias

153 2457 333 2524 transierit.
381 2456 428 2522 Cf.
458 2457 514 2523 lb.
539 2479 579 2522 nr.
604 2456 629 2534 Ι,
655 2459 729 2522 990.

243 2574 281 2639 R.
306 2576 336 2638 4.
383 2572 473 2638 Idem
509 2571 691 2654 complures
723 2571 936 2654 probabiliter
968 2571 1096 2648 dicunt,
1132 2571 1158 2635 si
1193 2572 1367 2637 defunctus
1400 2575 1476 2637 ante

153 2667 292 2729 mortem
315 2662 396 2726 baec
420 2660 528 2727 omnia
551 2661 731 2726 homicidae
755 2660 928 2726 remiserit.
961 2660 1009 2725 Cf.
1027 2661 1217 2742 Aertnijs
1241 2684 1272 2727 n.
1290 2664 1366 2738 369,
1390 2661 1427 2736 Q.
1445 2664 1474 2726 4.

88 2790 139 2845 705
242 2776 280 2842 R.
306 2780 335 2842 5.
376 2775 515 2841 Gravior
531 2774 708 2840 difficultas
732 2778 831 2856 atque
856 2774 1079 2838 controversia
1104 2779 1155 2839 est
1171 2775 1277 2856 quoad
1297 2775 1475 2840 creditores

154 2866 309 2943 defuncti,
334 2870 445 2931 utrum
468 2863 628 2929 homicida
651 2864 692 2928 iis
715 2863 836 2945 aliquid
861 2863 979 2927 debeat
1002 2884 1113 2930 necne.

243 2963 435 3027 Theoretice
459 2961 589 3027 videtur
612 2961 693 3025 haec
716 2959 872 3043 obligatio
906 2960 1038 3038 adesse,
1070 2960 1097 3025 si
1121 2959 1203 3025 satis
1234 2967 1324 3026 certo
1349 2961 1476 3027 debitor·

152 3053 207 3118 ille
232 3053 357 3117 occisus
388 3051 601 3115 creditoribus
624 3049 855 3115 satisfacturus
888 3049 1020 3127 fuissem
1048 3053 1188 3133 predica
1218 3054 1327 3115 autem
1359 3051 1475 3116 saltem

152 3142 308 3223 restringi
331 3144 441 3224 potest
464 3140 521 3205 illa
538 3139 694 3221 obligatio
718 3139 760 3203 ad
784 3159 905 3214 casum,
930 3159 992 3220 quo
1017 3138 1178 3203 homicida
1202 3160 1260 3220 per
1283 3160 1396 3204 necem
1421 3141 1475 3204 de·

156 3231 254 3297 bitori
277 3231 402 3297 illatam
427 3229 642 3294 creditoribus
666 3229 818 3292 damnum
849 3226 969 3291 inferre
994 3228 1146 3292 intendit:
1177 3228 1258 3291 alias
1282 3229 1369 3292 enim
1393 3231 1475 3294 solet

154 3320 319 3385 sufficiens
343 3318 505 3402 praevisio
529 3317 624 3383 istius
647 3317 756 3382 damni
780 3317 911 3391 abesse,
943 3322 1042 3396 atque
1065 3316 1197 3398 insuper
1220 3315 1300 3380 illud
1323 3317 1473 3383 damnum

155 3416 309 3476 censetur
333 3408 424 3488 sequi
445 3431 505 3492 per
528 3408 673 3472 accidens
696 3405 751 3488 (cf.
769 3406 879 3470 Marc
904 3426 935 3470 n.
953 3407 1033 3479 9543
1058 3405 1253 3488 Aertnijs
1277 3407 1298 3471 l.
1324 3428 1350 3472 c.
1377 3407 1413 3483 Q.
1432 3411 1474 3488 2).

155 3499 257 3562 Immo
282 3499 322 3563 ob
346 3498 494 3562 ultimam
518 3496 678 3562 rationem
703 3517 765 3559 nen
791 3495 909 3558 desunt
938 3493 992 3574 qui
1022 3493 1214 3576 simpliciter
1244 3500 1366 3577 negent
1396 3497 1475 3561 obli-

155 3587 320 3667 gationem
345 3585 559 3650 creditoribus
583 3584 705 3666 aliquid
732 3582 933 3649 restituendi.
981 3582 1058 3661 (Cir.
1085 3583 1256 3664 Vogle1·,
1288 3585 1476 3650 Iuriscultor

155 3698 186 3741 n.
212 3678 275 3740 399
293 3675 378 3756 sqq.)

93 3818 145 3871 706
244 3805 297 3868 An
314 3826 504 3880 culsamuel
522 3807 558 3867 2⁰¹
584 3805 621 3868 R.
642 3808 669 3868 1.
709 3804 821 3879 Quoad
844 3804 1000 3869 familiam
1025 3803 1091 3868 Caii
1111 3805 1320 3887 superstitem
1346 3807 1475 3871 dubium

157 3899 304 3971 nonest,
330 3895 406 3975 quin
431 3895 552 3957 Brutus
577 3915 618 3957 ex
641 3915 676 3957 se
701 3893 862 3974 obligetur
885 3893 925 3956 ad
950 3894 1220 3957 sustentationem
1246 3895 1275 3958 ei
1300 3917 1475 3977 procuran-

157 3984 230 4047 dam
256 3983 431 4047 secundum
456 4004 528 4046 eum
553 3983 698 4058 modum,
731 4003 825 4061 quem
851 3981 985 4063 abipso
1010 3981 1086 4046 Caio
1117 3989 1248 4065 poterat
1272 3991 1473 4066 exspectare.

156 4072 275 4149 Quodsi
300 4072 437 4137 forsitan
461 4070 613 4135 Claudius
637 4071 677 4134 ad
702 4071 857 4135 eiusmodi
883 4092 1045 4152 expensas
1068 4072 1218 4136 ferendas
1243 4074 1475 4139 condemnatus

156 4162 264 4237 fuerit,
291 4163 412 4226 Brutus
436 4160 568 4224 Claudio
593 4160 672 4223 baec
696 4161 855 4224 resarcire
880 4161 986 4224 delict.

245 4278 283 4342 R.
305 4280 334 4340 2.
382 4276 472 4351 Quod
498 4275 676 4339 creditores
693 4274 759 4338 Caii
785 4274 936 4337 damnum
961 4276 1114 4352 subeant,
1146 4296 1188 4339 ex
1212 4295 1249 4338 eo
1274 4277 1361 4356 quod
1385 4278 1474 4341 bere-

156 4366 243 4431 ditas
267 4388 286 4431 a
310 4365 386 4430 Caio
411 4365 526 4429 relicta
550 4385 613 4427 non
638 4363 778 4427 sufficiat
802 4364 843 4427 ad
868 4363 936 4426 eius
961 4363 1070 4427 debita
1094 4364 1261 4438 solvenda,
1293 4364 1363 4447 ipse
1388 4388 1473 4441 vere,

156 4457 184 4518 si
208 4456 239 4520 in
264 4456 349 4520 vivis
374 4454 562 4528 mansisset,
594 4453 705 4516 labere
729 4452 954 4532 acquisivisset
979 4453 1063 4516 irride
1087 4453 1247 4518 solveret:
1282 4455 1406 4520 Brutus
1428 4455 1474 4518 vi·

158 4546 252 4610 detur
276 4544 425 4609 excusari
451 4544 491 4606 ab
516 4564 612 4606 onere
636 4541 700 4605 illis
723 4541 970 4606 indemnitatem
1000 4541 1205 4622 praestandi,
1238 4544 1382 4610 rna-xime
1406 4566 1472 4610 curn

158 4633 217 4697 lieo
241 4635 392 4698 daninum
417 4654 480 4696 non
504 4632 603 4696 fucrit
627 4631 787 4696 intentum
812 4636 910 4711 atque
934 4652 991 4712 per
1015 4631 1163 4694 accidens
1187 4637 1355 4712 sequatur.
