3106 5168
240 307 395 361 Translatio
413 308 463 361 iur.
482 325 507 377 p.
528 311 692 362 contractus.
711 337 745 348 -
765 309 973 362 Mandatumst
992 316 1074 378 nepot.
1091 312 1181 378 cestio.
1312 311 1378 376 433

144 484 182 549 In
199 505 261 567 quo
278 505 366 563 casu,
391 484 519 566 quando
543 483 748 566 negotiorum
768 488 882 566 gestor
896 504 1001 568 prava
1016 484 1188 550 voluntate
1212 487 1265 551 vel
1284 484 1379 567 gravi

54 572 266 657 neglegentia
289 578 413 657 peccat,
439 572 567 638 domino
587 574 706 639 damna
729 579 866 639 causata
888 593 1044 656 reparare
1068 573 1180 648 debet3
1210 575 1292 640 alias
1315 596 1380 639 non

55 663 171 740 debet,
207 663 305 727 immo
338 661 485 727 dominus
519 683 576 738 ea,
612 683 696 745 quae
728 683 771 727 ex
803 662 904 746 ipsius
936 663 1107 728 voluntate
1140 663 1381 730 rationabiliter

54 755 267 836 praesumpta
290 751 344 816 ille
368 750 446 833 egit,
469 755 545 817 rata
567 751 688 817 habere
712 751 818 817 debet.

145 857 185 923 R.
216 859 246 923 6.
294 856 347 921 Ex
376 857 518 922 naturali
549 857 716 940 aequitate
746 858 800 922 vel
830 878 873 923 ex
902 857 1052 941 positivis
1081 857 1224 940 regionis
1254 858 1380 940 legibus

55 968 116 1030 pro
140 947 251 1011 labore
278 949 445 1029 assumpto
469 946 674 1029 negotiorum
698 946 822 1029 gesturi
846 947 984 1013 debetur
1005 968 1145 1022 mercem
1178 968 1295 1030 quare,
1326 946 1381 1012 ubi

55 1038 148 1119 leges
177 1034 340 1120 positivae
370 1034 402 1099 id
426 1038 593 1111 statuunt,
624 1035 694 1100 iure
726 1056 784 1101 suo
809 1057 882 1101 eam
905 1037 1071 1119 postulare
1094 1040 1221 1120 potest;
1252 1057 1382 1120 semper

55 1132 168 1191 tamen
191 1126 360 1208 postulare
383 1129 494 1208 potest
517 1123 627 1189 damni
650 1129 685 1190 et
707 1145 925 1209 expensarum
949 1125 1256 1209 compensationem.

148 1241 200 1304 An
224 1258 414 1314 uusssrruu
440 1240 477 1301 2ω
508 1237 546 1303 R.
575 1241 602 1303 1.
649 1238 823 1315 Avelinus,
848 1238 876 1302 si
900 1238 1093 1321 cognoverit
1115 1238 1236 1304 domini
1258 1239 1309 1304 sui
1332 1239 1382 1304 in·
1391 1248 1443 1301 855

56 1329 175 1405 dolem,
200 1326 364 1410 inpriore
387 1347 466 1392 casu
489 1332 579 1393 recte
601 1327 709 1410 potuit
732 1327 865 1409 negotia
887 1328 1063 1394 tractanda
1085 1327 1259 1412 suscipere.

147 1432 187 1499 R.
213 1434 242 1497 2.
289 1432 327 1495 In
358 1432 539 1515 posteriore
572 1453 651 1497 casu
684 1453 722 1497 eo
755 1432 860 1514 magis
891 1432 1133 1499 rationabiliter
1164 1433 1383 1516 praesumpsit

57 1521 180 1588 domini
204 1521 426 1597 voluntatem
457 1541 562 1603 neque
586 1526 721 1605 propter
743 1521 906 1587 infelicem
931 1526 1085 1589 eventum
1109 1543 1175 1587 non
1196 1523 1382 1606 praevisum

58 1611 179 1694 agendi
208 1611 294 1676 ratio
318 1609 448 1674 Aveliui
477 1609 710 1675 irrationabilis
734 1610 861 1688 evadit,
893 1611 1039 1677 simodo
1063 1610 1222 1676 Avelinus
1245 1633 1266 1678 a
1288 1611 1384 1694 gravi

58 1699 271 1783 neglegentia
294 1698 468 1763 immunem
492 1719 528 1763 se
551 1699 745 1766 servaverit.

149 1796 364 1881 Quapropter,
388 1801 426 1862 ut
441 1817 483 1861 ex
499 1817 598 1880 supra
614 1797 710 1863 dictis
727 1797 900 1879 colligitur,
925 1797 979 1862 ubi
1000 1797 1052 1862 ius
1069 1798 1261 1863 Germanico
1279 1798 1385 1864 simile

59 1887 162 1969 viget,
186 1886 331 1967 iniquum
350 1890 402 1950 est
417 1885 585 1950 Braulium
602 1890 724 1969 petere,
748 1891 786 1951 ut
800 1885 959 1951 Avelinus
975 1885 1114 1952 mediam
1130 1892 1259 1970 partem
1276 1887 1385 1954 damni

59 1977 149 2042 ferat
171 1995 229 2040 seu
253 1980 450 2058 compenset.
497 1972 557 2050 Qui
580 1974 690 2058 potius
712 1974 740 2039 si
762 1974 935 2057 diligenter
959 1974 1028 2057 egit
1051 1979 1151 2057 atque
1175 1976 1263 2042 ultra
1286 1976 1385 2042 officii

61 2066 192 2131 labores
208 2062 485 2130 extraordinarios
501 2063 630 2128 labores
643 2063 751 2140 subiit,
768 2085 833 2128 non
844 2085 904 2148 pro
918 2063 1070 2147 expensis
1082 2065 1197 2143 solum,
1214 2065 1385 2132 sedetiam

60 2176 121 2238 pro
146 2153 257 2218 labore
281 2173 339 2217 suo
363 2152 448 2218 iuste
472 2153 618 2235 postulat
641 2152 783 2235 aliquam
806 2153 999 2229 mercedem,
1024 2152 1052 2217 si
1075 2153 1231 2218 eiusmodi
1255 2154 1386 2220 labores

11 2259 15 2264 ’
60 2240 397 2413 ppiogmgggedetfiepi)
410 2241 526 2307 solent.
566 2239 627 2322 (uf.
652 2241 751 2307 etiam
775 2241 924 2320 Plank,
950 2243 1117 2308 Commeat.
1142 2244 1186 2308 ad
1210 2246 1261 2308 ius
1278 2244 1384 2310 Germ

61 2353 82 2398 a
259 2352 325 2397 no.
375 2384 382 2397 .

151 2428 215 2494 Ubi
240 2448 318 2493 vero
341 2429 392 2492 ius
409 2427 568 2493 Gallicum
592 2428 645 2492 vel
669 2427 774 2493 simile
798 2428 898 2510 viget,
923 2450 989 2494 non
1012 2449 1150 2511 aequum
1171 2428 1302 2511 quidem
1324 2435 1385 2508 est,

61 2519 183 2584 damna
205 2517 238 2583 in
261 2516 501 2583 mandatarium
526 2517 689 2595 conicere,
721 2523 757 2583 at
780 2521 895 2583 contra
922 2518 1103 2599 rigorosam
1133 2518 1292 2585 iustitiam
1322 2539 1388 2584 non

61 2612 124 2684 est,
149 2627 223 2671 cum
238 2605 462 2672 mandatarius
477 2605 612 2671 sciverit
628 2607 679 2671 vel
699 2607 783 2671 scire
800 2607 948 2673 debuerit
970 2628 1006 2672 se
1030 2613 1126 2673 extra
1148 2607 1269 2674 limites
1296 2629 1388 2674 man·

61 2695 133 2762 dati
156 2700 309 2777 agentem
333 2694 478 2779 pericula
502 2695 609 2760 omnia
633 2694 725 2760 inse
749 2717 886 2762 sumere.

170 2920 408 2987 DISPOSITIO
433 2921 558 2987 ulRuA
581 2922 676 2986 RuM
699 2921 900 2987 ALlllNAM
928 2922 1030 2988 SINE
1053 2922 1282 2989 MANDATO.

623 3078 733 3145 (lasus.
761 3088 836 3154 (265)

156 3218 254 3286 Caius,
277 3218 351 3278 civis
366 3218 561 3288 Trevirensis,
585 3225 670 3277 extra
688 3221 789 3278 urbem
811 3219 881 3278 emit
902 3220 1050 3278 frumenta
1071 3238 1164 3295 eaque
1187 3220 1265 3296 apud
1280 3218 1389 3278 Titium

63 3300 96 3358 in
117 3319 194 3375 pago
217 3299 368 3374 deposuit,
393 3318 446 3358 suo
468 3305 599 3375 tempore
621 3299 760 3359 Treviros
781 3300 924 3358 vehenda.
966 3299 1061 3359 lilius
1083 3301 1260 3359 frumentum
1283 3300 1388 3358 saltem

65 3398 159 3455 aeque
187 3381 295 3438 bonum
322 3378 454 3455 possidet
482 3379 622 3439 Treviris.
666 3380 705 3438 Ut
732 3379 823 3454 igitur
850 3379 939 3439 Caius
968 3380 1106 3456 expensis
1134 3399 1256 3456 parcere
1284 3380 1389 3457 possit,

65 3459 173 3519 statuit
187 3459 282 3518 Titius
304 3479 342 3517 ex
362 3479 416 3518 suo
431 3461 578 3519 frumento
595 3460 718 3518 eandem
740 3460 854 3537 copiam
875 3460 1001 3529 tradere,
1024 3464 1112 3535 atque
1127 3460 1190 3520 (lcii
1211 3462 1389 3519 frumentum

66 3540 145 3617 apud
167 3559 200 3599 se
221 3540 385 3616 depositum
406 3540 516 3609 vendit,
541 3540 670 3616 alioquin
691 3560 777 3599 suum
798 3541 975 3599 frumentum
997 3540 1127 3599 Treviris
1150 3541 1299 3600 conditum
1320 3560 1390 3600 ven·

66 3619 190 3679 diturus.
232 3619 290 3679 Sed
318 3625 475 3696 antequam
497 3620 567 3680 Caio
588 3622 766 3680 frumentum
790 3621 972 3692 traderetur,
1001 3620 1073 3679 Titii
1099 3621 1236 3680 horreum
1258 3621 1391 3681 Treviris

65 3700 227 3849 ffiiffiff)
246 3718 311 3758 oum
340 3700 418 3758 omni
445 3701 592 3759 frumento
620 3701 755 3759 incendio
779 3702 864 3778 perit.
907 3701 965 3774 (Ex
992 3701 1165 3774 Reuter,
1199 3703 1291 3762 Theol.
1319 3722 1391 3762 mor.

67 3885 254 3956 stnmrua,
276 3892 374 3945 utrum
394 3886 489 3945 Titius
511 3888 607 3963 possit
627 3887 782 3963 pecuniam
806 3906 859 3963 pro
881 3887 1000 3946 vendito
1021 3887 1115 3963 pretio
1136 3888 1274 3958 retinere,
1295 3888 1338 3947 ita
1360 3894 1393 3947 ut

275 3966 364 4026 Gaius
390 3966 526 4025 damnmn
551 3970 644 4039 ferat,
674 3987 711 4025 an
734 3967 804 4026 (laio
832 3968 954 4026 reddere
983 3968 1104 4039 debeat,
1133 3973 1226 4028 totum
1255 3969 1392 4027 damnum

276 4047 357 4106 solus
378 4066 531 4123 passurus.

664 4161 800 4228 Solutio.

160 4306 212 4368 An
236 4324 427 4380 uunasrruu
451 4303 488 4368 R.
506 4307 533 4368 l.
574 4302 607 4368 Si
631 4303 735 4368 Titius
759 4303 836 4368 Caio
860 4304 1064 4369 voluntatem
1088 4322 1181 4366 suam
1204 4301 1454 4380 indicasset,856

66 4395 161 4477 isque
186 4392 417 4469 consensisset,
444 4392 643 4457 considerari
665 4392 811 4475 potuerit
833 4392 1031 4475 permutatio
1055 4391 1209 4455 frumenti
1233 4391 1391 4474 perfecta,

67 4483 116 4549 ita
140 4483 259 4549 saltem
283 4487 319 4547 ut
334 4482 440 4546 Titius
463 4481 531 4545 Caii
555 4482 752 4547 frumentum
777 4502 834 4564 pro
859 4503 917 4546 suo
942 4481 1045 4564 possit
1069 4479 1274 4544 considerare
1299 4484 1333 4544 et
1356 4483 1392 4545 ut

67 4593 164 4637 suum
180 4572 332 4649 vendere,
358 4592 431 4635 cum
447 4571 646 4651 obligatione
670 4571 699 4635 ei
723 4591 765 4634 ex
788 4591 846 4634 suo
863 4570 1027 4635 frumento
1044 4568 1189 4634 Treviris
1213 4568 1393 4635 exsistente

66 4662 149 4727 illud
174 4661 413 4745 compensandi.
439 4695 482 4704 -
511 4661 550 4724 ln
573 4680 636 4742 quo
661 4680 738 4724 casu
762 4658 868 4725 Titius
891 4662 1002 4742 posset
1028 4658 1199 4742 pecuniam
1224 4663 1393 4742 acceptam

124 4772 294 4819 Lehmkulrl,
308 4771 379 4814 Casus
393 4771 552 4836 consulentiae.
580 4772 597 4814 1.
1146 4762 1180 4816 28
