3106 5168
486 296 629 351 censurae.
650 327 683 336 -
703 299 726 350 A
745 298 868 352 censuris
886 299 1023 351 absolutio.
1351 304 1413 366 511

186 473 239 537 An
262 493 452 547 suessiona
477 475 515 537 3¹²
543 473 581 537 R.
609 476 637 538 1.
684 472 796 549 Quoad
819 473 977 538 haeresim
1007 479 1041 539 et
1063 473 1237 539 lectionem
1259 473 1447 540 librorumlt

95 560 335 626 haereticorum
358 562 518 626 haeresim
540 562 825 645 propugnantium,
857 563 885 626 si
909 562 1074 628 Tiburtius
1097 563 1247 628 audierat
1269 561 1350 627 haec
1373 562 1414 627 ob

96 651 240 715 Ecclesia
262 649 411 731 graviter
434 650 607 734 prohiberi,
632 650 758 716 censeri
788 651 886 717 debet
907 650 1050 716 adfuisse
1080 650 1247 716 sufficiens
1275 651 1358 732 legis
1381 656 1415 718 et

96 760 222 822 poenae
245 738 398 821 cognitio,
421 738 470 804 ita
493 744 530 805 ut
552 741 720 804 excusatio
745 761 765 805 a
788 761 926 805 censura
956 739 1061 825 repeti
1092 744 1233 822 nequeat
1256 761 1298 804 ex
1320 740 1414 822 igno·

96 829 215 893 rantia.
261 828 457 893 Necessaria
489 827 573 892 enim
603 850 668 893 non
698 833 750 894 est
782 828 896 895 intima
926 832 1064 894 naturae
1087 829 1189 912 ipsius
1211 849 1337 911 poenae
1360 849 1414 894 co·

95 917 210 999 gnitio,
235 917 293 982 sed
315 917 445 993 sufficit,
471 920 507 982 ut
529 917 652 982 sciatur
667 917 761 998 gravi
781 939 888 1000 poena
903 918 1084 984 Ecclesiam
1101 919 1157 983 illa
1180 917 1316 983 crimina
1338 939 1414 1001 pro·

95 1007 216 1073 hibere.
263 1006 384 1071 Verum
409 1027 480 1070 cum
505 1006 649 1071 haeresis
671 1006 951 1072 haereticorumve
975 1007 1129 1072 librorum
1158 1006 1255 1072 lectio
1282 1006 1415 1072 nonsit

94 1096 182 1161 inter
204 1116 309 1171 casus,
333 1095 367 1159 in
390 1096 505 1176 quibus
532 1095 632 1160 etiam
647 1095 831 1178 impuberes
854 1096 982 1179 poenali
998 1097 1071 1178 lege
1087 1095 1412 1180 comprehendantur,

96 1184 262 1249 Tiburtius
285 1204 343 1267 per
366 1205 402 1248 se
426 1183 552 1248 absolvi
581 1185 623 1249 ab
653 1184 704 1248 his
734 1186 879 1269 peccatis
910 1189 1021 1269 potest
1044 1207 1064 1251 a
1087 1184 1286 1250 confessario
1308 1185 1413 1268 speci-

95 1273 202 1338 alibus
225 1272 439 1338 facultatibus
462 1294 526 1337 non
549 1273 720 1339 instructo.
766 1274 805 1338 In
836 1274 1038 1340 admittendo
1061 1274 1163 1357 igitur
1185 1273 1332 1340 Tiburtia
1356 1274 1413 1338 ob·

94 1361 222 1427 servari
244 1361 322 1426 licet
345 1365 534 1427 consuetum
559 1362 699 1440 modum,
723 1362 895 1427 dummodo
918 1368 1039 1439 tamen,
1063 1364 1218 1428 siceram
1242 1363 1311 1427 Deo
1334 1364 1414 1427 hae·

94 1451 178 1515 resis
202 1450 337 1516 crimine
352 1450 493 1516 infectus
518 1455 600 1528 erat,
625 1452 751 1516 sincere
767 1473 877 1517 coram
893 1453 963 1517 Deo
978 1452 1075 1517 fidem
1092 1452 1286 1518 catholicam
1300 1455 1414 1517 teneat

94 1560 232 1622 eamque
255 1539 363 1621 aliquo
386 1540 481 1604 modo
506 1545 641 1606 externe
664 1542 866 1624 profiteatur.

185 1645 224 1712 ll.
250 1648 279 1712 2.
325 1645 438 1722 Quoad
462 1644 549 1710 aliud
580 1646 718 1724 crimen,
750 1646 937 1712 iniuriosam
967 1647 1057 1712 illam
1088 1646 1267 1712 sacerdotia
1289 1649 1414 1712 tracta·

94 1734 228 1811 tionem,
252 1755 288 1798 rc
311 1755 391 1799 vera
415 1734 510 1801 adest
525 1755 620 1800 casus
635 1735 689 1799 ille
706 1734 870 1801 violentae
886 1757 1039 1801 manuum
1062 1735 1261 1801 iniectionis:
1286 1755 1415 1818 semper

94 1822 182 1888 enim
205 1827 239 1888 et
262 1824 303 1888 ab
327 1824 474 1888 omnibus
498 1844 602 1889 canon
625 1822 680 1888 ille
703 1844 768 1888 non
792 1823 831 1890 de
855 1825 925 1889 sola
948 1825 1164 1907 percussione,
1188 1825 1246 1888 sed
1270 1823 1310 1888 de
1334 1844 1413 1905 qua·

95 1912 178 1978 libet
200 1917 338 1977 externa
361 1934 420 1977 seu
443 1911 604 1996 corporali
633 1913 778 1978 laesione
800 1914 948 1994 graviter
971 1913 1127 1978 iniuriosa
1149 1912 1413 1994 intellegebatur.

95 2001 212 2082 Neque
242 2002 274 2066 in
298 2003 358 2066 hoc
382 2022 460 2066 casu
483 2001 667 2084 impuberes
690 2001 789 2067 eximi
819 2007 898 2086 puto
922 2023 941 2066 a
965 2023 1112 2067 censura.
1159 2002 1196 2066 In
1218 2001 1290 2066 foro
1313 2001 1414 2083 igitur

94 2094 250 2167 externo,
290 2112 362 2155 cum
394 2090 582 2171 ignorantia
613 2112 677 2156 non
710 2091 919 2169 attendatur,
960 2091 1121 2156 absolutio
1153 2112 1174 2156 a
1208 2094 1413 2174 competente

93 2179 261 2262 superiore
284 2180 338 2245 vel
360 2200 420 2263 per
441 2178 616 2262 specialem
641 2180 833 2246 facultatem
856 2181 968 2246 datam
991 2179 1182 2262 requiritur:
1215 2180 1277 2255 ita,
1308 2178 1337 2243 si
1360 2199 1413 2242 res

94 2271 147 2333 est
171 2268 310 2351 publica,
335 2267 442 2334 estin
466 2272 603 2334 externo
626 2268 698 2334 foro
730 2271 914 2336 tractanda.
961 2269 1097 2334 sivero
1127 2269 1167 2333 de
1190 2268 1259 2334 solo
1283 2267 1412 2332 interno

93 2357 167 2422 foro
191 2357 310 2439 agitur,
335 2356 484 2439 indagari
507 2357 614 2436 debet,
639 2379 716 2422 num
740 2358 826 2424 circa
849 2358 934 2423 hunc
950 2380 1061 2423 casum
1078 2356 1245 2423 Tiburtius
1265 2356 1330 2421 iam
1353 2356 1412 2420 ha·

92 2446 203 2512 buerit
225 2445 308 2528 legis
332 2446 574 2512 ecclesiasticae
604 2446 738 2529 eiusque
767 2468 892 2532 poenae
922 2447 1083 2514 notitiam.
1129 2446 1219 2523 Quae
1248 2445 1280 2509 in
1310 2465 1411 2529 puero

93 2536 262 2617 impubere
285 2556 360 2600 raro
384 2535 499 2601 aderit.
532 2535 651 2611 Quodsi
666 2535 768 2618 igitur
783 2537 935 2614 abfuerit,
959 2535 991 2601 iu
1014 2537 1086 2602 foro
1102 2535 1229 2601 interno
1246 2533 1413 2601 Tiburtius

93 2645 266 2689 censuram
291 2645 355 2688 nou
378 2624 515 2690 incurrit
549 2628 649 2706 atque
671 2646 692 2691 a
715 2625 860 2708 quolibet
883 2625 1083 2692 confessario
1113 2646 1185 2689 cum
1209 2624 1279 2689 Deo
1302 2627 1413 2708 potest

92 2713 308 2779 reconciliari.
355 2712 457 2778 Immo
481 2719 616 2797 propter
640 2715 898 2781 controversiam
922 2715 962 2779 de
992 2715 1087 2780 huius
1110 2726 1283 2780 censurae·
1298 2716 1413 2778 exten·

92 2801 185 2867 sione
208 2802 304 2867 modo
326 2824 357 2868 n.
383 2804 446 2867 999
470 2806 636 2879 notatam,
668 2803 766 2869 etiam
791 2826 863 2869 eum
895 2825 1046 2887 puerum,
1078 2803 1132 2885 qui
1156 2824 1326 2868 censuram
1350 2801 1413 2867 sci·

93 2891 191 2971 verit,
216 2890 352 2973 quilibet
375 2890 593 2957 confessarius
616 2892 744 2957 facilius
768 2894 1006 2959 absolutionem
1030 2892 1151 2975 poterit
1175 2891 1352 2974 impertire.

481 3107 725 3183 ABSOLUTIO
750 3110 780 3174 A
803 3109 1026 3175 CENSURIS.

649 3264 758 3330 Casus.
787 3272 862 3339 (305)

183 3410 395 3469 Trasimundus
424 3410 503 3468 circa
531 3411 618 3468 finem
645 3410 787 3486 temporis
808 3409 958 3486 paschalis
984 3408 1087 3467 incidit
1114 3408 1144 3466 in
1165 3406 1351 3483 paenitentes
1372 3407 1412 3465 di·

92 3491 191 3551 versis
213 3491 346 3550 censuris
367 3490 492 3564 ligatos,
516 3490 700 3561 socialistas,
722 3490 981 3560 francomurarios,
1003 3488 1091 3547 duelli
1111 3493 1279 3566 patratores
1299 3492 1330 3545 et
1350 3488 1412 3545 fau·

91 3579 184 3643 tores,
206 3571 397 3647 magistratus
417 3570 563 3640 liberales,
586 3570 643 3646 qui,
665 3570 808 3645 gubernio
821 3572 967 3640 lavantes,
989 3568 1142 3628 Ecclesiae
1162 3568 1227 3626 iura
1246 3568 1412 3626 convellere

93 3653 216 3728 eiusque
242 3650 475 3710 iurisdictionem
503 3650 642 3727 impedire
668 3651 732 3709 ausi
756 3651 817 3709 sint
843 3657 899 3710 etc.
941 3649 1147 3709 confessarius
1169 3647 1412 3707 extraordinariis

92 3732 286 3792 facultatibus
301 3731 414 3807 quidem
430 3730 589 3790 destitutus
604 3736 666 3803 est;
688 3731 749 3803 sed,
772 3732 798 3791 si
813 3730 956 3790 dimiserit
976 3730 1163 3806 paenitentes
1177 3748 1236 3788 non
1251 3729 1411 3799 absolutos,

91 3813 209 3888 aliquos
230 3811 364 3871 afficeret
386 3831 493 3885 magno
515 3812 621 3871 rubore
643 3831 741 3870 coram
761 3811 950 3889 parentibus,
972 3829 1038 3868 cum
1059 3810 1210 3868 declarare
1232 3809 1359 3867 debeant
1379 3829 1412 3868 se

92 3912 152 3952 non
182 3911 271 3970 posse
302 3892 329 3952 S.
358 3890 595 3951 Communionem
624 3893 774 3967 recipere;
806 3892 880 3950 alios
910 3890 997 3949 valde
1026 3889 1219 3966 probabiliter
1248 3889 1413 3947 retraheret

92 3973 212 4051 penitus
234 3991 251 4030 a
273 3973 480 4042 sacramentis,
503 3991 568 4031 cum
589 3971 627 4030 iis
648 3971 769 4046 gravius
790 3971 843 4041 sit,
865 3977 933 4048 post
954 3970 1067 4044 aliquot
1087 3969 1285 4028 hebdomadas
1305 3968 1411 4027 iterum

92 4053 128 4112 ad
151 4053 363 4112 confessarium
382 4052 485 4111 redire.
516 4051 614 4121 Quare
635 4071 667 4110 se
689 4071 810 4127 gravem
830 4052 974 4109 rationem
996 4050 1104 4108 habere
1125 4054 1219 4126 putat,
1241 4068 1342 4106 omnes
1363 4050 1412 4106 ab·

92 4133 228 4192 solvendi
249 4134 304 4191 sub
318 4151 407 4191 onere
428 4132 506 4190 infra
519 4151 650 4190 mensem
664 4132 832 4190 recurrendi
847 4131 896 4189 vel
917 4149 1068 4189 recursum
1088 4129 1258 4207 possibilem
1271 4126 1411 4186 reddendi

92 4215 129 4273 ad
152 4213 181 4272 S.
202 4211 462 4271 Paenitentiamam
484 4212 603 4288 eiusque
623 4213 763 4270 mandata
784 4212 932 4270 humiliter
953 4210 1148 4288 suscipiendi,
1177 4210 1231 4267 sub
1252 4227 1348 4284 poena
1368 4227 1412 4266 re·

92 4293 241 4354 incidendi
260 4293 292 4351 in
314 4312 463 4352 censuras.

91 4400 271 4470 Quurarroa
292 4400 321 4455 1⁰
347 4398 411 4472 quis
433 4396 528 4473 possit
549 4395 695 4454 ordinarie
717 4396 871 4455 absolvere
893 4416 910 4454 a
932 4396 1073 4454 censuris.

290 4487 321 4543 2⁰
346 4487 487 4561 quomodo
506 4486 660 4560 agendum,
683 4485 708 4544 si
729 4486 884 4562 paenitens
904 4490 1032 4560 nequeat
1052 4484 1212 4559 legitimum
1231 4481 1411 4557 superiorem

345 4567 434 4625 adire.

292 4659 321 4713 3ο
346 4655 413 4730 quid
435 4655 473 4713 ad
494 4674 595 4714 casum
617 4661 647 4714 st
667 4654 774 4729 agendi
795 4653 939 4713 rationem
961 4652 1147 4713 Trasimundi
1168 4652 1208 4711 sit
1228 4651 1391 4712 dicendum.
