3106 5168
151 282 215 347 268
272 277 312 332 De
331 277 479 332 virtutibus
498 281 527 331 et
544 275 642 331 officiis
660 292 726 344 erga
744 275 875 331 homines.
893 303 928 314 -
948 273 1046 330 Officia
1064 273 1137 329 circa
1155 273 1254 328 Mnum
1273 273 1356 328 vitae.

150 460 260 522 utrum
283 454 471 521 enuntiatas
495 452 703 537 operationes
725 450 758 516 in
782 450 931 535 repetitis
954 451 1050 520 dictis
1073 449 1328 518 circumstantiis
1350 453 1476 515 iactau-

152 567 227 610 rarc
259 551 323 609 tato
352 545 483 628 potest,
516 544 547 610 S.
579 542 640 608 Off.
672 541 703 607 d.
732 540 871 606 241ulii
903 544 987 607 1895
1019 540 1280 625 respondendum
1313 538 1475 606 decrevit:

154 634 324 717 „Nepotiae
340 635 431 698 iusta
447 635 515 698 alia
532 633 667 715 decreta,
686 632 749 695 diei
765 633 881 696 scilicet
895 634 940 697 28
956 631 1040 697 Maii
1055 633 1142 697 1884
1161 637 1188 695 et
1203 632 1247 696 19
1258 632 1342 714 Aap.
1357 628 1476 696 1889&

90 761 141 816 526
240 746 293 812 Aa
309 767 498 823 quarsrrau
519 749 557 811 3m
581 747 619 812 R.
640 750 668 812 1.
708 748 796 813 Sicut
819 767 915 811 casus
939 754 1123 829 enarratur,
1148 744 1292 830 practice
1314 743 1477 826 loquendo

137 836 276 902 'medico
297 836 389 903 licuit
410 835 589 901 remedium
604 835 685 900 illud
701 835 789 913 dare,
814 834 963 919 Elpidiae
978 834 1058 901 illud
1074 855 1220 901 sumere:
1244 833 1405 916 siquidem
1429 833 1478 898 di-

152 930 241 991 recte
256 925 364 992 tendit
385 925 419 990 in
435 924 628 990 elevandum
644 924 803 999 morbum,
827 922 941 989 non'in
957 924 1199 1008 producendum
1215 923 1376 988 abortum.
1417 921 1479 998 Qui

152 1015 179 1079 si
203 1019 369 1097 sequatur,
394 1035 435 1079 ne
452 1012 597 1079 condicio
612 1013 742 1096 quidem
765 1013 874 1078 foetus
897 1013 988 1096 peior
1004 1013 1133 1079 evadet.
1171 1013 1257 1079 Nam
1281 1012 1309 1077 si
1333 1011 1478 1077 remedio

151 1125 217 1168 non
240 1103 385 1170 adhibito
408 1106 515 1169 mater
538 1102 704 1180 morietur,
727 1102 828 1168 etiam
852 1107 961 1168 actum
985 1102 1049 1168 erit
1072 1103 1112 1168 de
1135 1101 1206 1168 vita
1228 1101 1353 1178 foetus;
1379 1101 1478 1166 immo

152 1192 249 1258 valde
280 1192 494 1276 probabiliter
522 1191 699 1257 moriturus
729 1197 781 1258 est
810 1195 888 1258 ante
918 1195 1073 1269 matrem,
1107 1212 1180 1257 cum
1209 1189 1385 1275 temporali
1408 1190 1479 1256 vite

151 1280 248 1347 simul
271 1285 407 1348 aeterna
423 1280 494 1347 vita
516 1280 704 1365 privandus.
737 1280 770 1346 Si
786 1300 865 1345 vero
882 1280 1023 1346 remedio
1039 1279 1184 1346 adhibito
1207 1279 1350 1346 fortasse
1368 1279 1479 1346 foetus

151 1371 242 1454 prius
273 1370 426 1447 eiciatur,
456 1390 536 1434 sane
567 1369 656 1453 prius
686 1368 879 1444 emorietur‚
909 1390 1014 1452 neque
1044 1374 1171 1437 certum
1195 1373 1343 1435 osteum
1366 1367 1478 1434 vivum

152 1459 292 1526 eiectum
321 1458 377 1536 iri;
408 1462 557 1525 ettamen
584 1478 659 1542 spes
684 1479 756 1523 eum
780 1458 892 1524 vivum
915 1458 1050 1524 eiciendi
1073 1461 1173 1540 atque
1202 1456 1392 1540 baptizandi
1415 1478 1480 1522 non

153 1549 258 1614 minor
281 1548 338 1614 sed
362 1549 466 1614 maior
488 1547 597 1632 potius
621 1552 681 1614 est.

241 1654 280 1719 R.
299 1657 329 1719 2.
369 1652 587 1718 Nihilominus
609 1652 683 1736 plus
701 1651 836 1717 remedii
858 1650 1031 1735 periculosi
1054 1651 1219 1729 adhibere,
1244 1671 1342 1733 quam
1365 1671 1480 1717 neces·

153 1743 275 1808 sarium
298 1742 399 1808 fuerit
416 1762 480 1830 pro
503 1745 619 1818 matre,
643 1740 791 1823 graviter
813 1740 964 1806 illicitum
987 1744 1055 1818 est3
1079 1740 1113 1805 id
1135 1739 1221 1806 enim
1245 1741 1350 1805 solum
1374 1739 1481 1807 tendit

152 1832 186 1897 iu
203 1832 353 1987 aborttum
369 1831 548 1897 efficaciter
566 1831 814 1914 procurandum.
831 1830 993 1907 -Quare
1008 1829 1042 1894 in
1058 1829 1120 1896 hac
1134 1851 1171 1895 re
1186 1829 1316 1913 Elpidia
1331 1829 1481 1913 graviter

156 1942 315 2005 peccavi.

243 2027 281 2092 R.
307 2029 337 2093 3.
377 2027 456 2092 Post
479 2026 640 2103 abortum,
665 2046 760 2106 quem
784 2023 914 2108 Elpidia
937 2025 1007 2090 sine
1030 2025 1126 2108 culpa
1149 2045 1249 2109 passa
1271 2024 1325 2101 sit,
1350 2024 1380 2091 ei
1405 2023 1481 2090 licet

155 2115 284 2199 quidem
307 2114 451 2197 gaudere
474 2115 514 2179 de
536 2114 598 2179 hoc
621 2114 690 2179 eius
713 2115 841 2192 effectu,
866 2115 952 2196 quod
973 2135 1016 2180 ex
1030 2114 1192 2197 angustiis
1208 2114 1252 2180 sit
1267 2118 1399 2197 ereptam
1425 2113 1481 2179 sed

154 2205 258 2289 ipsum
275 2204 436 2281 abortum,
461 2208 637 2286 antequam
660 2205 728 2281 fiat,
752 2223 817 2268 non
834 2203 938 2268 solum
955 2225 1019 2268 non
1035 2203 1157 2269 directe
1174 2223 1311 2270 causare
1327 2204 1381 2268 vel
1405 2223 1481 2287 pro·

154 2314 296 2370 movere,
321 2292 378 2358 sed
401 2313 442 2357 ne
466 2291 652 2358 desiderare
672 2292 801 2374 quidem
816 2292 905 2371 licet,
929 2313 1002 2357 cum
1017 2292 1099 2358 haec
1114 2293 1159 2358 sit
1174 2291 1341 2376 perversio
1359 2290 1480 2357 ordinis

155 2382 313 2449 caritatis.
361 2381 527 2447 Summum
558 2381 669 2448 licebit
696 2381 742 2460 ei,
774 2380 978 2465 paenitentia
1001 2381 1163 2446 commissi
1187 2380 1329 2446 criminis
1353 2381 1480 2457 ductae,

155 2473 260 2537 Deum
283 2491 387 2549 orare,
411 2474 457 2546 ut,
482 2491 546 2552 quo
564 2470 680 2535 melius
696 2470 758 2554 ipsi
781 2471 921 2553 placeat,
946 2470 1116 2552 angustias
1132 2474 1274 2547 avertat,
1299 2468 1379 2534 nihil
1396 2469 1481 2554 apud

155 2581 191 2626 se
215 2561 254 2625 de
278 2559 392 2625 mediis
414 2559 599 2626 statuendo.

244 2666 283 2731 R.
300 2669 331 2731 4.
364 2664 397 2730 Si
414 2685 491 2729 vero
516 2665 558 2730 ad
580 2664 758 2729 sedandum
775 2663 933 2731 vomitum
957 2663 1073 2730 matris
1090 2664 1234 2730 medicus
1257 2668 1366 2731 tentet
1382 2665 1481 2731 etiam

156 2755 279 2821 directe
302 2753 427 2819 foetum
451 2753 571 2830 eicere,
602 2752 633 2817 id
658 2773 700 2818 ex
724 2775 824 2836 supra
847 2752 942 2819 dictis
965 2752 1097 2818 minime
1121 2753 1206 2821 licet.
1246 2753 1364 2835 Neque
1388 2754 1482 2819 abest

154 2844 239 2911 ratio
256 2844 318 2909 hac
335 2843 374 2908 de
390 2863 425 2907 re
441 2842 632 2923 inquirendi,
655 2841 683 2906 si
699 2842 738 2907 de
755 2843 898 2907 sedando
914 2843 1038 2908 vomitu
1055 2843 1170 2908 matris
1185 2842 1344 2925 gravidae
1361 2843 1480 2925 agitur.

155 2933 230 2999 Non
253 2954 330 2998 raro
353 2931 439 2997 enim
462 2931 543 2996 haec
568 2931 682 2996 matris
706 2931 851 2996 condicio
875 2953 948 2996 cum
971 2932 1170 3015 graviditate
1191 2931 1340 3013 uterique
1358 2953 1481 3016 expen-

155 3023 246 3088 sione
276 3021 446 3093 cohaeret3
478 3041 517 3086 ac
548 3021 640 3103 proin
671 3020 786 3085 medici
809 3019 905 3085 facile
928 3043 988 3104 pro
1012 3021 1154 3086 remedio
1178 3025 1330 3088 statuunt
1354 3026 1480 3087 uterum

155 3134 214 3196 per
236 3112 360 3178 foetum
385 3110 557 3192 expulsum
581 3109 622 3174 ad
646 3108 751 3173 minus
774 3110 926 3174 volumen
950 3110 1109 3191 redigere.

642 3336 769 3401 BELLI
793 3336 995 3403 IUSTITIA.

712 3490 822 3556 Casus.
851 3498 926 3566 (156)

245 3635 349 3703 Caius,
372 3639 475 3692 exorto
497 3634 589 3705 bello,
612 3633 727 3708 cogitur
748 3640 853 3692 contra
874 3634 975 3692 hostes
997 3652 1145 3709 pugnare;
1175 3634 1226 3693 sed
1248 3634 1334 3692 valde
1357 3636 1480 3703 dubitat,

155 3735 224 3773 num
246 3715 302 3773 sibi
323 3733 455 3791 pugnare
477 3713 580 3783 liceat,
610 3733 644 3772 eo
670 3714 746 3789 quod
768 3714 803 3772 de
831 3713 945 3772 iustitia
973 3713 1043 3772 belli
1071 3713 1127 3772 sibi
1155 3715 1325 3773 nullatenus
1355 3723 1481 3776 constat.

156 3794 264 3865 Immo,
287 3815 351 3852 cum
374 3795 413 3852 sit
433 3795 520 3852 homo
542 3795 693 3862 excultus,
722 3794 778 3852 sibi
799 3792 915 3853 ridetur
937 3814 973 3852 ex
995 3813 1029 3852 eo
1051 3793 1186 3853 illicitum
1207 3813 1273 3853 csse
1294 3795 1480 3871 belligerare,

157 3875 233 3951 quod
248 3875 312 3950 ipse
328 3875 366 3933 sit
382 3894 419 3932 ex
433 3881 517 3950 parte
533 3894 632 3932 eorum
646 3874 694 3949 qui
709 3874 817 3932 bellum
832 3874 1010 3944 indixerunt,
1026 3893 1120 3949 neque
1135 3880 1234 3933 tamen
1249 3875 1321 3934 iuris
1337 3876 1481 3936 certitudo

157 3956 208 4014 sed
230 3956 294 4013 sola
315 3955 507 4031 probabilitas
529 3955 665 4012 videatur
687 3953 808 4023 adesse,
830 3955 960 4030 iniquum
982 3959 1079 4012 autem
1102 3974 1184 4025 esse,
1206 3974 1271 4013 cum
1294 3957 1358 4014 sola
1380 3960 1481 4034 proba·

156 4036 271 4095 bilitate
293 4035 366 4093 iuris
387 4035 494 4093 bellum
516 4038 682 4110 operabam
704 4035 863 4110 suscipere.
896 4035 971 4091 Esse
987 4040 1084 4093 autem
1106 4055 1164 4093 non
1180 4036 1385 4095 certitudinem
1401 4038 1481 4108 iuris,

157 4117 207 4176 sed
230 4116 468 4192 probabilitatem
489 4121 603 4172 tantum
626 4134 719 4172 exeo
742 4114 873 4184 deducit,
903 4115 978 4189 quod
1001 4114 1130 4190 alioquin
1152 4116 1314 4175 adversarii
1336 4138 1396 4176 non
1418 4139 1481 4195 pos·

157 4207 223 4255 seut
251 4198 360 4255 habere
388 4195 476 4253 ullam
505 4194 577 4253 iuris
607 4194 752 4270 speciem,
781 4214 874 4270 neque
896 4215 996 4253 eorum
1017 4196 1126 4254 milites
1154 4196 1283 4270 gregarii
1310 4199 1396 4257 salva
1417 4219 1481 4258 con·

157 4277 282 4336 scientia
303 4282 426 4352 possent
448 4274 603 4346 dimicare;
625 4275 654 4332 id
675 4282 774 4333 tamen
796 4274 941 4333 neminem
964 4275 1062 4333 dicere
1084 4295 1187 4334 ausunr
1210 4297 1284 4337 esse.

158 4382 334 4452 Qunamrua
356 4385 384 4439 1⁰
410 4399 553 4454 quaenam
584 4400 675 4437 causa
703 4380 885 4455 requiratur,
921 4385 954 4438 ut
989 4381 1098 4438 bellum
1130 4381 1194 4456 geri
1229 4389 1316 4458 atque
1351 4385 1480 4458 practice

409 4461 518 4519 iustum
541 4461 596 4518 dici
619 4460 722 4536 possit.

355 4551 384 4608 2⁰
410 4568 554 4625 quaenam
575 4549 662 4607 huius
685 4549 817 4607 iustitiae
839 4549 982 4608 certitudo
1004 4548 1171 4624 requiratur
1192 4551 1222 4608 in
1243 4550 1344 4611 milite.

357 4641 386 4696 3ο
413 4638 479 4713 quid
502 4638 571 4698 Caio
593 4639 633 4697 sit
655 4638 817 4698 dicendum.
