3106 5168
162 287 225 351 298
298 283 339 338 Dc
357 283 505 338 virtutibus
523 287 551 338 et
570 283 667 338 officiis
685 301 750 352 erga
769 283 899 338 hominos.
919 315 951 325 -
971 285 1023 341 Off.
1042 287 1115 341 circa
1132 287 1202 342 bona
1220 292 1341 343 externa.

160 461 280 538 Quodsi
304 459 336 525 in
359 460 420 527 tali
434 460 513 525 loco
537 463 572 526 et
595 464 709 526 contra
725 459 883 526 eiusmodi
901 461 1056 528 animalia
1071 463 1203 529 venatio
1219 465 1265 540 lit,
1289 463 1321 529 in
1346 466 1483 548 singulis

161 548 543 705 affimalibustcapiendis
566 548 707 615 laeditur
730 549 889 626 domiuus,
916 550 1074 633 siquidem
1098 551 1228 635 singula
1251 558 1328 619 sunt
1351 554 1416 620 iam
1441 557 1482 621 ab

160 661 171 704 1
198 661 216 703 o
240 659 362 722 occupa
380 658 409 704 a.

248 737 287 802 R.
313 740 343 802 2.
390 735 423 802 Si
446 755 525 800 vero
548 736 587 801 fit
609 734 742 801 venatio
765 735 798 801 in
821 735 892 800 loco
916 741 1031 819 aperto
1055 742 1089 804 et
1111 738 1235 821 pervio,
1259 739 1414 807 animalia
1438 742 1481 806 ibi

160 825 353 892 exsistentia
383 824 488 891 adhuc
517 825 640 890 habent
669 825 852 890 naturalem
882 845 974 890 suam
1003 825 1208 904 libertatem,
1239 829 1382 894 nondum
1405 838 1482 897 sunt

159 918 333 998 occupata,
365 935 404 979 ac
426 913 519 997 proin
543 932 602 997 per
624 934 660 978 se
683 915 766 979 fiunt
788 913 882 997 primi
907 915 1112 998 occupantis,
1136 916 1157 981 i.
1181 935 1209 984 e.
1234 919 1402 983 venatoris
1426 921 1479 1002 qui

60 1045 65 1059 ·
159 1022 198 1068 ea
222 1003 340 1069 occidit
363 1002 415 1068 vel
439 1001 537 1086 capit.
584 1001 636 1068 lta
658 1002 777 1068 saltem
801 1023 842 1068 ex
865 1003 935 1068 solo
960 1003 1030 1069 iure
1053 1005 1194 1071 naturali
1218 1007 1437 1073 abstrahendo
1461 1030 1481 1074 a

158 1091 284 1174 legibus
309 1090 469 1176 positivis,

247 1199 285 1264 R.
312 1201 341 1265 3.
388 1195 605 1262 Nihilominus
629 1196 757 1278 quaudo
785 1196 871 1263 iuste
897 1197 948 1262 ius
971 1198 1112 1263 venandi
1135 1198 1326 1281 quibusdam
1349 1205 1478 1268 tautum

159 1287 324 1370 competit,
350 1286 404 1351 alii
422 1286 595 1352 venatione
619 1285 881 1351 immoderatiore
901 1286 966 1351 illis
988 1286 1134 1354 inferunt
1150 1287 1318 1362 damnum;
1343 1289 1480 1373 ideoque

158 1377 334 1441 secundum
366 1395 504 1456 aequam
535 1373 796 1440 aestimationem
826 1374 1011 1458 iustamque
1043 1397 1132 1460 spem
1165 1378 1364 1444 restitutioni
1399 1381 1479 1447 fiunt

158 1464 299 1532 obnoxii.
339 1464 461 1528 Verum
485 1463 640 1529 eiusmodi
664 1463 816 1528 damnum
840 1485 904 1529 non
928 1469 1080 1531 censetur
1102 1465 1239 1545 illatum,
1264 1466 1325 1532 nisi
1348 1470 1480 1552 saepius

158 1555 210 1620 vel
241 1554 335 1638 plura
365 1551 518 1618 animalia
541 1552 663 1617 fuerint
686 1557 783 1636 capta
807 1552 859 1618 vel
883 1553 998 1621 occisa.
1044 1554 1094 1619 De
1117 1555 1241 1636 reliquo
1265 1556 1355 1638 leges
1379 1558 1480 1623 etiam

158 1643 328 1729 positivae,
353 1642 526 1724 siquando
548 1641 749 1723 singulorum
765 1641 864 1707 etiam
881 1642 1067 1707 animalium
1084 1645 1291 1709 venationem
1308 1650 1423 1713 vetent
1446 1652 1481 1712 et

156 1732 303 1818 puniant,
328 1731 517 1814 plerumque
540 1751 599 1814 pro
621 1730 747 1813 legibus
771 1751 813 1796 ox
836 1751 872 1795 se
894 1752 974 1815 pure
990 1732 1180 1815 poenalibus
1203 1733 1374 1803 habentur.
1415 1735 1478 1800 Sed

156 1823 369 1903 inquantum
394 1820 522 1885 domino
545 1818 637 1884 fundi
661 1820 713 1884 vel
738 1818 768 1884 ei
792 1819 845 1901 qui
876 1820 926 1885 ius
949 1820 1090 1885 venandi
1119 1821 1277 1887 conduxit
1306 1844 1365 1907 per
1387 1824 1479 1906 leges

157 1911 254 1977 datur
277 1909 417 1975 facultas
442 1907 642 1992 postulandi,
674 1913 711 1974 ut
733 1908 793 1972 sibi
824 1909 946 1991 pracda
969 1914 1067 1992 capta
1090 1911 1258 1987 tradatur,
1288 1911 1349 1977 hoc
1371 1913 1422 1977 ius
1445 1914 1478 1978 in

156 1997 356 2066 conscientia
378 1998 478 2074 valet,
503 2001 546 2073 et,
570 1996 789 2081 postulatione
812 1997 913 2075 facta,
937 1997 1022 2064 alter
1043 1998 1077 2062 in
1100 1999 1300 2066 conscientia
1321 2002 1478 2085 praedam

154 2089 287 2156 tradere
311 2088 416 2153 debet.

93 2191 145 2246 586
243 2187 283 2252 R.
301 2189 331 2252 4.
370 2183 565 2250 Accuratius
581 2182 703 2264 aliquid
719 2187 753 2249 et
768 2183 914 2248 severius
930 2183 1048 2250 statuit
1065 2205 1186 2249 novum
1204 2186 1255 2250 ius
1272 2186 1477 2262 Germaniae,

155 2297 218 2358 quo
241 2277 295 2351 fit,
319 2278 357 2339 ut
380 2273 470 2355 leges
493 2272 586 2349 illae,
610 2272 639 2337 si
662 2293 774 2337 omnes
797 2277 1004 2356 spectantur,
1030 2294 1094 2338 non
1118 2295 1198 2357 pure
1222 2275 1377 2358 poenales
1400 2277 1475 2343 sint.

154 2365 320 2442 Quatenus
336 2371 441 2427 vetunt
456 2361 672 2438 venationem,
697 2360 849 2426 existimo
865 2360 955 2444 leges
971 2362 1070 2428 etiam
1094 2361 1168 2428 illas
1191 2385 1287 2447 posse
1310 2365 1393 2429 sumi
1418 2387 1476 2448 pro

153 2475 234 2538 pure
258 2451 457 2536 poenalibus.
504 2450 567 2516 Sed
590 2450 624 2514 in
647 2450 757 2516 codice
781 2449 798 2532 ἓ
823 2453 887 2515 958
911 2451 1031 2528 obstat,
1056 2452 1226 2534 quominus
1249 2456 1397 2530 venator,
1423 2456 1477 2536 qui

82 2621 86 2628 .
154 2546 270 2608 contra
298 2542 389 2623 leges
419 2544 574 2617 venatur,
608 2539 795 2622 occupando
826 2540 983 2623 praedam
1013 2538 1082 2605 eius
1112 2540 1287 2606 dominium
1317 2543 1475 2624 acquirat.

154 2631 250 2697 Unde
273 2632 326 2707 fit,
357 2634 394 2695 ut
422 2629 546 2713 praeda
575 2633 707 2694 maneat
735 2631 877 2708 nullius,
905 2649 981 2693 narn
1004 2628 1124 2693 domini
1155 2629 1246 2695 fundi
1270 2631 1323 2695 vel
1346 2634 1476 2716 lepitimi

154 2720 322 2785 venatoris
352 2722 501 2783 nonest.
548 2718 724 2799 Hucusque
747 2717 831 2781 cuim
859 2716 931 2782 fera
961 2716 1060 2783 etiam
1090 2719 1266 2783 secundum
1289 2719 1380 2802 leges
1405 2727 1477 2787 erat

152 2811 294 2877 arellius:
316 2811 515 2890 quapropter
531 2811 566 2873 ut
586 2806 722 2871 alicuius
737 2808 805 2884 fiat,
831 2806 928 2872 debet
944 2806 1111 2889 occupari;
1137 2812 1269 2890 praeter
1285 2815 1474 2876 venatorem

152 2902 263 2963 autem
287 2896 508 2977 illegitimum,
541 2895 594 2976 qui
618 2895 796 2960 efficaciter
819 2916 977 2979 occupare
1007 2916 1071 2959 non
1103 2901 1226 2979 potest,
1258 2905 1398 2964 nonest
1423 2901 1474 2981 qui

153 2986 372 3070 occupaverit.

241 3077 396 3140 Attamen
427 3074 454 3138 si
478 3076 616 3138 venator
645 3072 699 3138 ille
727 3071 918 3153 illegitimus
948 3071 1155 3138 nihilominus
1185 3074 1339 3156 praedam
1364 3096 1473 3141 secum

151 3164 299 3248 sumpsit,
323 3162 424 3228 inscio
440 3168 597 3227 venatore
619 3161 775 3242 legitimo,
801 3181 937 3242 eamque
954 3162 1006 3226 vel
1023 3163 1222 3244 consumpsit
1248 3164 1298 3228 vel
1316 3165 1473 3240 vendidit,

153 3276 226 3319 cum
255 3253 288 3316 in
319 3251 478 3317 neminem
509 3251 695 3334 peccaverit
725 3250 853 3333 proprie
877 3255 991 3315 contra
1014 3250 1172 3316 iustitiam
1197 3254 1474 3327 commutatiram,

152 3341 352 3408 restitutioni
382 3340 541 3405 obnoxius
571 3361 636 3403 non
666 3344 733 3415 est,
765 3344 939 3421 antequam
970 3339 1135 3420 legitimus
1160 3341 1213 3404 ille
1237 3347 1376 3406 venator
1406 3343 1475 3407 sive

152 3431 300 3496 dominus
323 3429 414 3493 fundi
444 3450 512 3492 rem
538 3428 729 3510 cognoverit
752 3433 868 3508 atque,
900 3449 983 3509 quae
1013 3429 1074 3493 sibi
1105 3429 1220 3510 alege
1244 3431 1474 3501 conceduntur,

152 3520 236 3584 serio
260 3517 487 3602 postulaverit.

92 3641 142 3694 587
240 3635 293 3700 An
317 3653 507 3709 canusinum
532 3635 570 3695 2³⁰
600 3631 639 3697 R.
668 3634 694 3698 1.
746 3632 810 3697 Per
840 3654 875 3697 se
906 3631 1065 3698 Silvester
1095 3632 1269 3715 acquisivit
1299 3634 1474 3699 dominium

152 3723 309 3807 praedam
341 3727 439 3803 atque
462 3721 565 3785 solum
590 3721 617 3784 si
640 3721 810 3786 immodice
833 3725 972 3786 venatus
996 3727 1063 3798 est,
1093 3723 1132 3787 ad
1158 3722 1299 3804 aliquam
1323 3744 1475 3807 compen·

152 3813 312 3877 sationem
336 3832 394 3894 per
417 3831 451 3874 se
477 3814 622 3875 tenetur:
654 3810 727 3886 sed,
759 3813 796 3874 ut
826 3815 923 3875 antea
948 3810 1067 3874 dictum
1094 3815 1160 3887 est,
1193 3812 1282 3892 leges
1313 3813 1474 3894 positivae

152 3902 284 3966 obstare
313 3903 466 3983 possunt,
498 3899 667 3981 quominus
695 3898 870 3964 dominium
900 3899 1104 3980 acquiratur,
1136 3900 1222 3966 sicut
1252 3922 1287 3964 re
1312 3922 1391 3965 vera
1420 3902 1475 3966 lex

153 3989 347 4055 Gennaniae
371 3990 491 4054 obstat.

241 4088 279 4155 R.
305 4090 333 4154 2.
382 4085 451 4151 Nisi
483 4086 572 4168 leges
603 4085 764 4169 positivae
791 4086 824 4150 id
848 4086 922 4151 Tito
947 4086 1142 4161 concedant,
1174 4090 1210 4150 ut
1239 4088 1384 4169 postulet
1415 4088 1474 4152 sibi

152 4176 307 4259 praedam
338 4175 496 4251 dandam,
536 4196 600 4239 non
632 4175 738 4258 potuit
777 4175 862 4240 iuste
899 4196 970 4238 eam
1003 4175 1170 4257 postulare
1202 4180 1239 4240 ut
1271 4197 1339 4240 rem
1372 4198 1474 4241 suam.

153 4267 273 4330 Verum
304 4287 362 4348 pro
386 4264 626 4330 renuntiatione
654 4263 732 4327 iuris
757 4264 841 4345 quod
865 4263 978 4329 habuit
1002 4264 1212 4328 denuntiandi
1237 4264 1387 4330 Silvestri
1417 4287 1475 4348 po·

151 4356 215 4420 tuit
239 4356 410 4419 etiamtum
434 4375 505 4417 cum
532 4353 591 4417 lroc
615 4353 734 4436 pacisci
759 4352 799 4416 dc
823 4354 944 4436 praeda
968 4352 1028 4416 sibi
1052 4352 1221 4418 tradenda.

239 4460 278 4526 R.
297 4463 327 4527 3.
352 4459 442 4534 Quod
467 4458 494 4522 si
518 4459 565 4523 ita
582 4464 689 4523 actum
707 4462 767 4532 est,
793 4458 950 4524 Silvestre
974 4480 1038 4522 non
1063 4458 1152 4525 licuit
1176 4463 1291 4542 postea
1315 4460 1474 4526 occultam

153 4549 449 4631 compensationem
473 4548 598 4621 facere;
631 4569 706 4611 uam
730 4552 863 4612 coactus
887 4554 937 4613 est
968 4569 1032 4612 non
1061 4547 1180 4613 iniuste
1212 4549 1253 4613 ad
1277 4548 1380 4613 feram
1405 4555 1474 4615 tra·

153 4638 304 4714 dandam,
331 4637 447 4702 saltem
473 4637 531 4699 sub
556 4635 759 4712 condicione,
784 4637 868 4718 quod
888 4637 981 4702 Titus
1004 4636 1109 4719 ipsum
1134 4658 1197 4701 non
1222 4638 1474 4705 denuntiaverit.
