3106 5168
160 278 223 342 204
316 272 357 327 De
375 270 523 326 virtutibus
542 273 570 324 ot
588 270 686 325 officiis
703 286 770 338 erga
787 270 918 325 homines.
938 300 970 310 ·-
990 269 1098 325 Caritas
1115 269 1144 324 in
1162 270 1322 341 proximum.

160 471 232 514 cum
256 449 394 515 aliorum
410 448 514 514 ruina.
545 447 751 531 Quapropter
767 447 865 513 etiam
882 448 964 513 haec
978 447 1065 515 actio
1083 446 1118 512 in
1133 468 1169 512 se
1185 447 1280 526 bona,
1304 446 1333 512 si
1348 451 1485 532 propter

159 539 249 605 illam
274 538 484 604 conexionem
509 537 616 604 omitti
640 537 768 615 debeat,
793 536 912 605 dicitur
933 537 1004 602 iure
1025 538 1133 602 minus
1155 545 1251 603 recta.

249 644 288 710 a.
314 646 344 710 2.
390 644 506 710 Potest
529 664 601 708 esse
623 646 661 708 ut
691 642 801 724 aliqua
823 642 909 708 actio
933 663 975 708 ex
998 648 1119 709 natura
1141 663 1201 709 sua
1223 642 1268 709 sit
1290 664 1355 709 non
1378 643 1483 709 solum

160 736 335 815 utcumque
367 732 610 816 peccaminosa,
643 732 701 797 sed
733 731 833 799 etiam
864 731 1001 797 aliorum
1032 732 1074 797 ad
1103 736 1273 815 peccatum
1299 732 1483 799 incentiva:

160 843 243 905 quae
266 821 428 888 rationem
457 820 611 887 scandali·
627 821 742 899 habet,
774 841 812 886 eo
836 820 906 904 ipso
930 820 1015 902 quod
1042 826 1199 905 ponatur,
1230 821 1294 888 etsi
1316 821 1403 888 forte
1427 843 1484 906 per

159 911 310 977 accidens
340 930 435 976 nemo
465 930 579 977 ansam
609 910 724 976 ruinae
752 909 827 974 inde
857 913 975 976 sumat.
1006 946 1050 956 —
1080 909 1235 976 Actiones
1264 931 1344 976 vero
1375 932 1418 977 ex
1448 932 1482 976 se

158 1021 223 1066 non
255 1000 361 1066 malae
393 1000 451 1065 sed
482 1001 588 1065 bonae
617 999 778 1066 rationem
807 998 955 1064 scandali
983 1019 1046 1064 non
1078 999 1219 1076 habent,
1251 999 1314 1064 nisi
1344 1021 1387 1066 ex
1417 999 1482 1065 sin-

158 1089 326 1172 gularibus
349 1087 603 1155 circumstantiis
629 1088 863 1173 praevideatur
884 1089 927 1154 ab
949 1087 1022 1153 aliis
1045 1087 1120 1153 inde
1143 1087 1228 1153 sumi
1250 1109 1365 1155 ansam
1388 1089 1481 1173 spiri·

157 1179 258 1244 tualis
280 1178 404 1244 ruinae.

248 1282 287 1349 R.
312 1285 342 1348 3.
390 1281 586 1347 Scandalum
617 1280 761 1347 activum
792 1280 1005 1363 distinguitur
1035 1282 1188 1347 directum
1220 1286 1255 1348 et
1277 1281 1482 1348 indirectum.

158 1372 254 1437 Prius
277 1371 382 1447 adest,
407 1371 434 1436 si
458 1371 530 1452 quis
554 1370 682 1436 actione
705 1391 765 1435 sua
787 1371 925 1435 intendit
947 1370 1087 1436 alterum
1104 1371 1146 1437 ad
1161 1370 1195 1436 id
1211 1369 1296 1453 quod
1312 1376 1482 1455 peccatum

159 1466 211 1528 est
246 1481 442 1545 provocare:
480 1466 595 1542 estque
627 1460 835 1542 diabolicum,
874 1461 1002 1542 quando
1040 1464 1212 1543 peccatum
1244 1460 1387 1526 alienum
1420 1485 1482 1548 quc

157 1559 317 1637 peccatum
333 1548 530 1624 intenditur;
554 1551 739 1635 sirnpliciter
755 1550 918 1627 directam,
943 1550 1072 1630 quando
1089 1549 1149 1614 sub
1165 1549 1231 1615 alia
1247 1549 1385 1627 ratione,
1402 1572 1434 1616 v,
1451 1571 1481 1632 g.

158 1640 310 1724 propriae
334 1638 497 1716 utilitatis,
522 1637 711 1703 intenditur.
731 1676 775 1684 —
793 1638 987 1702 Scandalum
1012 1639 1202 1704 indirectum
1224 1638 1328 1717 adest,
1354 1641 1482 1721 quando

158 1749 223 1793 non
254 1727 435 1793 intenditur
464 1727 497 1791 in
524 1747 559 1791 se
583 1727 724 1792 alienum
754 1731 941 1810 peccatum,
973 1730 1119 1793 attamen
1143 1726 1355 1811 praevidetur
1378 1749 1482 1811 neque

158 1822 385 1902 praecavetur,
410 1816 503 1899 proin
526 1837 629 1898 agens
652 1815 731 1880 illud
754 1816 826 1882 vult
849 1815 883 1880 in
906 1836 1005 1881 causa
1027 1835 1086 1881 seu
1108 1816 1276 1883 indirecte.

97 1932 150 1987 400
247 1922 287 1989 R.
312 1926 343 1989 4.
390 1922 584 1987 Scandalum
607 1926 769 2008 passivo-m
793 1920 1021 2003 distinguitur:
1052 1921 1244 2005 simpliciter
1265 1922 1351 2002 tale,
1382 1923 1483 2008 pusil-

157 2012 273 2082 lorum.
297 2011 525 2095 pharisaicum.

248 2100 442 2165 Scandalum
466 2102 650 2185 sinpliciter
673 2101 734 2166 tole
756 2098 837 2164 illud
853 2104 913 2175 est,
939 2098 1024 2180 quod
1040 2118 1083 2163 ex
1098 2103 1218 2164 natura
1233 2098 1374 2166 actionis
1389 2122 1483 2166 scau·

159 2190 225 2254 dali
259 2189 359 2255 activi
392 2211 450 2273 per
482 2211 517 2254 se
550 2188 697 2270 sequitur
730 2194 829 2270 atque
863 2187 1092 2265 communiter,
1133 2192 1284 2271 spectata
1318 2189 1482 2255 hominum

157 2285 287 2356 natura,
304 2278 410 2344 locum
426 2278 541 2345 habet:
566 2299 667 2360 quare
682 2277 757 2343 huic
772 2277 927 2343 scandalo
943 2276 1077 2360 passivo
1093 2277 1235 2343 maxime
1251 2278 1481 2345 correlativum

158 2373 209 2434 est
232 2368 421 2432 scandalum
445 2367 599 2433 activum.

247 2457 442 2523 Scandalum
462 2459 654 2543 pusillorum
678 2455 805 2531 dicitur,
831 2455 859 2519 si
883 2476 964 2521 ansa
985 2455 1100 2520 ruinae
1123 2453 1304 2539 spiritualis
1321 2456 1481 2538 quoddam

158 2545 404 2611 fundamentum
436 2546 565 2627 quidem
592 2545 692 2611 habet
715 2545 747 2609 iu
772 2544 879 2609 aliena
902 2545 1046 2622 actione,
1079 2547 1227 2610 attamen
1250 2565 1315 2609 non
1339 2549 1409 2611 tam
1433 2552 1483 2612 est

157 2633 191 2700 in
219 2634 277 2701 illa
306 2634 494 2717 quaerenda
524 2655 619 2716 quam
644 2634 678 2698 in
701 2633 835 2717 speciali
858 2633 1048 2699 infirmitate
1072 2633 1125 2698 vel
1147 2633 1337 2716 ignorantia
1360 2655 1481 2713 eorum,

158 2722 213 2806 qui
236 2723 511 2789 scandalizantur:
537 2723 569 2787 hi
593 2726 670 2788 sunt
693 2721 802 2805 pusilli
825 2723 858 2787 in
881 2721 1008 2805 spiritu.

246 2812 441 2878 Scandalum
470 2814 690 2897 picorisaicum
720 2811 799 2875 illud
829 2816 896 2886 est,
927 2810 1012 2893 quod
1042 2811 1208 2894 proprium
1232 2811 1479 2880 fundamentum

154 2901 188 2965 in
213 2901 321 2966 aliena
344 2901 472 2967 actione
496 2900 691 2978 nonhabet,
716 2901 773 2964 sed
790 2920 831 2963 ex
848 2900 974 2965 malitia
990 2920 1112 2975 eorum,
1138 2899 1192 2981 qui
1208 2900 1479 2975 scandalizantur.

155 2995 263 3057 ortum
280 2990 379 3067 ducit,
404 2991 488 3055 sicut
504 2990 692 3056 scandalum
710 2987 967 3073 pharisaeorum,
992 2989 1044 3070 qui
1062 3010 1103 3053 ex
1120 2989 1335 3055 sanctissimis
1352 2991 1480 3056 Domini

154 3078 269 3145 Nostri
300 3079 451 3162 operibus
483 3100 597 3144 ansam
621 3083 830 3164 sumpserunt
853 3077 1100 3161 blasphemandi
1131 3082 1166 3144 et
1189 3098 1261 3143 sese
1284 3078 1319 3143 in
1341 3079 1480 3145 infideli·

153 3171 224 3234 tate
247 3168 441 3236 obstinandi.

92 3293 143 3345 401
243 3281 295 3347 An
320 3304 510 3360 Quassrruu
535 3285 574 3345 2¹²
597 3282 635 3347 R.
665 3285 692 3348 1.
740 3282 934 3346 Scandalum
967 3280 1125 3346 directum
1156 3302 1285 3366 semper
1307 3288 1478 3366 peccatum

154 3375 205 3437 est
229 3378 344 3438 contra
368 3372 540 3438 caritatem
564 3376 597 3436 et
621 3375 736 3436 contra
760 3393 832 3436 eam
857 3371 1022 3446 virtutem,
1048 3374 1284 3453 contraquam
1308 3379 1477 3455 peccatum

153 3461 314 3527 intentum
345 3466 513 3536 versatum
546 3459 738 3524 diabolicum
769 3461 958 3526 scandalum
989 3459 1162 3525 caritatem
1195 3461 1297 3526 laedit
1327 3463 1478 3546 specifica

153 3549 280 3613 malitia
303 3553 337 3614 et
359 3550 526 3631 gravitate
550 3548 713 3615 distincta.

242 3644 279 3710 R.
306 3650 335 3712 2.
383 3646 577 3711 Scandalum
602 3646 795 3711 indirectum
826 3646 924 3712 etiam
948 3652 1121 3730 peccatum
1145 3652 1196 3714 est
1219 3646 1337 3712 saltem
1363 3654 1477 3716 contra

153 3734 325 3800 caritatem
357 3736 496 3818 proximi
526 3736 558 3800 in
590 3736 737 3800 omnibus
769 3736 914 3813 casibus,
947 3736 1063 3819 quibus
1094 3737 1179 3802 actio
1210 3758 1283 3801 mea
1315 3738 1476 3804 rationem

152 3824 298 3888 scandali
328 3824 464 3899 retinet,
497 3847 554 3889 seu
585 3824 714 3906 quando
751 3829 885 3908 propter
917 3825 1083 3908 passivum
1117 3825 1254 3890 aliorum
1286 3828 1475 3893 scandalum

151 3916 266 3978 teneor
289 3913 329 3976 ab
354 3934 394 3978 ea
417 3914 545 3979 actione
569 3914 744 3980 abstinere.
791 3915 882 3979 Haec
912 3915 995 3979 ratio
1023 3914 1056 3978 in
1084 3915 1213 3980 actione
1236 3915 1368 3981 aliunde
1391 3917 1477 3982 mala

151 4021 270 4066 novam
294 4002 454 4067 malitiam
478 4002 585 4078 addit,
616 4003 648 4067 in
678 4003 807 4067 actione
831 4003 913 4067 alias
936 4025 999 4067 non
1023 4003 1111 4068 mala
1136 4005 1230 4069 unica
1254 4010 1306 4071 est
1328 4006 1473 4073 malitia:

152 4111 254 4171 eaque
277 4090 310 4154 in
335 4091 463 4156 actione
487 4092 617 4157 aliunde
640 4092 758 4156 leviter
780 4092 867 4155 mala
890 4096 1001 4175 potest
1024 4113 1096 4159 esse
1119 4092 1332 4176 superaddita
1350 4095 1475 4160 malitia

151 4179 316 4257 mortalis,
341 4181 397 4245 sed
422 4180 520 4247 etiam
545 4180 616 4245 vice
639 4202 745 4246 versa.
792 4180 879 4244 Nam
903 4181 988 4246 sitne
1012 4183 1096 4248 ratio
1120 4182 1267 4247 scandali
1291 4184 1475 4250 mortaliter

150 4269 246 4346 mala,
271 4270 393 4353 pendet
415 4270 456 4335 ab
480 4292 529 4347 eo,
553 4274 662 4335 utrum
687 4269 741 4334 alii
765 4269 950 4335 excitentur
973 4271 1013 4335 ad
1038 4277 1175 4354 peccata
1191 4272 1344 4337 mortalia
1368 4273 1473 4354 sitque

149 4379 223 4422 mea
253 4359 340 4425 actio
370 4359 411 4423 iis
438 4380 519 4424 ansa
542 4359 724 4443 propinqua
753 4379 877 4436 annon,
911 4360 1086 4425 ueletiam
1111 4361 1152 4425 ab
1176 4381 1231 4438 eo,
1264 4365 1375 4426 utrum
1399 4383 1472 4446 pec-

150 4447 215 4512 cati
239 4448 336 4512 alieni
360 4449 403 4513 sit
427 4448 509 4514 levis
532 4448 671 4532 suspicio
696 4469 736 4513 an
761 4448 881 4513 certior
904 4449 1076 4531 praevisio.

238 4537 285 4601 tf.
311 4537 506 4622 Alphona
539 4538 586 4612 ΙΙ,
618 4540 677 4612 45ς
709 4537 838 4618 Lug0‚
870 4539 918 4601 Dc
941 4541 1060 4622 pacarit.
1093 4539 1122 4603 d.
1150 4541 1207 4614 16,
1239 4560 1269 4606 n.
1298 4540 1360 4605 158
1385 4561 1471 4621 sqq.;

150 4623 508 4692 Ballerini·Palm.
533 4627 553 4691 l.
580 4648 606 4692 c.
631 4650 662 4692 n.
690 4629 762 4691 199.
