3106 5168
225 1067 446 1155 CULTUS
476 1068 574 1153 DEI
607 1068 1134 1278 PERLffllgqlglENTUM
1163 1068 1408 1175 EIUSQUE

580 1412 834 1480 IURAMENTI
857 1412 1053 1481 NATURA.

720 1568 830 1637 casus.
859 1577 917 1647 (tt)

244 1712 332 1771 (laius
353 1711 431 1770 solet
451 1709 576 1770 assertis
598 1709 661 1769 suis
682 1710 807 1770 addere:
833 1729 902 1787 ,per
923 1709 1051 1770 animam
1070 1729 1175 1784 meam,
1196 1731 1250 1789 per
1269 1712 1356 1771 fidem
1377 1731 1483 1786 meam,

153 1810 241 1868 quam
262 1811 333 1851 vere
354 1792 436 1851 Deus
457 1790 591 1862 exsistit;
621 1791 702 1850 Deus
723 1810 770 1850 me
791 1791 912 1867 puniat,
936 1790 1070 1851 diabolus
1090 1810 1138 1852 me
1158 1792 1272 1868 rapiat,
1299 1792 1358 1853 nisi
1380 1812 1484 1854 verum

154 1871 223 1943 sit“,
253 1891 344 1949 eaque
366 1871 523 1948 aliquando
545 1870 634 1930 etiam
660 1870 692 1929 in
713 1870 826 1944 dubiis,
855 1871 942 1930 immo
963 1871 1122 1948 aliquoties
1142 1872 1173 1931 in
1195 1872 1279 1932 falsis
1299 1892 1339 1933 ex
1359 1874 1484 1934 levitate

155 1952 297 2012 adhibuit.
338 1951 440 2029 Nuper
467 1950 557 2010 etiam
584 1950 687 2010 amicis
716 1950 779 2010 suis
802 1971 894 2026 grave
916 1950 1026 2011 crimen
1048 1951 1129 2011 tertii
1155 1952 1199 2011 ita
1225 1955 1378 2024 amavit,
1406 1955 1483 2032 quod

155 2033 272 2110 putavit
293 2032 408 2110 quidem
429 2051 540 2103 verum,
563 2036 674 2091 utnon
695 2030 760 2090 sina
781 2032 860 2090 omni
880 2031 1045 2093 formidine.

155 2140 333 2214 Quannmua
355 2143 383 2199 1⁰
408 2138 477 2216 quid
497 2138 538 2198 sit
557 2138 755 2197 iuramentum
776 2142 806 2196 et
826 2137 894 2214 quid
915 2137 953 2197 sd
973 2137 1046 2197 illud
1066 2137 1242 2215 requiratur.

353 2230 384 2288 2⁰
409 2246 483 2305 quae
504 2226 566 2287 sint
586 2226 772 2287 condiciones
793 2225 961 2297 iuramenti,
981 2226 1087 2302 quibus
1107 2225 1220 2287 licitum
1241 2226 1358 2288 evadat.

353 2321 383 2379 3ο
409 2317 478 2394 quid
500 2317 535 2376 de
557 2315 681 2392 singulis
703 2315 822 2375 ossibus
844 2314 908 2375 (iaii
929 2314 970 2374 sit
990 2314 1187 2376 iudicandum.

753 2499 889 2567 Salutio.

93 2651 147 2708 233
245 2640 298 2707 An
321 2661 512 2718 euasurus
538 2645 575 2707 lm
597 2641 637 2707 R.
657 2644 686 2707 1.
724 2642 945 2707 Iurcmcntum
969 2646 1020 2708 est
1042 2640 1207 2708 invocatio
1223 2640 1285 2708 Dei
1305 2641 1340 2707 in
1364 2646 1486 2710 testem

156 2730 324 2806 veritatis;
348 2730 377 2795 si
400 2729 533 2814 iusuper
555 2729 728 2797 invocatur
751 2734 788 2797 ut
811 2730 933 2796 vindex
955 2729 1099 2814 periurii,
1124 2730 1243 2797 dicitur
1265 2730 1486 2799 iuramentum

158 2822 412 2887 exsecutori-om.
437 2856 481 2865 —
510 2818 680 2885 Invocatio
704 2822 814 2885 autem
839 2819 900 2885 Dei
922 2820 993 2885 fieri
1015 2823 1126 2904 potest
1150 2819 1321 2905 explicite,
1347 2821 1399 2887 vel
1424 2820 1487 2887 im·

155 2909 268 2994 plicita
291 2909 421 2992 quando
448 2908 575 2975 seilicet
598 2907 752 2992 explicite
776 2908 987 2975 nominantur
1010 2912 1181 2975 creaturae
1205 2908 1380 2992 inquibus
1410 2931 1487 2995 spe·

157 2999 231 3066 ciali
255 2999 350 3064 modo
374 2997 435 3064 Dei
458 2998 620 3066 attributa
642 2998 800 3064 relucent.

245 3106 284 3171 R.
303 3108 333 3172 2.
363 3104 587 3187 Distinguitur
601 3103 819 3170 iuramentum
836 3106 1042 3171 assertorium
1059 3107 1093 3170 et
1107 3107 1358 3189 promissorium.
1390 3104 1487 3171 Prius

156 3195 305 3273 habetur,
330 3192 358 3259 si
380 3195 470 3260 Deus
492 3195 667 3260 invocatur
690 3195 727 3259 ut
750 3193 846 3259 testis
870 3192 1020 3260 veritatis
1042 3192 1091 3258 rei
1113 3197 1285 3270 narratae;
1309 3194 1485 3278 posterius,

157 3284 185 3349 si
208 3289 246 3351 ut
267 3283 363 3350 testis
379 3303 479 3349 verae
503 3289 537 3349 et
560 3281 708 3348 sincerae
725 3282 905 3348 voluntatis
921 3281 1111 3366 praestandi
1129 3282 1324 3367 promissum
1340 3287 1376 3349 et
1391 3283 1487 3367 quasi

157 3379 195 3440 ut
218 3373 389 3438 fideiussor
410 3372 610 3456 impletionis
633 3372 774 3439 futurae.

247 3479 285 3546 R.
303 3482 333 3548 3.
370 3479 422 3544 Ad
437 3499 552 3543 verum
576 3478 676 3561 igitur
698 3478 916 3544 iuramentum
940 3477 1151 3560 requiruntur
1173 3499 1238 3544 non
1261 3479 1367 3544 solum
1383 3480 1487 3546 verba

158 3567 200 3633 ad
223 3566 395 3633 iurandum
419 3571 508 3651 apta,
532 3567 709 3634 sedetiam
727 3567 881 3633 voluntas
904 3588 962 3632 seu
984 3566 1123 3633 intentio
1146 3567 1290 3632 iurandi:
1316 3589 1414 3650 quam
1431 3569 1486 3653 qui

158 3656 265 3722 sciens
289 3661 322 3722 et
343 3658 458 3722 volens
481 3657 635 3735 excludit,
659 3656 741 3722 feeit
763 3659 979 3722 iuramentum
1000 3659 1108 3741 fictum
1131 3695 1176 3705 —
1199 3656 1285 3739 quod
1308 3676 1351 3722 ex
1373 3679 1411 3724 se
1434 3665 1487 3726 est

159 3766 246 3812 vana
273 3745 412 3811 nominis
436 3745 536 3810 divini
566 3745 751 3828 usurpatio,
783 3766 842 3829 per
865 3744 1016 3811 accidens
1046 3749 1080 3812 et
1108 3750 1244 3830 propter
1266 3745 1404 3812 aliorum
1430 3748 1486 3813 de·

160 3835 341 3918 ceptionem
367 3835 498 3900 easdem
522 3834 658 3917 gignere
681 3838 791 3917 potest
815 3834 1045 3917 obligationes,
1071 3855 1152 3916 quas
1175 3856 1284 3901 secum
1307 3835 1375 3902 fert
1396 3836 1487 3903 iura·

160 3928 303 3990 mentum
328 3944 452 3990 verum.
1200 3970 1206 3982 .

248 4013 282 4078 Si
299 4013 370 4095 quis
387 4034 465 4077 vero
482 4012 584 4078 verba
607 4013 648 4077 ad
671 4012 890 4077 iuramentum
913 4033 978 4077 non
994 4017 1074 4095 apta
1089 4011 1223 4079 adhibet
1238 4012 1353 4078 volens
1376 4013 1487 4080 iurare

160 4106 195 4168 at
218 4107 338 4186 putans
361 4123 396 4167 se
419 4102 544 4168 iurare:
568 4102 602 4166 in
625 4101 800 4167 asserendo
825 4101 910 4167 falso
934 4101 1070 4167 eandem
1095 4101 1181 4184 apud
1197 4102 1302 4166 Deum
1326 4102 1485 4170 malitiam

160 4191 457 4347 eonltrahit3atque
489 4191 521 4256 in
554 4190 695 4274 periurio
727 4190 857 4273 proprie
889 4190 987 4256 dieto.
1033 4191 1243 4274 Laymann
1272 4191 1294 4258 l.
1320 4193 1358 4269 4,
1387 4197 1429 4259 tr.
1454 4196 1486 4271 3,

160 4303 187 4347 c.
236 4302 298 4358 ,n.
347 4332 354 4346 .

98 4408 150 4464 234
249 4395 302 4461 An
326 4415 517 4471 quansmuu
542 4398 581 4459 2¹⁰
610 4394 649 4460 R.
676 4397 704 4459 1.
758 4392 971 4459 Condiciones
1001 4392 1043 4460 ad
1072 4394 1280 4461 honestatem
1309 4393 1485 4462 iuramenti

160 4485 338 4568 requisitae
362 4484 576 4549 communiter
599 4482 826 4566 exprimuntur
849 4482 957 4548 verbis
981 4483 1014 4549 S.
1038 4483 1156 4567 Script.
1181 4482 1256 4549 lar.
1281 4486 1319 4561 4,
1345 4488 1382 4549 2:
1416 4484 1485 4563 ,lu-

160 4575 266 4640 rabis:
290 4573 383 4640 Vivit
406 4573 564 4639 Dominus
587 4572 620 4636 in
647 4575 792 4655 veritate,
826 4576 860 4638 et
891 4571 924 4636 in
958 4573 1094 4657 dedicio,
1128 4576 1162 4638 et
1193 4573 1225 4638 in
1260 4573 1416 4656 inercia&
1449 4579 1486 4640 ut
