3106 5168
355 302 500 357 censurae.
519 329 555 340 -
573 302 748 356 Exoommun.
768 305 862 357 contra
879 308 962 354 sedas
980 302 1149 354 suessonicae.
1349 304 1413 369 543

92 481 175 546 haec
198 477 285 544 actio
308 477 379 543 sine
403 477 499 543 dubio
529 484 721 544 numeratur
750 478 935 554 interese,
960 497 1043 558 quae
1067 477 1127 540 sub
1152 476 1413 545 excommunica·

91 569 185 636 tione
207 571 285 633 sunt
307 566 503 650 prohibitae;
528 567 702 632 manifeste
726 567 810 631 enim
834 566 982 631 favorem
1005 565 1045 630 iis
1068 566 1228 649 praebuit.

185 674 223 740 lt.
249 677 279 740 2.
322 673 429 755 Magis
452 673 552 739 etiam
577 672 943 739 excommunicationem
960 671 1106 749 incurrit,
1131 693 1169 736 eo
1194 673 1278 754 quod
1302 674 1413 737 sectae
1469 714 1473 722 -

92 782 211 827 nomen
228 762 364 839 dederit,
388 763 486 827 immo
502 782 543 826 ex
560 762 621 826 hoc
637 762 716 840 solo,
734 762 819 844 quod
835 761 1105 827 contributionem
1122 761 1268 837 solverit,
1282 759 1412 827 etiamsi

93 871 212 917 nomen
242 873 306 916 non
336 851 496 917 dedisset:
527 849 584 915 illa
614 850 699 915 enim
728 850 923 916 contributio
953 871 1083 933 semper
1112 850 1207 915 favor
1236 855 1288 917 est
1319 868 1412 935 prae·

93 940 241 1006 stitutus.

184 1045 222 1112 a.
248 1048 278 1111 3.
310 1044 504 1128 Calpurnius
526 1065 612 1109 nunc
635 1042 764 1108 omnino
780 1047 890 1109 sectae
914 1044 1047 1127 eiusque
1063 1044 1298 1111 conventiculis
1321 1044 1412 1110 vale·

93 1133 205 1199 dicere
228 1134 334 1210 debet,
358 1133 554 1200 solutionem
578 1133 827 1199 contributionis
842 1134 971 1198 omnino
988 1155 1053 1198 non
1075 1134 1203 1211 facere;
1227 1133 1325 1198 immo
1349 1154 1412 1198 non

93 1223 225 1290 videtur
247 1222 332 1288 ratio
356 1223 488 1301 adesse,
521 1243 578 1288 cur
607 1243 671 1286 non
694 1222 877 1287 formaliter
905 1243 1021 1287 nomen
1045 1244 1138 1287 suum
1162 1223 1412 1306 expungendum

95 1332 212 1378 curare
236 1312 363 1379 debeat.
405 1311 482 1377 Sola
506 1312 590 1376 enirn
615 1311 794 1376 communis
816 1311 874 1376 illa
889 1333 972 1395 spes
995 1316 1129 1377 mutuae
1152 1312 1363 1395 protectionis
1380 1315 1414 1377 et

92 1400 306 1485 promotionis
330 1405 478 1466 exsecta
501 1401 669 1466 habendae
692 1421 754 1464 non
780 1404 831 1464 est
854 1400 948 1478 ratio,
973 1421 1030 1467 cur
1052 1401 1133 1466 haec
1157 1400 1331 1484 expunctio
1355 1422 1409 1466 no·

93 1488 192 1553 minis
215 1489 393 1556 differatur.
440 1489 559 1566 Quodsi
583 1510 700 1554 revera
722 1492 835 1575 provio
859 1490 978 1555 damna
1001 1489 1117 1555 timere
1141 1491 1252 1568 debet,
1286 1490 1413 1555 confes·

93 1578 201 1643 sarius
233 1578 320 1643 circa
350 1579 434 1644 hanc
468 1600 537 1643 rem
567 1577 713 1642 nonnihil
749 1581 859 1661 potest
888 1579 1073 1660 indulgere;
1107 1579 1249 1661 alioquin
1280 1579 1414 1663 Calpur-

93 1666 168 1731 nius
192 1667 248 1732 vix
271 1688 346 1744 non,
371 1676 540 1753 antequam
564 1669 755 1749 absolvatur,
780 1667 959 1749 adigendus
982 1673 1043 1745 est,
1067 1672 1105 1733 ut
1128 1668 1262 1734 mandet
1277 1668 1415 1733 nominis

93 1755 146 1819 sui
169 1755 430 1839 expunctionem.
463 1757 533 1821 Hoc
556 1756 651 1832 enim,
676 1755 737 1820 uisi
760 1776 833 1819 cum
857 1755 956 1820 nimia
972 1757 1165 1822 difficultate
1188 1757 1413 1840 coniungatur,

94 1863 225 1926 semper
248 1849 299 1909 est
322 1845 581 1928 praeferendum,
606 1865 669 1927 quo
693 1845 814 1911 certius
838 1866 890 1910 res
907 1846 1109 1911 exsecutioni
1135 1847 1239 1923 detur,
1273 1847 1330 1912 sed
1353 1847 1414 1911 im·

93 1932 209 2016 primis
232 1933 265 1998 in
288 1933 360 1999 viro
383 1934 460 2000 talis
483 1934 616 2012 indolis,
648 1933 753 2015 qualis
777 1933 968 2016 Calpurnius
999 1939 1175 2017 appareat,
1207 1935 1261 2017 qui
1285 1935 1415 2002 videtur

94 2022 193 2086 horno
217 2044 281 2087 non
304 2023 386 2089 satis
409 2023 645 2108 independens,
670 2022 728 2087 sed
752 2042 794 2087 ex
816 2044 881 2088 una
904 2027 999 2106 parte
1022 2024 1240 2106 potentiorum
1266 2023 1414 2089 favorem

93 2111 234 2176 multum
259 2132 425 2194 quaerere,
450 2133 492 2177 ex
515 2113 621 2179 altera
645 2115 740 2195 parte
763 2132 806 2177 ex
829 2133 939 2177 eorum
964 2112 1126 2178 consortio
1150 2112 1293 2178 moribus
1316 2113 1414 2179 facile

94 2221 269 2284 corrumpi.

473 2352 638 2417 SEGTAE
662 2350 939 2417 MASSONICAE
968 2349 1037 2432 (ΙΙ).

650 2512 760 2577 Casus.
788 2518 863 2586 (319)

186 2658 411 2735 Aristophanes,
428 2658 588 2734 operarius,
611 2658 689 2716 curis
704 2658 873 2718 domesticis
888 2659 1029 2734 agitatus,
1052 2678 1116 2718 cum
1131 2659 1232 2718 videat
1245 2660 1415 2720 socialistas

95 2739 269 2816 promittere
289 2759 321 2798 se
338 2759 421 2815 opem
443 2740 566 2805 laturos,
588 2738 650 2796 adit
670 2758 769 2797 eorum
785 2740 953 2810 contiones;
976 2759 1081 2799 nomen
1096 2741 1147 2798 dat
1168 2741 1274 2811 coetui,
1297 2741 1344 2800 cui
1365 2742 1414 2800 ali-

95 2819 163 2897 quis
185 2820 244 2879 dux
265 2819 481 2879 socialistarum
502 2818 660 2895 praesidet,
683 2826 713 2878 st
734 2820 781 2878 cui
801 2819 869 2878 finis
891 2820 1085 2896 praestitutus
1105 2820 1212 2879 dicitur
1232 2841 1315 2897 opem
1338 2822 1414 2880 terre

97 2900 242 2977 operariis
264 2900 414 2959 sodalibus
434 2901 534 2958 labore
556 2899 725 2958 carentibus
747 2906 777 2958 et
797 2901 934 2976 penuria;
957 2900 1132 2976 compluries
1153 2902 1259 2976 stipem
1281 2902 1414 2971 contulit,

96 3000 164 3040 cum
194 2980 318 3039 collecta
345 2981 428 3039 fieret
456 2980 493 3038 ad
521 2979 595 3037 fines
624 2979 822 3038 socialisticos
850 2987 879 3038 et
908 2982 1015 3039 bouum
1044 2999 1195 3038 commune
1225 2982 1414 3040 asseclarum.

96 3060 170 3121 (lum
190 3065 321 3136 tempore
342 3061 476 3135 paschali
498 3058 713 3117 confessionem
735 3059 873 3130 instituit,
895 3059 1011 3118 audita
1031 3060 1223 3130 confessario,
1246 3080 1279 3119 se
1300 3080 1413 3119 excom·

95 3139 324 3199 manicationem
345 3140 481 3215 papalem
501 3139 661 3219 incurrisse
689 3158 782 3214 neque
805 3139 919 3197 absolvi
946 3158 1050 3215 posse,
1079 3140 1136 3197 nisi
1160 3147 1314 3216 postquam
1336 3141 1414 3200 omni

95 3220 140 3280 illi
169 3219 425 3278 communicationi
454 3239 518 3276 cum
545 3218 706 3277 socialistis
733 3219 949 3277 renuntiaverit
977 3224 1007 3277 et
1028 3219 1095 3277 dein
1121 3239 1174 3296 per
1202 3221 1414 3280 confessarium

95 3306 232 3359 recurrat
252 3299 288 3357 ad
311 3298 498 3358 ordinarium.

97 3405 276 3475 Quaamrua
298 3406 327 3462 1⁰
353 3423 504 3480 quousque
525 3405 703 3463 extendatur
725 3405 989 3465 excommunicatio
1014 3411 1118 3465 contra
1140 3411 1251 3465 sectam
1272 3405 1413 3465 massoni-

351 3504 413 3543 cam
436 3487 599 3560 sirrrilesque
620 3491 727 3545 sectas.

295 3576 325 3632 2⁰
349 3581 470 3633 rectane
491 3574 581 3634 fuerit
602 3575 708 3649 agendi
729 3574 806 3634 ratio
828 3574 1004 3634 confessarii
1026 3595 1090 3633 cum
1112 3573 1319 3651 Aristophane.

689 3773 823 3841 Solutio.

186 3925 239 3990 An
262 3945 453 4001 quassrruu
479 3929 516 3989 1¹¹·
539 3925 577 3991 R.
604 3929 631 3991 1.
679 3925 716 3989 ln
740 3925 829 3990 bulla
851 3927 1049 4010 Apostolicoe
1071 3927 1165 3992 Sedis
1189 3926 1493 3994 nominantur:1058

94 4020 188 4082 secta
216 4017 409 4095 museonico,
434 4019 526 4080 secta
549 4016 755 4097 carbonario,
781 4014 865 4079 aliae
890 4016 1027 4079 circadae
1048 4019 1173 4097 pencris
1197 4023 1308 4098 sectae,
1334 4038 1413 4100 quoe

95 4113 206 4172 contro
237 4106 411 4169 Ecclesium
444 4107 488 4169 oet
520 4106 674 4187 leqitimos
706 4112 872 4190 potestates
905 4126 959 4168 seu
992 4107 1100 4188 polam
1133 4126 1187 4169 seu
1220 4105 1414 4170 clandestine

96 4196 332 4260 reordinantur.

186 4292 255 4355 lam
279 4290 457 4372 quaeritur,
482 4311 556 4354 num
581 4290 638 4356 illa
662 4289 836 4374 descriptio
865 4311 966 4371 ,quae
990 4290 1217 4355 machinantur
1241 4342 1248 4355 .
1272 4343 1277 4355 .
1301 4292 1327 4354 ‚⁶
1355 4310 1413 4354 ex-

95 4381 196 4465 plicet
212 4400 325 4444 vocem
349 4379 487 4462 priorem
516 4378 678 4455 ,eiusdem
695 4379 856 4460 generis“.
896 4379 1016 4455 Quodsi
1040 4379 1087 4444 ita
1104 4383 1164 4453 est,
1189 4382 1282 4462 patet
1305 4383 1413 4444 sectas

95 4493 160 4536 non
184 4490 306 4553 paucas
330 4467 567 4551 comprehendi,
592 4468 746 4533 videlicet
769 4489 987 4550 quoscumque
1011 4472 1123 4533 coetus
1146 4488 1203 4531 seu
1227 4468 1412 4546 societates,

95 4581 233 4643 quarum
257 4557 330 4622 finis
353 4562 405 4623 est
435 4557 489 4622 vel
511 4558 704 4641 perturbare
727 4557 957 4641 rempublicam
983 4558 1036 4621 vel
1060 4556 1312 4622 ecclesiasticam
1336 4578 1412 4623 auc-

95 4650 264 4716 toritatem
288 4652 446 4713 evertere.
488 4647 598 4727 Atque
621 4668 738 4712 revera
761 4646 822 4712 hac
845 4646 1117 4729 interpretatione
1139 4646 1218 4725 nixi,
1242 4646 1413 4711 D’Anni·
