3106 5168
170 286 213 350 20
675 283 717 338 De
734 284 840 339 cetibus
857 283 992 339 humanis.

126 467 160 522 37
259 460 312 524 An
336 479 527 535 6666611611
552 462 590 523 2¹²
614 458 653 525 11.
676 463 703 525 1.
744 459 778 525 Si
802 459 912 541 agitur
933 460 973 524 de
995 480 1031 525 re
1054 459 1251 526 intrinsecus
1265 459 1365 537 mala,
1389 458 1500 525 nullus

170 553 277 615 metue
307 569 327 614 a
356 551 492 631 peccato
523 551 669 625 excusat,
700 549 853 630 quamdiu
886 569 928 614 ex
960 552 1048 614 metu
1079 549 1181 614 libere
1211 551 1321 614 actum
1352 547 1407 615 sit.
1455 549 1501 616 Et

170 658 367 720 quamquam
396 636 554 703 malitiam
585 637 711 715 minuit,
742 637 861 721 quippe
891 657 975 720 quae
1005 658 1076 702 cum
1107 638 1328 722 repugnantia
1356 637 1499 719 quadam

169 732 374 804 assumatur,
405 747 469 791 non
493 726 664 792 voluntate
688 727 801 809 plena:
834 732 945 793 tamen
975 747 1040 791 non
1069 727 1117 792 ita
1140 726 1290 793 diminuit
1312 732 1497 811 peccatum,

169 820 215 969 gt,
229 817 326 970 Ι6116111
350 836 409 900 per
431 815 534 969 segg
557 819 727 899 peccatum
751 816 900 895 mortale,
926 816 1047 881 evadat
1064 821 1200 901 propter
1215 819 1338 882 metum
1356 817 1496 883 veniale.

202 926 290 970 rrne
327 926 383 971 .c.
408 926 439 971 n.
528 956 535 971 .

257 1003 295 1067 R.
322 1005 352 1068 2.
399 1001 432 1067 Si
463 1001 574 1083 agitur
600 1001 640 1066 de
669 1003 767 1067 rebus
796 1002 866 1067 sola
897 1002 1039 1085 positiva
1068 1003 1142 1085 lege
1172 1001 1353 1086 prohibitis,
1383 1003 1499 1085 gravis

168 1095 275 1156 metus
290 1094 402 1175 potest
417 1089 557 1168 efficere,
582 1095 619 1157 ut
642 1090 818 1174 prohibitio
834 1092 886 1155 vel
911 1090 1010 1156 iussio
1026 1095 1143 1170 cesset,
1167 1091 1311 1157 maxime
1333 1090 1362 1157 si
1386 1092 1499 1174 agitur

167 1180 208 1245 de
230 1181 358 1263 legibus
381 1179 540 1256 humanis,
565 1180 661 1244 modo
691 1183 863 1245 namatus
886 1180 1065 1246 incutiatur
1090 1180 1124 1244 in
1154 1179 1263 1245 odium
1286 1181 1498 1248 auctoritatis

168 1270 221 1334 vel
244 1268 421 1353 religionis.
469 1268 675 1353 Quapropter
703 1290 762 1352 pro
793 1268 931 1334 diversis
961 1268 1123 1335 adiunctis
1153 1269 1266 1351 gravis
1296 1274 1404 1336 metus
1437 1292 1498 1336 ex·

167 1364 261 1425 cusat
284 1379 304 1423 a
327 1362 463 1442 peccato
486 1378 545 1423 seu
567 1358 658 1436 facit,
690 1363 727 1424 ut
750 1363 885 1441 propter
907 1379 1011 1441 grave
1034 1360 1154 1423 malum
1179 1358 1370 1424 evitandum
1397 1359 1498 1427 liceat

167 1447 199 1512 id
223 1468 323 1530 agere
338 1447 392 1512 vel
409 1447 571 1523 omittere,
596 1447 681 1529 quod
705 1468 805 1530 agere
824 1448 877 1512 vel
901 1447 1054 1515 emittere
1070 1447 1214 1530 alioquin
1232 1447 1277 1513 sit
1292 1447 1377 1531 legis
1392 1448 1498 1515 laesio

167 1557 225 1601 seu
249 1541 431 1621 peccatum.

123 1656 158 1712 38
257 1648 309 1714 An
332 1670 523 1726 quaasrruu
548 1652 586 1714 3¹¹¹
611 1650 649 1717 R.
672 1653 699 1715 1.
739 1649 852 1726 Quoad
875 1671 966 1715 esum
990 1650 1106 1730 carnis,
1132 1652 1172 1717 ad
1192 1672 1288 1733 quern
1305 1652 1497 1736 Arnulphus

167 1740 321 1822 adigitur,
352 1760 407 1804 res
436 1738 556 1823 pendet
586 1760 607 1803 a
636 1739 730 1803 modo
755 1761 818 1820 quo
842 1743 948 1805 mater
972 1743 1060 1823 agat.
1109 1740 1141 1805 Si
1169 1746 1275 1806 mater
1297 1741 1496 1821 acatholica,

166 1849 240 1894 cum
262 1848 298 1893 se
321 1832 417 1912 putet
440 1850 460 1894 a
482 1827 609 1909 legibus
632 1827 800 1893 Ecclesiae
822 1828 1008 1908 immunem,
1038 1829 1110 1913 ipsa
1134 1850 1249 1895 carnes
1280 1830 1379 1895 edere
1402 1830 1496 1907 velit,

166 1922 202 1983 at
231 1917 327 1982 simul
356 1938 461 2000 grave
496 1922 529 1982 et
563 1916 799 1982 incommodum
833 1918 932 1984 ducat
962 1917 1123 2002 duplicem
1152 1939 1298 1984 mensam
1329 1920 1496 1986 instruere

165 2012 265 2088 atque
288 2027 348 2091 pro
372 2005 438 2071 lilio
453 2026 571 2090 parare
588 2006 745 2071 esuriales
761 2006 866 2072 cibos:
890 2006 1081 2091 Arnulphus
1096 2007 1194 2074 facile
1213 2007 1276 2074 erit
1295 2006 1330 2073 in
1350 2008 1497 2075 necessi·

165 2100 250 2171 tate,
276 2100 313 2161 ut
335 2096 390 2160 vel
413 2096 490 2161 edat
513 2115 630 2160 carnes
653 2094 707 2159 vel
730 2096 900 2161 incenatus
923 2117 1056 2162 manere
1080 2097 1214 2171 debeat;
1238 2096 1391 2180 ideoque,
1415 2099 1497 2181 quia

164 2184 403 2250 incommodum
435 2205 538 2266 grave
570 2184 735 2250 ieiunandi
766 2184 855 2249 ferre
890 2206 952 2250 non
985 2189 1155 2261 teneatur,
1191 2207 1211 2252 a
1242 2186 1317 2270 lege
1350 2187 1496 2271 positiva

165 2274 333 2339 Ecclesiae
356 2278 493 2339 vetante
516 2294 607 2339 esum
631 2273 777 2338 carnium
801 2278 986 2341 excusetur.

255 2369 289 2435 Si
311 2391 390 2435 vero
413 2373 520 2435 mater
542 2371 576 2434 in
600 2370 709 2436 odium
731 2370 806 2435 fidei
830 2371 1011 2438 catholicae
1034 2375 1115 2454 agat
1138 2376 1239 2454 atque
1263 2372 1297 2437 id
1328 2373 1493 2453 intendat,

164 2465 202 2525 ut
225 2463 323 2542 cogat
345 2460 445 2524 filium
469 2460 510 2525 ad
534 2459 704 2525 violandas
720 2460 811 2541 leges
826 2461 994 2525 Ecclesiae
1017 2462 1071 2526 vel
1088 2460 1326 2543 quodammodo
1349 2462 1393 2529 ad
1415 2484 1495 2547 pro·

164 2549 320 2615 fitendum
344 2547 664 2632 protestantismum:
688 2550 778 2614 nulla
793 2550 921 2615 ratione
938 2549 1126 2633 Arnulphus
1149 2554 1260 2634 potest
1283 2551 1495 2633 acquiescere

164 2659 269 2720 neque
293 2658 408 2703 carnes
432 2638 537 2716 edere,
569 2637 631 2702 etsi
656 2638 774 2705 debeat
802 2638 931 2704 ieiunus
961 2660 1093 2704 manere
1117 2640 1169 2703 vel
1200 2639 1286 2705 male
1317 2645 1492 2709 tractetur.

252 2746 292 2811 R.
318 2749 347 2811 2.
394 2745 479 2810 Hinc
501 2750 640 2828 apparet
670 2745 767 2829 plane
790 2743 937 2809 illicitum
969 2767 1041 2810 esse
1065 2744 1244 2829 Arnulpho,
1276 2767 1391 2811 cenam
1414 2768 1494 2830 pro·

163 2835 376 2901 testanticam
399 2855 527 2899 sumere
551 2839 651 2915 atque
675 2834 880 2900 lutheranam
904 2833 1000 2899 fidem
1024 2836 1180 2918 profiteri.
1228 2834 1343 2917 Neque
1370 2835 1403 2899 in
1429 2837 1493 2903 hac

163 2944 199 2988 16
222 2944 304 3007 puer
327 2923 485 2988 undennis
508 2923 688 2988 subiective
718 2922 869 2989 excusari
898 2928 1022 3007 potest,
1054 2923 1082 2989 61
1112 2925 1279 3008 paululum
1309 2924 1494 2991 instructus

163 3013 264 3078 fuerit
287 3013 319 3076 in
344 3011 502 3095 religione
525 3011 697 3079 catholica.

118 3116 153 3171 39
252 3111 291 3176 R.
316 3113 346 3176 3.
394 3109 544 3176 Scholam
569 3108 785 3175 acatholicam
808 3109 1019 3191 frequentare
1042 3108 1099 3173 vix
1128 3131 1193 3175 non
1217 3110 1318 3177 etiam
1340 3110 1492 3179 illicitum

163 3199 227 3264 dici
244 3198 349 3277 debet,
374 3197 403 3264 si
425 3220 494 3263 rem
511 3199 672 3265 obiective
694 3198 728 3263 in
752 3198 1006 3263 circumstantiis
1023 3198 1108 3264 datis
1125 3198 1378 3267 consideramus.
1402 3202 1492 3268 Nam

163 3289 224 3353 etsi
257 3288 290 3353 id
320 3288 516 3356 intrinsecus
546 3288 667 3353 malum
698 3287 761 3351 dici
793 3309 857 3352 non
887 3288 1007 3371 possit,
1040 3287 1068 3351 si
1098 3288 1227 3369 quando
1257 3296 1495 3357 removeantur

162 3377 307 3461 pericula
330 3376 549 3461 perversionis
572 3380 606 3442 et
628 3376 703 3441 fidei
727 3376 937 3442 defectionis:
970 3376 1003 3440 in
1034 3381 1146 3441 nostro
1170 3398 1249 3442 casu
1271 3382 1384 3444 tamon
1407 3379 1494 3447 haec

161 3467 307 3550 pericula
322 3466 420 3531 nullis
436 3466 550 3531 mediis
566 3469 821 3550 praecaventur;
847 3464 1003 3547 siquidem
1027 3486 1108 3549 puer
1131 3487 1173 3531 ex
1196 3487 1232 3531 se
1255 3487 1296 3533 ea
1318 3488 1493 3536 removere

162 3555 285 3637 nequit,
310 3559 417 3621 mater
440 3559 551 3621 autern
582 3576 621 3620 ea
651 3555 770 3620 nedum
794 3559 973 3631 removeat,
1003 3554 1113 3637 potius
1136 3576 1258 3638 augere
1282 3562 1400 3640 parata
1427 3564 1491 3627 est.

162 3643 380 3710 Nihilominus
414 3665 495 3728 puer
529 3644 562 3708 in
597 3643 754 3709 eiusmodi
789 3665 825 3708 16
860 3643 1040 3709 subiective
1074 3644 1130 3707 vix
1165 3644 1326 3710 rationem
1361 3648 1493 3730 peccati

162 3733 423 3817 apprehenderit,
448 3734 504 3798 sed
528 3734 631 3798 solam
655 3732 885 3798 necessitatem
906 3732 1161 3817 obtemperandi.
1197 3732 1404 3819 Quapropter
1427 3738 1493 3803 nisi

162 3823 257 3888 simul
280 3826 414 3906 praesto
445 3823 489 3889 sit
519 3822 637 3888 efficax
660 3821 838 3888 remedium
862 3843 996 3905 puerum
1027 3843 1047 3886 6
1074 3822 1185 3888 schola
1208 3823 1265 3887 illa
1287 3824 1490 3906 retrahendi,

161 3912 219 3977 vix
234 3911 323 3977 aliud
339 3912 509 3996 supererit,
535 3932 631 3993 quam
656 3916 693 3978 ut
716 3911 880 3977 excitetur
902 3911 944 3976 ad
960 3910 1154 3976 catholicam
1171 3912 1268 3977 fidem
1283 3912 1491 3981 retinendam

161 4006 260 4083 atque
284 4022 452 4066 assensum
477 4000 701 4082 denegandum
726 4001 821 4066 dictis
844 3999 995 4083 magistri
1019 4000 1201 4079 acatholici,
1236 4006 1270 4068 et
1299 4001 1432 4069 interim
1456 4006 1489 4071 in

161 4090 246 4155 bona
269 4091 332 4155 fide
356 4090 443 4156 circa
466 4090 597 4155 scholae
619 4089 917 4171 frequentationem
941 4090 1153 4171 relinquatur.

115 4201 152 4256 40
250 4196 289 4261 R.
314 4198 345 4261 4.
387 4195 499 4273 Quoad
524 4216 632 4261 casum
657 4196 818 4261 Estherae
842 4194 874 4259 in
898 4216 933 4259 16
957 4194 1014 4260 1116
1036 4195 1161 4260 lubrica
1184 4199 1335 4278 praestat
1356 4197 1488 4279 quidem

162 4285 304 4350 clamare
327 4289 428 4366 atque
452 4285 592 4351 alienam
616 4306 711 4369 opem
735 4305 902 4349 accersere
927 4284 968 4348 ad
993 4284 1205 4351 evadendum.
1252 4286 1376 4351 Verum
1404 4288 1432 4353 si
1456 4288 1489 4354 id

161 4374 376 4458 periculosum
406 4374 450 4439 sit
473 4373 525 4439 vel
550 4373 644 4439 nimis
668 4374 815 4450 arduum,
846 4377 1015 4457 peccatum
1039 4394 1119 4438 sane
1142 4395 1206 4438 non
1230 4378 1291 4453 cst,
1316 4374 1383 4440 vim
1407 4379 1488 4460 pati,

160 4464 306 4546 adeoque
335 4463 467 4547 passive
497 4484 533 4528 se
562 4463 697 4539 habere,
729 4483 802 4527 cum
833 4463 1021 4529 resistentia
1050 4463 1193 4546 positiva
1219 4462 1344 4529 inutilis
1367 4465 1412 4533 sit
1436 4467 1488 4533 vel

160 4553 275 4618 mortis
299 4552 476 4637 periculum
499 4552 641 4618 inducat.
682 4552 718 4616 In
743 4573 805 4633 quo
830 4573 908 4617 casu
931 4552 1013 4617 bene
1036 4551 1105 4633 egit
1120 4552 1242 4617 11611161
1265 4557 1366 4636 atque
1389 4576 1488 4638 agere

160 4642 310 4721 debebat,
335 4664 406 4707 cum
431 4641 479 4708 ita
502 4662 537 4706 66
560 4647 699 4723 gereret,
726 4646 762 4707 ut
785 4662 977 4706 consensum
1000 4641 1164 4706 internum
1187 4641 1364 4711 cohiberet.
