3106 5168
156 285 221 349 262
278 280 318 335 De
336 280 485 335 virtutibus
504 282 532 334 ot
550 279 647 335 officiis
665 296 732 348 erga
749 279 881 334 hominos.
900 307 936 318 -
954 278 1052 333 Officia
1070 279 1143 334 circa
1161 279 1260 334 bonum
1279 278 1362 334 vitae.

155 457 247 523 Idem
269 456 371 539 igitur
392 455 485 522 licuit
507 455 606 521 etiam
630 457 702 522 looo
721 455 871 521 Eulaliae
894 454 965 520 eius
987 454 1093 523 fratri.
1118 491 1162 501 —
1185 454 1222 520 ld
1245 455 1350 520 solum
1374 454 1481 522 notari

156 546 254 612 debet
283 549 411 611 rectum
435 543 580 610 ordinem
611 545 811 628 postulasse,
843 549 880 610 ut
908 544 1013 610 frater
1035 544 1185 610 Eulaliae
1213 544 1305 628 p1iue
1334 549 1484 611 moneret

155 636 366 713 nebulonem,
396 636 434 700 ut
457 653 478 699 a
500 633 647 700 facinore
670 635 868 712 abstineret,
895 632 957 698 nisi
979 633 1082 699 vellet
1104 632 1216 700 occidi
1264 632 1385 710 Quodsi
1409 633 1482 700 ilico

155 745 220 790 non
244 722 419 800 destiterit,
443 722 549 789 frater
570 722 641 788 iure
665 745 723 789 suo
747 723 902 790 utebatur
924 723 1107 806 sclopetum
1130 722 1344 806 explodendo.

244 821 283 887 a.
309 823 339 887 4.
375 821 498 885 Verum
521 820 646 886 intendi
668 842 734 886 non
757 824 889 906 poterat
911 820 1006 887 istius
1029 819 1200 886 nebulonis
1221 819 1352 897 occisio,
1377 841 1483 902 neque

155 910 252 993 dirigi
275 911 324 975 ita
347 909 530 993 sclopetum
546 910 666 989 debuit,
692 931 766 976 oum
789 909 871 976 haee
893 909 1012 976 occisio
1036 931 1101 974 non
1125 909 1277 976 videatur
1299 909 1402 975 fuisse
1426 931 1482 975 ne-

155 998 308 1078 cessaria,
332 998 391 1065 sed
406 998 559 1065 videatur
575 1000 760 1068 vulneratio
784 999 959 1065 suffecisse.
999 998 1120 1074 Quodsi
1142 1019 1202 1082 per
1223 997 1375 1064 accidens
1398 998 1482 1066 leta-

154 1088 232 1154 liter
261 1087 400 1154 feriatur
430 1108 606 1170 aggressor
635 1088 713 1167 iste,
745 1088 778 1154 id
801 1108 866 1153 uon
889 1087 1077 1154 defendenti
1100 1088 1216 1172 culpae
1238 1087 1398 1165 vertitur,
1424 1088 1482 1154 sed

155 1176 307 1243 nebuloni
330 1176 547 1260 aggredienti.
1144 1189 1145 1193 ’

244 1274 283 1341 u.
301 1276 332 1343 5.
371 1274 485 1351 Quoad
501 1295 612 1340 casum
628 1277 755 1341 tertium
778 1274 806 1340 si
822 1275 971 1340 Donatus
987 1273 1070 1340 vidit
1085 1275 1140 1339 vel
1161 1273 1231 1339 sine
1253 1273 1372 1339 timore
1395 1275 1482 1358 peri-

155 1363 219 1429 culi
236 1363 333 1428 facile
348 1363 460 1428 videre
479 1365 596 1448 potuit,
621 1364 697 1447 quid
721 1363 769 1429 rei
791 1363 907 1429 fuerit:
932 1383 1011 1428 sane
1030 1383 1093 1427 non
1110 1362 1202 1428 licuit
1225 1368 1361 1446 propter
1382 1363 1481 1430 istam

153 1474 223 1519 rem
253 1452 387 1518 minoris
416 1453 573 1518 momenti
602 1453 765 1519 hominem
795 1452 943 1519 occidere
966 1453 1019 1517 vel
1043 1473 1117 1517 cum
1143 1451 1287 1536 periculo
1312 1451 1482 1518 occisionis

154 1542 187 1607 in
211 1562 285 1607 euru
309 1540 495 1625 explodere.
546 1543 603 1608 Tb.
627 1565 669 1608 m.
693 1542 717 1620 I,
743 1544 818 1607 835.

243 1640 282 1705 R.
301 1642 330 1704 6.
370 1639 456 1704 Fieri
479 1643 590 1705 tamen
614 1639 731 1724 potuit,
756 1645 793 1706 ut
815 1642 952 1723 propter
966 1639 1231 1705 circumstantias
1253 1639 1360 1705 noetis
1380 1644 1481 1722 atque

154 1728 297 1794 fortasse
325 1732 462 1812 propter
490 1728 641 1794 timorem
672 1728 811 1806 Donati,
840 1749 882 1793 ne
911 1728 982 1812 ipse
1012 1749 1032 1793 a
1060 1727 1134 1793 fure
1163 1728 1413 1812 praeveniretur
1443 1750 1480 1794 ao

153 1816 367 1900 probabiliter
390 1817 609 1895 occideretur,
640 1817 766 1883 crimini
789 1818 919 1883 Donato
944 1816 1137 1883 vertendum
1161 1839 1226 1882 non
1249 1817 1366 1895 fuerit,
1396 1818 1481 1899 quod

154 1905 351 1971 securiorem
381 1905 444 1971 sibi
467 1906 554 1972 viam
585 1906 733 1989 elegerit.
780 1905 951 1972 Hominem
982 1905 1100 1989 igitur,
1130 1905 1273 1973 fortasse
1304 1906 1345 1971 ob
1368 1912 1481 1973 extre·

154 2016 240 2060 mam
264 1995 496 2061 necessitatem
519 1996 561 2061 ad
583 1995 711 2061 facinus
734 1995 812 2060 illud
837 1996 999 2074 adactum,
1024 1995 1164 2062 occisum
1188 2015 1271 2074 esse,
1295 1995 1328 2059 in
1344 2015 1383 2061 eo
1404 2017 1480 2061 casu

153 2083 365 2149 infortunium
391 2088 452 2161 est,
476 2105 541 2150 non
565 2085 697 2150 crimen.

459 2308 668 2376 GRUENTA
692 2309 911 2376 DEFENSIQ
935 2309 1170 2377 MARTYlf-IS.

709 2456 819 2524 Casus.
847 2466 923 2534 (151)

244 2590 284 2649 Ut
304 2589 335 2648 in
350 2589 426 2648 actis
442 2588 577 2666 martyrii
592 2589 619 2648 S¹
630 2589 767 2648 Andreae
782 2591 920 2666 Apostoli
941 2591 1059 2665 legitur,
1080 2591 1215 2666 populus,
1236 2596 1340 2649 eontra
1354 2591 1479 2650 iudicem

153 2671 281 2810 {rirffiltgr
297 2670 500 2809 &ogffiimet
522 2675 682 2746 martyrem
704 2670 818 2746 eripere
838 2671 935 2729 voluit
964 2677 1053 2747 atque
1078 2670 1151 2730 solis
1176 2670 1271 2746 ipsius
1293 2671 1395 2731 Sancti
1417 2690 1479 2748 pre·

156 2848 332 2919 Qoaumrun
354 2850 383 2904 1⁰
408 2865 476 2938 num
497 2845 615 2905 licuerit
636 2846 726 2905 etiam
747 2851 868 2906 cruento
890 2849 975 2906 modo
992 2848 1132 2906 Sanctum
1152 2847 1278 2906 liberare
1300 2852 1331 2906 et
1352 2867 1369 2906 e
1387 2855 1481 2907 morte

407 2945 529 3002 errpere.

353 3017 382 3074 2⁰
407 3035 476 3074 num
499 3014 529 3073 id
550 3014 668 3074 licuerit
688 3014 754 3091 ipso
776 3015 866 3074 etiam
887 3015 998 3074 Sancto
1019 3015 1122 3075 invito.

748 3180 884 3248 Solutio.

92 3320 144 3374 515
243 3309 295 3372 An
326 3328 517 3383 ounrsrruu
550 3309 586 3370 1¹²
614 3307 652 3372 R.
680 3309 708 3372 1.
755 3307 803 3372 Re
833 3310 869 3373 io
899 3329 930 3372 sc
960 3309 1028 3373 sola
1057 3310 1224 3391 spectata,
1257 3307 1350 3372 licuit
1381 3309 1479 3374 etiam

154 3401 290 3463 cruenta
306 3395 460 3462 defensio.
493 3397 638 3462 Auctore
654 3396 738 3460 enim
755 3396 788 3461 S⁰
804 3396 956 3461 Thema
973 3399 1002 3475 2,
1028 3399 1058 3472 2,
1076 3418 1106 3479 q.
1125 3399 1176 3474 69,
1195 3416 1224 3462 a.
1242 3401 1261 3460 4
1278 3396 1311 3460 in
1328 3399 1480 3462 condem-

154 3485 287 3551 natione
310 3485 432 3551 iniusta
455 3485 541 3562 ,tale
564 3484 717 3549 iudicium
740 3485 846 3550 simile
870 3489 921 3551 est
944 3485 1119 3551 violentiae
1143 3485 1325 3560 latronum;
1351 3491 1385 3553 et
1408 3487 1479 3551 ideo

154 3575 240 3639 sicut
269 3575 347 3640 licet
376 3573 530 3639 resistere
560 3574 757 3652 latronibus,
789 3575 836 3641 ita
865 3574 945 3642 licet
967 3573 1120 3640 resistere
1143 3574 1177 3638 in
1200 3575 1260 3640 tali
1283 3595 1361 3640 casu
1385 3575 1480 3641 malis

154 3662 369 3747 principibus;
395 3662 455 3727 nisi
479 3661 565 3728 forte
585 3668 719 3746 propter
734 3664 923 3729 scandalum
939 3663 1121 3741 vitandum,
1146 3684 1219 3729 cum
1236 3685 1278 3728 ex
1293 3664 1354 3730 hoc
1371 3664 1480 3747 aliqua

154 3751 266 3833 gravis
290 3751 435 3817 turbatio
459 3752 664 3818 timeretur“.

244 3840 358 3920 Neque
390 3841 500 3905 obstat
529 3840 723 3924 proscriptio
747 3840 850 3906 thesis
876 3843 916 3905 18
940 3861 999 3924 per
1023 3841 1118 3907 Alex.
1141 3839 1205 3904 VII
1228 3839 1334 3907 facta:
1372 3842 1480 3920 ,Licet

154 3930 338 3994 interficere
361 3930 480 3994 falsum
505 3933 739 4007 accusatorem,
764 3930 865 3994 falsos
889 3935 1002 4007 testes,
1027 3951 1065 3994 ao
1089 3930 1187 3996 etiam
1207 3929 1355 4008 iudicem,
1381 3952 1479 4013 aquo

154 4017 265 4098 iniqua
289 4022 377 4082 certo
394 4017 542 4083 imminet
557 4018 730 4094 sententia,
756 4019 782 4082 si
800 4019 864 4083 alia
880 4018 935 4084 via
951 4020 1105 4084 innocens
1121 4040 1185 4083 nou
1201 4023 1311 4101 potest
1328 4019 1480 4085 damnum

155 4107 290 4172 vitare.“
325 4107 410 4172 Nam
436 4107 537 4172 thesis
560 4107 617 4171 illa
633 4108 749 4173 merito
767 4108 949 4185 damnatur,
977 4109 1009 4190 1)
1033 4108 1109 4190 quia
1131 4108 1162 4171 id
1179 4109 1361 4173 indistincte
1382 4110 1480 4175 licere

154 4196 249 4272 dicit,
275 4217 347 4261 oum
370 4196 403 4260 in
427 4200 539 4260 nostro
563 4217 720 4278 responso
744 4197 847 4261 solum
871 4197 1013 4274 dicatur,
1039 4197 1115 4279 quid
1139 4197 1237 4262 liceat
1257 4221 1318 4282 per
1341 4221 1390 4280 se,
1416 4220 1478 4263 nou

155 4285 231 4368 quid
247 4286 396 4350 illicitum
420 4287 479 4350 fiat
502 4307 560 4367 per
577 4285 743 4361 accidens;
770 4287 803 4368 2)
828 4285 904 4367 quia
919 4286 1063 4367 loquitur
1079 4286 1118 4351 de
1135 4286 1299 4351 sententia
1317 4297 1480 4372 tetrumque

154 4374 285 4452 iniusta,
299 4374 369 4438 sive
381 4374 573 4449 formaliter,
587 4373 657 4437 sive
670 4374 885 4440 materialiter
897 4379 1035 4452 tanturn,
1049 4396 1121 4440 cum
1134 4397 1320 4459 responsum
1331 4381 1479 4441 nostrum

155 4468 306 4527 versetur
329 4463 369 4527 de
394 4472 505 4548 opertu
528 4463 688 4527 iniustitia
708 4468 777 4529 tum
795 4464 957 4530 materiali
973 4469 1043 4531 tum
1059 4465 1159 4529 etiam
1174 4464 1321 4540 formali3
1347 4464 1381 4546 3)
1407 4466 1481 4547 quia

155 4553 299 4633 loquitur
315 4553 355 4617 de
372 4553 535 4618 sententia
549 4553 675 4634 futura,
693 4573 882 4636 responsum
901 4559 1047 4619 nostrum
1064 4554 1104 4617 de
1117 4557 1281 4638 praesenti
1296 4556 1481 4621 sententiae

156 4640 285 4722 iniquae
309 4645 503 4707 exsecutione
527 4641 741 4725 impedienda.
