3106 5168
303 293 374 348 luris
392 293 460 347 laesi
478 294 613 363 reparatio
632 322 666 331 —
686 311 718 346 ex
734 295 915 360 fornicatione
932 297 971 348 cel
988 297 1121 348 adulterio
1140 297 1208 348 orta.
1351 297 1416 361 363

185 469 224 533 R.
250 471 280 535 4.
326 467 462 546 Quando
492 473 623 536 constat
652 469 780 552 quidem
811 469 934 553 prolem
962 489 1005 535 ex
1027 469 1233 537 matrimonio
1256 491 1321 534 non
1344 489 1417 535 esse

93 579 153 623 seu
178 577 250 623 esse
273 578 338 623 non
360 579 473 642 posse,
506 559 564 624 sed
587 579 629 624 ex
653 563 744 625 caius
767 559 908 625 adulteri
931 559 1094 624 consortio
1117 559 1248 624 sitnon
1272 562 1415 624 constat:

94 651 203 712 mater
225 667 304 712 sane
334 652 445 713 manet
477 647 623 730 obligata
652 649 695 713 ad
717 648 902 733 reparanda
932 648 1068 723 damua;
1102 652 1218 714 contra
1249 648 1417 714 adulteros

94 736 234 801 maritus
257 735 357 801 etiam
379 736 449 801 iure
472 757 531 801 suo
561 737 681 814 utitur,
711 737 892 821 siquando
923 737 953 802 ei
983 738 1073 819 leges
1102 735 1264 802 actionem
1288 736 1416 802 civilem

95 827 136 889 de
161 825 278 890 damno
302 826 501 904 concedunt,
535 830 634 909 atque
665 824 735 892 iure
765 827 943 909 quemlibet
972 826 1012 891 de
1041 825 1170 907 integro
1198 826 1316 891 damno
1340 847 1416 892 con·

94 913 209 979 venire
231 918 357 996 potest:
390 914 534 997 alioquin
565 915 628 980 viri
659 914 800 981 adulteri
832 937 992 981 summum
1024 919 1179 980 tenentur
1208 914 1328 997 singuli
1357 936 1416 998 pro

94 1006 188 1080 rata,
222 1002 320 1083 idque
344 1012 417 1088 poet
447 1004 616 1068 mulierem
647 1003 722 1085 (nisi
751 1003 839 1070 forte
868 1004 898 1070 ei
921 1004 988 1070 vim
1011 1002 1212 1085 intulerint),
1245 1008 1280 1069 et
1311 1004 1415 1070 solum

93 1091 225 1174 quando
248 1091 406 1159 sciverint
428 1093 595 1157 mulierem
618 1092 728 1176 plures
745 1093 913 1160 adulteros
928 1093 1108 1172 admisisse,
1133 1093 1236 1161 itaut
1258 1092 1320 1176 ipsi
1337 1112 1416 1174 quo·

94 1202 160 1262 que
183 1181 506 1335 egfipacrpmdcppsam
529 1201 602 1247 eam
625 1182 794 1265 posuerint
812 1183 962 1260 scienter,
987 1203 1029 1248 ex
1053 1203 1118 1264 qua
1140 1181 1324 1266 paternitas
1347 1202 1416 1246 ma·

95 1290 176 1335 nere
221 1291 301 1335 eea
365 1293 385 1334 2
410 1294 451 1335 ια.

186 1366 233 1433 Cf.
263 1369 318 1432 Tb.
343 1391 384 1433 m.
408 1367 439 1445 l,
465 1369 545 1441 998⁸,
578 1366 609 1435 S.
634 1365 750 1452 Alph.
779 1368 801 1435 l.
826 1389 852 1434 2.
880 1389 912 1435 n.
937 1369 1019 1444 6593
1050 1368 1161 1434 Marc
1190 1389 1221 1434 n.
1247 1370 1309 1434 961
1328 1387 1415 1450 sqq.;

94 1456 273 1535 blarres,
297 1458 347 1522 De
369 1460 440 1523 inat.
465 1477 495 1524 n.
521 1458 596 1522 305.

240 1680 500 1748 RESTITUTIO
526 1683 585 1748 EX
608 1681 937 1749 FORNIOATIONE
960 1680 1180 1748 uouulssa
1204 1678 1274 1763 (Ι).

652 1838 761 1904 02222.
789 1845 865 1915 (222)

185 1978 321 2048 Claudia,
343 1977 441 2054 puella
462 1978 695 2053 quattuordecim
716 1998 872 2050 annorum,
895 1998 913 2036 a
935 1979 1025 2038 divite
1046 1979 1191 2038 nebulone
1212 1978 1360 2039 inducitur
1380 1978 1418 2039 ad

93 2067 250 2137 peceatum
272 2078 337 2117 cum
358 2058 424 2135 ipso
445 2058 693 2128 committendum,
715 2060 793 2118 datis
814 2059 927 2136 aliquot
947 2059 1055 2118 marcis
1077 2078 1129 2135 pro
1151 2060 1293 2119 mercede.
1335 2059 1418 2119 Olau-

93 2141 162 2199 diae
183 2146 276 2217 pater,
299 2138 465 2215 operarius,
488 2156 553 2196 oum
573 2138 647 2197 haec
669 2138 786 2209 audiat,
807 2139 853 2198 ira
874 2140 958 2216 gravi
979 2139 1119 2199 incensus
1139 2140 1315 2198 nebulonem
1335 2139 1418 2198 illum

94 2221 125 2278 in
147 2221 194 2279 ina
213 2224 302 2279 vocat
323 2224 352 2276 et
373 2217 552 2276 seductionis
575 2238 640 2276 eum
660 2225 792 2289 accusat,
814 2225 904 2295 utque
926 2238 1045 2279 causam
1066 2219 1207 2290 obtineat,
1230 2219 1317 2279 minis
1339 2219 1419 2294 cogit

94 2300 203 2372 filiam,
235 2304 267 2358 ut
294 2299 391 2358 iurata
413 2298 545 2357 dicatae
566 2299 677 2359 nullam
698 2318 716 2357 a
736 2301 801 2359 viro
822 2299 881 2359 isto
901 2300 1064 2359 mercedem
1086 2299 1247 2376 accepisse.
1290 2299 1354 2371 Quo
1375 2299 1416 2370 fit,

95 2387 128 2438 ut
149 2379 195 2438 vir
216 2380 266 2438 ille
287 2381 325 2438 ad
346 2378 457 2454 aliquot
479 2383 619 2437 centenas
640 2398 756 2439 marcas
777 2379 935 2439 solvendas
957 2379 1176 2452 condemnetur,
1199 2398 1277 2452 cum,
1303 2379 1330 2440 si
1351 2399 1418 2440 con·

94 2460 224 2519 stitisset
244 2463 398 2536 peccatum
419 2478 471 2535 pro
492 2460 628 2518 mercede
650 2479 716 2520 esse
738 2460 907 2532 admissum,
929 2459 1004 2518 liber
1024 2459 1177 2520 evasisset.

93 2572 274 2644 Qvanarrua
294 2578 392 2633 utrum
412 2573 537 2650 pecunia
557 2574 609 2633 illa
630 2574 726 2650 possit
746 2573 867 2633 retineri
889 2593 928 2632 an
949 2573 1066 2632 restitui
1088 2573 1202 2634 debeat.

689 2762 824 2829 Salutio.

184 2905 236 2969 An
260 2924 451 2980 ousasrnun
474 2903 513 2969 R.
541 2907 568 2970 1.
614 2902 689 2968 Iure
712 2907 852 2970 naturae
874 2904 926 2969 vir
954 2904 1010 2969 illo
1035 2905 1189 2969 Claudiae
1218 2903 1297 2969 nihil
1321 2904 1419 2970 debet
1429 2916 1479 2970 221

92 2997 230 3078 praeter
251 2993 434 3059 mercedem
458 3013 500 3057 ex
523 2993 739 3058 conventione
762 2994 922 3071 solutam,
947 2992 1107 3074 siquidem
1130 2994 1239 3076 puella
1262 2993 1362 3058 libere
1385 2992 1419 3057 in

93 3086 267 3167 peccatum
291 3081 503 3148 consenserit.

185 3187 224 3253 R.
259 3190 289 3253 2.
335 3187 458 3252 Verum
491 3185 620 3268 quidem
653 3192 705 3253 est
734 3187 840 3269 legem
869 3186 1044 3271 positivam
1075 3192 1125 3265 et,
1157 3209 1197 3253 ea
1228 3185 1418 3265 exsistente,

93 3276 235 3342 iudicem
258 3277 433 3341 secundum
458 3276 563 3358 legem
587 3297 684 3360 posse
703 3276 859 3341 eiusmodi
875 3280 1010 3359 peecata
1033 3280 1157 3362 punire,
1182 3276 1328 3365 adeoque
1344 3280 1419 3359 post

93 3365 210 3431 iudicis
234 3365 429 3431 sententiam
454 3366 580 3447 legibus
596 3365 783 3447 vigentibus
799 3364 1010 3431 conformiter
1024 3366 1127 3431 latam
1149 3369 1183 3431 et
1199 3364 1305 3430 virum
1328 3364 1419 3430 illum

93 3454 216 3520 debere
239 3454 271 3520 in
296 3454 495 3520 conscientia
519 3454 664 3532 solvere,
696 3459 730 3520 et
753 3453 920 3519 Claudiam
943 3455 997 3519 vel
1021 3454 1090 3519 eius
1112 3458 1240 3537 patrem
1263 3454 1420 3521 mulctam

93 3544 250 3626 legaliter
272 3544 413 3608 solutam
437 3542 579 3608 retinere
602 3564 709 3627 posse.

186 3650 225 3716 R.
252 3652 281 3715 3.
320 3648 477 3715 Attamen
494 3649 534 3713 ad
551 3650 707 3714 muletam
723 3648 913 3714 solvendam
937 3653 974 3715 ut
990 3647 1076 3715 adsit
1091 3646 1257 3730 obligatio,
1282 3647 1325 3714 ad
1348 3668 1420 3714 eam

94 3738 316 3822 recipiendam
341 3743 377 3803 ut
408 3738 550 3804 facultas
580 3737 683 3815 adsit,
717 3737 895 3819 requiritur
924 3737 1089 3804 sententia
1118 3736 1222 3815 iusta,
1255 3759 1312 3803 seu
1336 3759 1421 3820 quae

94 3850 163 3893 non
186 3849 228 3893 ex
251 3826 413 3893 iniustitia
429 3831 534 3892 ortum
559 3848 652 3891 suum
676 3827 792 3893 habet:
816 3848 892 3892 nam
915 3827 1006 3892 nulla
1029 3847 1135 3910 poena
1150 3826 1315 3910 privativa
1338 3827 1421 3911 legi·

94 3919 158 3982 bus
181 3915 330 3982 humanis
345 3915 470 3982 indicta
486 3915 610 3998 obligat
633 3921 711 3983 ante
726 3915 925 3982 sententiam
940 3916 1055 3981 iudicis
1080 3937 1184 3999 neque
1204 3917 1291 3981 ultra
1314 3916 1420 3998 legem

92 4006 233 4087 obligat.
280 4005 344 4070 Sed
376 4005 409 4069 in
442 4009 554 4069 nostro
587 4025 664 4069 casu
698 4005 863 4072 sententia
895 4009 1010 4071 contra
1042 4005 1272 4071 defloratorem
1305 4005 1422 4071 nititur

95 4096 195 4180 plane
222 4094 255 4159 in
278 4094 438 4160 iniust'tia
466 4099 580 4160 contra
604 4115 694 4169 eum,
729 4115 800 4159 cum
832 4116 891 4179 per
923 4094 1028 4159 solum
1055 4094 1259 4159 mendacium
1282 4097 1317 4159 et
1346 4115 1421 4177 per·

96 4185 218 4250 iurium
241 4183 364 4249 iudices
387 4183 420 4247 in
444 4183 541 4249 istam
565 4183 762 4248 sententiam
786 4183 1008 4250 flecterentur.

187 4290 226 4355 R.
252 4292 282 4358 4.
329 4289 483 4373 Explosis
506 4289 607 4372 igitur
622 4288 728 4355 titulis
751 4289 805 4354 vel
821 4289 982 4355 naturalis
998 4287 1206 4370 obligationis
1230 4307 1310 4368 erga
1326 4287 1484 4354 Clau-rec

95 4381 186 4445 diam
202 4380 254 4445 vel
278 4378 440 4463 positivae
463 4378 546 4460 legis
570 4378 726 4461 poenalis,
750 4379 840 4443 solus
863 4382 969 4443 restat
984 4377 1101 4442 titulus
1117 4375 1325 4458 obligationis
1341 4396 1422 4456 erga

94 4467 252 4535 Claudiae
275 4473 446 4552 parentes,
478 4467 532 4549 qui
556 4488 615 4550 per
637 4466 723 4532 filiae
747 4466 957 4531 violationem
981 4466 1134 4531 videntur
1163 4463 1252 4547 passi
1276 4484 1348 4528 esse
1371 4463 1422 4527 in·

95 4558 216 4623 iuriam
246 4561 281 4622 et
310 4560 509 4640 potestatem
540 4555 706 4638 accepisse
736 4555 918 4637 exigendae
949 4552 1177 4638 reparationis.
1223 4552 1313 4627 Quae
1335 4551 1422 4618 ratio

95 4646 210 4714 afferri
233 4645 361 4728 quidem
378 4650 497 4728 potest,
522 4644 651 4726 quando
667 4648 821 4727 parentes
837 4664 953 4708 revera
969 4643 1122 4709 damnum
1138 4640 1318 4724 temporale
1334 4640 1424 4725 passi
