3106 5168
161 290 224 352 244
277 285 317 340 De
336 284 486 338 virtutibus
503 287 532 338 et
549 282 647 338 officiis
665 299 732 352 erge
749 282 879 337 homines.
900 312 933 321 -
952 283 1076 340 Virtutes
1094 285 1216 340 institiae
1233 302 1365 340 annexae.

97 473 149 527 477
250 462 302 525 An
320 479 511 536 coenemus
535 461 575 523 2¹¹²
597 458 636 525 R.
657 462 684 525 1.
725 458 917 542 Sempronia
937 479 995 525 rea
1013 480 1078 526 non
1097 467 1158 534 est,
1183 464 1220 526 ut
1242 482 1340 527 casus
1356 461 1485 527 omnino

160 550 298 616 suadere
315 548 454 625 videtur,
479 548 651 630 neglectae
667 567 765 613 curae
781 549 902 631 patris;
927 570 1039 614 verum
1059 570 1163 632 neque
1186 570 1244 615 res
1259 550 1391 615 videtur
1414 571 1486 616 esse

160 640 331 722 neglectae
355 658 453 703 curae
476 636 586 704 mariti
615 641 650 704 et
679 636 728 702 rei
757 637 945 703 familiaris:
976 659 1053 703 nam
1083 638 1147 705 etei
1177 641 1346 705 commoda
1376 639 1484 706 marit'

161 750 225 794 non
252 728 301 793 ita
324 727 483 804 attendit,
514 727 542 792 si
572 725 668 793 modo
690 729 871 793 necessario
894 731 1060 810 praestat,
1091 728 1241 794 excusari
1266 728 1381 807 debet,
1413 750 1486 795 cum

159 816 358 901 impossibile
382 816 411 881 ei
435 815 478 884 sit
502 819 536 881 et
558 814 646 900 patri
669 819 704 881 et
726 815 846 882 marito
870 817 966 899 plene
989 816 1190 883 satisfacere.

248 915 287 981 a.
309 917 338 980 2.
379 914 413 980 Si
436 917 518 980 serio
542 914 671 999 optavit
686 919 825 980 mortem
844 913 914 979 sive
938 914 1025 998 patri
1044 915 1115 979 sive
1133 914 1252 980 marito
1275 950 1319 960 -
1342 936 1414 980 eam
1439 915 1487 981 ite

159 1004 277 1071 fecisse
308 1003 441 1070 additae
464 1023 579 1087 preces
602 1002 755 1069 videntur
783 1002 917 1068 inuuere
945 1039 988 1048 -
1018 1004 1167 1085 graviter
1195 1004 1346 1087 peccavit
1371 1009 1486 1070 oontm

155 1096 316 1179 pietatem,
341 1097 441 1175 etque
458 1092 558 1176 impia
582 1112 678 1176 prece
697 1095 812 1157 eontra
836 1095 1034 1177 relipionerm
1054 1113 1159 1174 neque
1175 1094 1263 1158 male
1279 1114 1334 1158 seu
1353 1113 1487 1160 amarae

160 1183 329 1265 querelae,
360 1203 442 1264 quas
464 1181 537 1266 ipsa
569 1181 640 1265 peti
664 1181 798 1259 debeat,
832 1181 917 1248 ratio
947 1186 1040 1258 eunt,
1072 1203 1129 1247 eur
1158 1185 1340 1248 extremum
1365 1183 1487 1248 malum

160 1273 341 1355 temporale
371 1271 444 1337 aliis
477 1274 579 1355 optet.
631 1269 665 1336 si
695 1290 774 1336 vero
806 1271 911 1336 Deum
944 1271 1146 1337 solummodo
1176 1276 1298 1349 oravit,
1333 1277 1370 1337 ut
1400 1293 1436 1336 se
1467 1293 1486 1337 a

160 1360 292 1426 miseria
314 1360 434 1426 liberet
455 1360 551 1425 modo
580 1359 808 1444 providentiae
831 1359 962 1425 divinae
985 1360 1137 1443 probato,
1168 1359 1248 1425 nihil
1271 1365 1423 1426 statuens
1447 1361 1487 1426 de

160 1455 265 1517 morte
289 1449 394 1533 patris
417 1449 471 1513 vel
493 1448 613 1527 meriti,
638 1449 699 1514 hac
723 1469 758 1513 re
781 1470 846 1515 non
869 1449 1028 1532 peccavit.

250 1548 288 1614 R.
314 1550 344 1613 3.
390 1545 539 1613 Animari
569 1545 670 1628 igitur
693 1546 790 1612 debet
820 1547 862 1612 ad
893 1546 1086 1629 patientiam
1117 1567 1222 1629 neque
1246 1547 1386 1628 querelis
1416 1548 1487 1613 sive

161 1636 271 1703 meriti
295 1636 365 1701 sive
389 1635 494 1720 patris
517 1635 565 1701 ita
581 1635 787 1701 commoveri.
823 1635 912 1711 Cum,
937 1642 974 1702 ut
997 1639 1099 1719 patet,
1124 1657 1165 1700 ne
1189 1635 1341 1702 alterutri
1357 1637 1487 1718 quidem

160 1726 354 1792 satisfacere
371 1726 465 1808 plene
480 1725 595 1809 possit,
620 1724 753 1790 studeat
776 1745 835 1807 pro
859 1745 955 1808 posse
971 1729 1145 1808 utrumque
1165 1726 1352 1802 observare,
1378 1731 1486 1792 cetera

162 1816 230 1880 Deo
261 1814 504 1892 commendare,
535 1813 677 1896 gratiam
708 1813 889 1898 patientiae
919 1813 960 1878 ab
990 1835 1028 1878 eo
1059 1820 1182 1898 petere.
1233 1814 1372 1892 Elbel,
1406 1816 1487 1881 Cou-

159 1904 316 1987 fe›·entioe
338 1904 373 1969 P.
394 1902 451 1979 Ill,
476 1926 506 1970 n.
529 1906 602 1969 549.

583 2093 752 2161 OFFIOIA
776 2093 1065 2161 FAMULORUM.

718 2232 829 2300 Casus.
857 2240 933 2308 (137)

251 2367 342 2428 Hilda
363 2366 488 2437 famula,
510 2365 594 2425 cuius
615 2364 738 2424 servitio
760 2364 877 2424 domina
898 2385 951 2442 pro
972 2366 1071 2425 futuro
1093 2384 1171 2424 anno
1192 2365 1384 2437 renuntiavit,
1407 2366 1488 2445 cupit

163 2468 241 2508 nunc
263 2453 333 2508 ante
354 2452 470 2523 tempus
491 2444 607 2506 dimitti.
651 2445 747 2516 Quare
769 2445 899 2521 qualibet
921 2445 990 2504 data
1011 2445 1168 2506 occasione
1189 2446 1254 2521 agit
1275 2451 1379 2506 contra
1401 2447 1487 2506 domi·

163 2548 246 2600 nam,
273 2527 413 2587 mandata
434 2525 580 2602 neglegit,
603 2527 729 2602 superbe
750 2525 924 2602 respondet,
947 2525 1054 2585 vicinis
1075 2531 1178 2585 narrat
1198 2525 1295 2601 iurgia
1317 2526 1486 2593 domestica,

163 2628 238 2685 quae
265 2609 343 2667 inter
365 2606 512 2666 dominam
540 2605 661 2681 eiusque
689 2605 825 2664 maritum
854 2605 1004 2676 oriuntur,
1034 2610 1064 2665 et
1087 2625 1161 2682 quae
1189 2625 1207 2664 a
1234 2605 1303 2665 filiis
1331 2605 1398 2682 ipsa
1426 2607 1488 2684 pati

164 2690 278 2748 debeat.
321 2687 419 2756 Quare
440 2686 571 2758 demum,
601 2691 733 2761 tempore
755 2685 958 2746 conductionis
984 2686 1112 2745 nondum
1134 2686 1251 2762 elapso,
1278 2686 1396 2746 domina
1424 2707 1486 2745 eam

164 2768 300 2837 dimittit,
329 2769 446 2843 integra
467 2767 565 2826 soluta
586 2765 736 2835 mercede,
765 2766 808 2824 ita
829 2772 862 2825 ut
883 2785 935 2841 per
956 2785 1086 2825 mensem
1106 2766 1307 2826 mercenariae
1329 2787 1419 2844 opera
1441 2788 1487 2844 po·

164 2850 223 2907 tius
246 2854 354 2908 utetur,

164 2945 340 3016 Qosnnmcn
363 2947 391 3003 1⁰
417 2963 491 3020 quae
512 2944 573 3002 sint
594 2943 693 3002 officia
714 2942 890 3002 famulorum
912 2962 965 3002 eeu
985 2944 1169 3003 famularum.

362 3036 392 3092 2⁰
417 3034 560 3109 quomodo
583 3033 672 3091 Hildc
693 3033 871 3109 peccaverit.

363 3126 393 3183 3⁰
419 3143 488 3181 num
509 3123 556 3181 ius
578 3123 686 3181 habeat
708 3122 744 3180 ad
766 3122 913 3197 integram
935 3123 1106 3180 mercedem.

760 3304 895 3372 solutio.

103 3456 154 3509 478
255 3441 306 3504 An
331 3460 521 3515 Quaesiuun
548 3442 585 3503 1ω
609 3438 647 3504 R.
689 3438 815 3503 Famuli
839 3441 993 3502 tenentur
1016 3456 1095 3519 erga
1119 3435 1266 3501 dominos
1289 3458 1366 3502 auos
1393 3437 1424 3519 1)
1449 3438 1487 3502 ad

166 3530 366 3604 fidelitatem,
392 3549 432 3592 ne
449 3549 532 3609 quae
548 3548 627 3592 suae
644 3548 741 3592 curae
760 3531 837 3592 sunt
852 3525 1025 3591 commissa
1048 3526 1236 3607 neglegant,
1261 3546 1345 3591 neve
1361 3533 1487 3594 secreta

165 3618 309 3684 familiae
340 3618 528 3701 propalent;
561 3616 594 3698 2)
626 3618 667 3681 ad
697 3615 886 3697 obsequium
917 3620 951 3680 et
983 3614 1220 3680 oboedientiam
1252 3615 1283 3679 in
1315 3617 1411 3681 rebus
1440 3616 1487 3682 sui

165 3706 308 3782 servitii;
343 3706 376 3786 3)
408 3706 448 3771 ad
480 3706 707 3771 reverentiam.
760 3707 815 3770 Tb.
840 3728 881 3769 ro.
906 3705 934 3780 l,
961 3705 1041 3780 828;
1071 3703 1195 3787 Gury,
1221 3704 1326 3790 Comp.
1352 3705 1380 3782 I,
1407 3709 1486 3781 3833

166 3797 197 3863 S.
223 3796 338 3879 Alph.
363 3795 420 3871 ΙΙΙ,
446 3798 510 3860 343
527 3816 596 3877 sqq.

255 3912 306 3975 An
335 3931 525 3985 eucnemon
557 3913 594 3974 2⁰¹
627 3910 663 3975 lt.
692 3913 719 3976 1.
774 3909 852 3974 Cum
887 3907 1017 3990 saepius
1053 3911 1087 3972 et
1121 3907 1161 3972 de
1196 3907 1356 3972 industria
1391 3910 1488 3974 Hilda

167 4000 321 4065 mandata
345 4000 515 4081 neglegat,
540 3999 680 4065 dubitari
705 3999 761 4062 vix
786 4001 911 4081 potest,
936 3996 1012 4078 quin
1036 3996 1184 4078 graviter
1207 4002 1322 4063 contra
1346 3997 1487 4064 debitunt

166 4089 355 4171 obsequium
380 4093 509 4171 peccet;
535 4094 641 4154 utrum
667 4091 803 4172 aeripedis
826 4086 950 4150 vicibus
974 4086 1006 4149 in
1030 4107 1065 4150 se
1089 4087 1228 4169 sumptis
1245 4086 1393 4168 graviter
1415 4111 1488 4172 pec·

167 4179 293 4245 caverit
316 4199 433 4253 annon,
459 4179 577 4260 pendet
601 4199 643 4242 ex
667 4178 763 4241 rebus
788 4198 870 4259 quae
894 4175 1097 4240 iubebantur.

256 4276 293 4342 R.
320 4279 348 4342 2.
397 4277 542 4358 Superba
577 4275 787 4359 responsione
822 4274 892 4338 sine
927 4272 1023 4337 dubio
1058 4272 1157 4339 etiam
1192 4273 1342 4356 peccavit
1376 4280 1489 4341 contra

167 4366 310 4433 debitam
345 4366 573 4431 reverentiam.
625 4366 747 4429 Verum
783 4363 895 4443 gravis
929 4361 1143 4427 irreverentia
1177 4384 1241 4426 non
1278 4363 1358 4428 adeo
1394 4364 1490 4430 facile

167 4453 391 4530 committitur,
416 4454 477 4518 nisi
502 4455 603 4520 verba
627 4452 863 4518 contumeliosa
887 4473 995 4516 coram
1020 4452 1238 4534 proferantur.

256 4553 294 4617 R.
320 4555 350 4617 3.
404 4552 469 4616 Res
499 4553 587 4618 intra
618 4550 775 4615 familiam
806 4554 919 4630 gestas
952 4549 1074 4612 exteris
1107 4548 1345 4614 communicare
1381 4572 1424 4614 ex
1456 4573 1490 4616 se

168 4647 218 4706 est
243 4646 356 4706 eontra
380 4641 521 4707 debitam
546 4641 749 4706 fidelitatem.
797 4638 902 4714 Quare
935 4637 961 4701 si
993 4638 1033 4702 de
1063 4639 1159 4701 rebus
1189 4639 1346 4719 grauibus
1370 4641 1488 4722 agitur,
