3106 5168
157 282 219 346 140
368 275 409 330 De
427 275 576 332 virtutibus
593 279 624 332 et
640 275 739 331 officiis
757 291 824 345 erga
841 273 937 333 Deum.
954 305 986 317 -
1003 275 1101 331 Virtus
1117 274 1265 346 religionis.

91 465 142 521 281
243 453 282 520 R.
302 456 332 520 3.
372 452 508 520 Erravit
530 451 678 526 maritus,
702 450 795 534 quasi
817 454 926 517 omnia
948 457 1028 518 vota
1044 451 1194 520 Getuliaa
1217 452 1331 519 uxoris
1349 451 1480 520 irritare

154 541 268 626 possit.
314 542 384 608 Ista
415 541 501 607 enim
530 541 682 608 irritandi
711 544 860 625 potestas
892 559 996 622 eaque
1026 540 1152 609 duecta
1183 542 1335 626 dirigitur
1367 541 1410 608 ad
1442 563 1481 609 ea

154 636 235 698 vota
256 635 403 708 tantum,
434 651 519 713 quac
548 651 633 696 uxor
661 633 737 714 post
766 629 884 696 initum
913 629 1156 697 matrimonium
1178 631 1305 698 emisit:
1337 630 1481 697 advola

155 725 232 786 ante
255 719 498 786 matrimonium
528 718 648 785 emissa
677 717 838 785 indirecta
860 723 991 785 tantum
1020 724 1072 787 est
1101 720 1221 789 marito
1248 719 1401 786 irritandi
1423 742 1481 804 po·

154 813 277 888 testas,
306 809 341 875 in
364 812 523 891 quantum
546 807 609 874 iuri
632 807 742 875 ma1iti
765 806 1001 892 praeiudicant.
1025 845 1069 856 -
1100 808 1274 876 Moderata
1297 808 1481 875 devotionis

53 982 56 987 <
155 898 330 977 exercitia,
361 919 446 982 quae
468 895 738 982 gubernationem
762 895 976 964 domesticam
1005 917 1070 963 non
1096 896 1294 983 impediunt,
1324 898 1482 983 impedire

155 987 284 1071 nequit,
314 1008 420 1071 neque
450 1006 490 1054 ea
513 990 594 1054 vcta
621 984 771 1053 irritare:
800 989 912 1072 potest
933 985 1150 1053 immoderata
1171 986 1309 1066 ieiunia,
1339 985 1368 1053 si
1397 1008 1481 1053 uxor

155 1099 213 1161 per
234 1097 274 1143 ea
297 1077 339 1142 ad
362 1076 464 1143 vitam
490 1075 695 1158 coniugalem
717 1075 824 1158 impos
843 1075 1052 1149 reddereturz
1076 1075 1175 1143 immo
1191 1077 1322 1159 quando
1341 1076 1481 1160 gravida

154 1171 206 1232 est
228 1186 322 1245 uxor,
346 1165 443 1232 facile
466 1169 580 1232 votnm
604 1163 769 1231 ieiunandi
792 1186 831 1231 eo
854 1164 925 1250 ipso
950 1185 1080 1232 cessare
1104 1166 1159 1232 vel
1181 1165 1337 1250 suspendi
1359 1169 1479 1252 potest,

154 1255 181 1320 si
211 1255 366 1322 videlicet
397 1254 481 1340 proli
513 1254 588 1321 inde
620 1253 729 1320 timeri
762 1253 860 1319 debet
888 1258 1130 1322 nocumentum.
1162 1290 1202 1301 —
1243 1255 1481 1338 Eleemosynae

154 1344 381 1428 elargitionem
398 1343 597 1411 ordinariam
611 1342 769 1428 impedire
793 1341 931 1409 maritus
954 1342 1002 1408 ita
1025 1341 1154 1425 quidem
1178 1344 1302 1428 nequit,
1326 1348 1364 1411 ut
1386 1344 1480 1410 uxori

153 1456 218 1499 non
247 1432 364 1512 liceat,
395 1436 432 1500 at
454 1433 585 1500 videtur
613 1453 711 1516 posse
740 1431 788 1498 ita
817 1436 855 1499 ut
885 1453 969 1498 uxor
998 1431 1132 1515 elargiri
1161 1454 1226 1498 non
1253 1436 1424 1509 teneatur,
1454 1433 1481 1499 si

154 1544 239 1589 uxor
272 1544 336 1588 non
371 1522 472 1588 habet
505 1522 591 1588 bona
624 1522 776 1606 propria,
812 1542 855 1587 ex
886 1520 1004 1604 quibus
1035 1520 1157 1599 faciat;
1192 1521 1221 1587 si
1253 1522 1336 1588 haec
1371 1521 1480 1601 habet,

154 1611 396 1695 eleemosynam
428 1632 471 1677 ex
499 1611 565 1676 illis
595 1611 782 1677 nullatenus
804 1615 916 1694 potest
943 1609 1101 1693 impedire
1128 1631 1234 1693 neque
1256 1610 1327 1679 voti
1355 1611 1481 1695 obliga·

153 1700 275 1768 tionem
299 1701 440 1767 irritare.

91 1815 144 1871 282
243 1806 281 1872 R.
307 1809 338 1872 4.
384 1806 488 1872 Recte
512 1805 645 1872 Getulia
668 1804 832 1872 dubitavit
861 1805 902 1871 de
930 1805 1043 1871 valore
1074 1804 1271 1872 irritationis
1294 1804 1367 1872 voti
1397 1804 1481 1886 quod

155 1917 213 1979 per
228 1895 495 1978 subrogationem
517 1894 579 1960 sibi
601 1894 820 1973 incumbebat,
844 1893 1006 1962 recitandi
1028 1893 1148 1962 cotidie
1166 1894 1299 1971 rosarii;
1324 1893 1430 1960 solum
1450 1894 1481 1958 in

154 1984 374 2067 singularibus
398 1984 544 2063 casibus,
568 1983 750 2066 siquando
774 1983 908 2066 negotia
930 1983 1110 2049 domestica
1134 1988 1309 2068 tantopere
1331 1985 1482 2066 urgeant,

154 2077 192 2140 ut
214 2094 255 2139 ne
278 2073 500 2139 necessarium
524 2072 654 2155 quidem
676 2077 807 2158 tempus
829 2094 914 2139 uxor
935 2072 977 2138 iis
999 2072 1195 2139 subtrahere
1217 2071 1339 2158 possit,
1372 2072 1483 2138 licebit

155 2164 184 2229 ei
207 2163 276 2230 voti
301 2162 534 2244 obligationem
557 2162 773 2247 suspendere:
798 2162 885 2245 quod
908 2182 989 2228 sane
1012 2161 1216 2228 rarissimum
1239 2160 1313 2229 erit.

245 2260 321 2328 Non
350 2259 465 2326 illicite
494 2264 605 2326 tamen
636 2260 716 2327 fecit
746 2259 878 2326 Getulis
909 2259 1000 2325 illam
1031 2261 1101 2325 voti
1131 2258 1364 2341 obligationem
1394 2279 1482 2324 com·

153 2355 286 2417 mutans
317 2349 351 2415 in
382 2349 517 2415 Missam
551 2349 670 2415 cotidie
700 2349 912 2426 audiendam,
945 2348 973 2413 si
999 2348 1119 2416 devote
1147 2347 1293 2421 assistit:
1324 2368 1401 2414 nam
1432 2352 1483 2414 est

154 2459 236 2523 opus
267 2438 437 2505 evidenter
466 2437 593 2506 melius.
623 2477 662 2488 -
691 2438 756 2504 Sed
785 2438 867 2504 haec
899 2438 1112 2504 commutatio
1142 2458 1206 2504 non
1230 2437 1294 2505 fuit
1321 2437 1482 2515 absoluta,

153 2531 270 2612 utpote
292 2548 398 2610 neque
420 2528 572 2612 profecta
594 2548 700 2611 neque
723 2529 916 2593 confirmata
939 2527 981 2592 ab
1005 2526 1214 2594 auctoritate.
1254 2526 1363 2604 Quare
1386 2547 1482 2609 quam

153 2617 292 2701 primum
316 2638 398 2702 opus
421 2617 635 2699 subrogatum
660 2617 768 2684 evasit
789 2616 1001 2701 impossibile,
1026 2616 1185 2699 obligatio
1209 2615 1252 2682 ad
1279 2615 1483 2682 recitandum

154 2706 315 2773 rosarium
337 2706 470 2774 revixit.

273 2924 491 2992 VOTORUM
513 2921 881 2989 INTERPRMTATIO.
907 2960 950 2969 —
973 2921 1093 2988 VOTA
1116 2921 1351 2988 POENALIA.

720 3087 832 3155 basus.
859 3094 917 3162 (77)

243 3231 405 3302 Ausonius,
427 3248 493 3288 cum
513 3228 669 3288 incidisset
689 3227 721 3287 in
735 3231 890 3304 peccatum
906 3227 1042 3286 luxuriae
1057 3247 1124 3286 cum
1138 3227 1246 3304 puella,
1268 3246 1287 3287 a
1301 3226 1483 3288 confessario

153 3318 307 3389 correptus
329 3317 359 3370 et
380 3311 479 3370 dolore
500 3308 654 3387 perculsus
675 3314 765 3367 vovet
786 3327 835 3377 se,
864 3307 889 3365 si
911 3308 1000 3366 etiam
1021 3308 1112 3367 semel
1133 3309 1301 3377 relabatur,
1330 3313 1382 3368 aut
1404 3328 1482 3368 num·

41 3459 45 3466 ,
153 3413 240 3469 quam
268 3390 484 3450 matrimonium
511 3389 651 3449 initurum
679 3388 802 3463 ideoque
830 3387 962 3446 castitati
991 3389 1154 3448 caelibatus
1182 3389 1348 3448 servandae
1377 3409 1410 3448 sc
1434 3390 1484 3448 ob·

155 3473 274 3532 noxium
296 3473 369 3540 fore,
391 3475 444 3530 aut
463 3470 509 3530 bis
528 3470 632 3546 quavis
653 3467 837 3527 hebdomada
857 3467 1064 3528 ieiunaturum.
1094 3469 1225 3528 Revera
1245 3469 1352 3528 iterum
1373 3469 1483 3529 labitur

154 3558 243 3628 atque
264 3552 417 3627 gravidam
437 3549 533 3609 reddit
554 3550 691 3626 puellam.
729 3547 825 3619 Quare
847 3548 884 3605 ad
905 3548 1044 3607 honorem
1065 3549 1181 3625 puellae
1201 3548 1361 3624 tegendum
1384 3549 1482 3609 matri·

154 3633 282 3692 monium
310 3631 413 3706 nequit
440 3630 595 3689 declinare.
637 3631 780 3689 Attamen
807 3627 947 3688 ieiunium
977 3629 1153 3705 promissum
1182 3648 1303 3688 servare
1332 3629 1359 3688 ei
1388 3629 1483 3704 magis

155 3712 200 3772 dis
222 3713 300 3771 licet.

202 3732 374 3852 pVoverat
401 3790 490 3850 etiam
517 3796 564 3848 ter
590 3789 622 3847 in
649 3789 832 3848 hebdomada
853 3788 1063 3847 abstinentiam
1092 3807 1228 3848 servare:
1256 3808 1344 3866 quam
1372 3794 1481 3860 tamen,

156 3873 272 3948 quando
294 3870 404 3930 ieiunia
425 3875 565 3945 quattuor
585 3873 748 3946 temporum
770 3868 920 3938 incidunt,
948 3888 1040 3944 usque
1062 3868 1100 3927 ad
1121 3888 1175 3927 sex
1197 3868 1259 3927 dics
1280 3869 1403 3928 extendi
1428 3868 1484 3946 ipsi

155 3952 307 4011 molestius
335 3956 389 4011 est.
419 3984 454 3994 -
485 3951 542 4008 Per
569 3969 678 4008 annum
707 3950 813 4008 cotidie
835 3949 926 4008 Sacro
954 3949 1100 4008 interesse
1127 3955 1268 4020 voverat,
1300 3949 1352 4009 sed
1381 3949 1483 4008 diebus

155 4032 309 4091 dominicis
330 4050 420 4108 saepe
441 4030 496 4089 soli
517 4030 574 4104 legi
598 4029 819 4088 ecclesiasticae
841 4029 996 4097 satisfecit,
1018 4049 1077 4088 non
1096 4034 1183 4098 voto;
1206 4029 1363 4104 aliquoties
1385 4030 1483 4101 etiam,

155 4119 264 4191 putans
286 4132 353 4171 esse
373 4114 481 4170 festum
503 4109 708 4186 obligationis,
736 4109 826 4167 Sacro
855 4109 989 4167 interfuit
1017 4114 1048 4168 et
1073 4130 1126 4186 pro
1150 4114 1219 4168 voto
1249 4129 1350 4169 secum
1378 4110 1484 4169 statuit

153 4194 240 4253 alteri
268 4193 380 4253 Missae
407 4192 571 4262 interesse,
603 4191 655 4250 sed
685 4195 791 4266 postea
821 4188 945 4248 audiens
975 4209 1035 4248 non
1063 4209 1130 4250 esse
1158 4191 1265 4250 festum
1295 4190 1483 4265 obligationis

154 4274 278 4334 Missam
300 4274 425 4333 alteram
447 4271 554 4331 omisit.

154 4387 332 4458 Quannmnn
352 4388 383 4445 1⁰
408 4385 550 4462 quomodo
572 4383 724 4443 Ausonius
752 4387 891 4443 teneatur
919 4383 955 4440 ad
984 4389 1056 4442 vota
1083 4384 1136 4442 illa
1162 4383 1301 4460 poenalia
1330 4389 1360 4443 et
1389 4402 1482 4460 aquo

407 4467 468 4526 sint
489 4464 710 4542 dispensabilis.

352 4569 383 4625 2⁰
408 4563 683 4705 iibfffiiirbefiqua
704 4569 776 4622 vota
796 4563 856 4622 sint
880 4561 1095 4637 intellegenda,
1124 4568 1155 4620 et
1182 4580 1252 4619 num
1274 4563 1427 4622 Ausonius
1447 4561 1481 4620 iis
