3106 5168
151 283 213 348 106
362 276 403 332 De
421 276 571 332 virtutibus
589 280 618 331 et
635 276 733 330 officiis
751 291 818 344 erga
835 274 930 330 Deum.
949 303 985 313 -
998 273 1095 330 Virtus
1112 272 1261 344 religionis.

237 455 275 524 R.
300 458 330 522 2.
378 454 442 521 Sed
465 454 561 520 adest
583 452 684 518 etiam
714 453 769 518 lex
792 453 919 528 divina,
951 473 991 517 ex
1015 473 1080 535 qua
1104 449 1279 517 Christiani
1302 448 1476 533 aliquoties

149 547 269 612 saltem
301 543 450 610 sacrificii
482 543 523 610 N.
555 541 591 607 L.
625 540 801 626 participes
834 562 906 607 esse
938 540 1067 607 dehent.
1119 541 1211 607 Haec
1241 560 1307 604 non
1338 538 1477 623 singulis

149 633 318 700 dominicis
341 632 455 698 dicbus
478 635 512 698 et
535 630 674 708 festivis,
699 631 757 696 sed
781 629 955 714 aliquoties
977 631 1010 696 in
1033 650 1120 697 anno
1143 633 1250 713 urget,
1280 632 1317 696 at
1339 628 1478 711 requirit

149 744 283 790 causam
305 742 386 788 sano
409 721 594 803 graviorem
618 741 677 803 pro
701 719 923 787 excusatione.
969 719 1055 785 Hinc
1085 740 1128 785 ex
1155 719 1219 784 hac
1247 717 1320 784 sola
1347 718 1477 783 ratione

149 813 206 880 illa
229 811 387 878 distantia
409 811 514 877 bonae
537 810 651 875 leucae
674 831 738 875 non
763 810 921 886 obstaret,
946 808 1024 891 quin
1046 807 1222 891 aliquoties
1244 805 1279 872 in
1301 827 1389 873 anno
1407 808 1477 873 An·

149 903 271 969 seimus
294 900 395 966 Sacro
419 899 576 966 assistere
598 899 658 964 sub
682 898 778 982 gravi
801 899 946 966 deberet.

621 1141 905 1209 SUPERSTITIO
935 1141 1003 1224 (Π).

715 1298 826 1366 dasne.
853 1304 911 1374 (58)

238 1438 423 1507 Heribertus‚
445 1438 562 1514 quando
582 1437 819 1497 tertiusdecimus
838 1442 884 1496 est
905 1437 942 1496 ad
959 1456 1100 1508 mensam,
1122 1439 1177 1496 sub
1198 1437 1296 1513 aliquo
1318 1441 1479 1514 praetextu

150 1520 226 1581 solet
254 1519 408 1589 recedere;
440 1518 555 1594 quando
585 1518 616 1576 in
646 1517 740 1594 primo
771 1536 894 1593 egressu
922 1536 938 1576 e
967 1517 1052 1577 domo
1081 1518 1185 1594 pedem
1216 1521 1321 1576 contra
1350 1516 1480 1594 lapidem

150 1599 286 1670 offendit,
316 1599 392 1658 diem
419 1617 473 1675 pro
497 1598 628 1657 infausto
656 1598 836 1657 habetata
858 1597 986 1673 negotiis
1008 1597 1174 1656 tractandis
1196 1597 1341 1668 abstinet;
1370 1597 1480 1656 vulnus

151 1679 307 1757 aliquando
328 1678 532 1738 incantatione
553 1683 583 1736 et
602 1678 792 1737 invocatione
814 1682 983 1737 sanctorum
1004 1677 1153 1736 nominum
1168 1682 1249 1736 certa
1268 1677 1365 1736 forma
1386 1684 1479 1736 certo·

151 1779 207 1837 que
234 1778 355 1818 numero
383 1759 519 1817 facienda
547 1757 602 1817 sibi
623 1758 787 1817 sanandum
808 1758 939 1827 curavit;
967 1777 1062 1834 nuper
1088 1762 1151 1817 tum
1178 1776 1217 1817 ex
1246 1757 1422 1816 curiositate
1450 1762 1480 1816 et

151 1839 311 1917 cupiditate
332 1838 444 1898 sciendi
459 1839 588 1896 futuram
608 1858 691 1897 suam
706 1843 825 1910 sortem,
848 1843 910 1896 turn
933 1856 971 1896 ex
991 1838 1056 1897 ioco
1078 1838 1140 1897 adit
1160 1837 1322 1909 mulierem,
1343 1856 1421 1914 quae
1442 1857 1479 1897 ex

151 1920 263 1979 chartis
284 1918 444 1978 miscendis
465 1923 495 1977 et
516 1939 554 1976 ex
575 1919 707 1978 sortibus
727 1918 816 1978 iactis
836 1917 981 1994 praedicit
1000 1918 1117 1977 futura:
1141 1936 1232 1995 quare
1249 1937 1268 1977 a
1283 1918 1479 1988 confessario,

150 2000 182 2059 in
204 2001 286 2059 cuius
301 1999 428 2060 dioecesi
447 1999 663 2074 ,sortilegium“
688 1999 766 2058 inter
780 2017 869 2057 casus
889 2003 1060 2058 reservatos
1078 1999 1215 2071 refertur,
1237 1998 1315 2075 quod
1334 1998 1480 2058 facultate

151 2081 278 2140 donatus
298 2099 359 2139 non
380 2078 427 2149 sit,
450 2079 515 2138 sine
536 2079 722 2139 absolutione
743 2078 906 2138 dimittitur.

152 2194 329 2265 Qussarrua
351 2197 380 2253 1⁰
405 2193 473 2270 quid
496 2193 531 2252 de
551 2192 645 2252 variis
666 2192 881 2270 superstitiosis
902 2192 1100 2252 observantiis
1121 2192 1274 2252 dicendum
1297 2193 1345 2252 sit.

350 2285 380 2340 2⁰
404 2283 549 2422 quomodo
569 2283 745 2342 Heribertus
766 2282 945 2360 peccaverit,
967 2287 1086 2341 rectene
1108 2282 1284 2342 excludatur
1304 2284 1342 2341 ab
1364 2282 1480 2342 absolu·

418 2383 494 2423 rone.

749 2493 884 2562 Solutio.

90 2650 143 2706 210
241 2634 294 2699 An
317 2655 508 2711 quassiruu
536 2638 572 2698 1¹²¹
595 2634 634 2700 R.
657 2639 686 2700 1.
733 2635 989 2718 superstitiones
1012 2634 1176 2712 diversae,
1201 2655 1286 2717 quae
1309 2653 1481 2700 occurrere

152 2729 299 2808 possunt,
324 2728 400 2789 sunt
431 2724 462 2804 l)
487 2745 570 2789 oona
594 2725 805 2807 observantia,
830 2724 871 2789 ad
896 2744 993 2805 quam
1016 2723 1103 2790 inter
1125 2724 1191 2788 alia
1214 2726 1345 2806 spectat
1368 2723 1481 2787 obser·

152 2813 243 2880 vatio
267 2817 453 2889 eventuum,
477 2813 571 2895 quasi
595 2812 626 2877 hi
651 2813 718 2878 sint
733 2812 892 2894 quaedam
909 2812 1093 2878 futurorum
1117 2811 1342 2895 praemonitio,
1367 2815 1402 2877 et
1425 2832 1480 2876 ars

152 2901 290 2968 sanandi
306 2901 493 2984 incongruis
512 2905 546 2967 et
562 2901 656 2966 vanis
671 2901 802 2978 mediis3
828 2903 862 2980 2)
879 2903 1033 2968 divinatio
1049 2923 1107 2967 seu
1123 2923 1177 2966 ars
1193 2901 1338 2968 futuram
1355 2905 1479 2967 sortem

152 2992 327 3057 humanam
352 2990 489 3058 occultis
511 2990 628 3056 mediis
652 2990 888 3072 cognoscendi;
925 2991 959 3071 3)
982 2994 1090 3077 Μαρία
1113 3010 1172 3055 seu
1195 3011 1250 3055 ars
1273 2990 1373 3069 mira,
1404 2990 1426 3055 i.
1451 3010 1479 3056 e.

152 3080 302 3146 humanis
325 3080 449 3145 viribus
472 3080 643 3163 superiora
665 3079 891 3163 perpetrandi,
925 3079 976 3145 oui
1000 3080 1127 3145 accedit
1150 3078 1185 3161 4)
1208 3081 1399 3161 maleficiam
1421 3099 1479 3144 seu

153 3191 207 3235 ars
231 3169 304 3235 aliis
326 3169 388 3235 hac
412 3169 466 3235 via
490 3169 637 3236 nocendi.
684 3169 774 3246 Quae
797 3174 875 3235 suut
898 3190 956 3252 per
979 3189 1015 3234 se
1038 3174 1175 3252 peccata
1199 3167 1361 3236 mortalia.

242 3275 278 3342 R.
305 3280 336 3343 2.
376 3277 416 3340 Io
441 3298 473 3341 se
497 3274 626 3357 quidem
651 3275 764 3340 variae
786 3275 862 3340 illae
886 3274 1011 3358 species
1034 3275 1150 3339 morali
1174 3274 1302 3340 malitia
1324 3295 1390 3339 non
1414 3273 1480 3338 dis·

151 3363 346 3446 tinguuntur
368 3362 520 3447 (excepto
537 3363 706 3441 maleficio,
723 3364 810 3446 quod
825 3364 916 3429 addit
931 3384 1035 3445 grave
1050 3369 1220 3447 peccatum
1236 3368 1352 3430 contra
1368 3363 1480 3446 proxi·

154 3455 263 3533 mum),
288 3453 446 3534 siquidem
469 3454 501 3517 in
526 3474 564 3518 eo
589 3453 738 3519 ultimum
755 3453 962 3530 conveniunt,
982 3454 1067 3536 quod
1084 3474 1144 3537 ope
1161 3453 1328 3519 daemonis
1343 3455 1481 3519 utantur

154 3543 205 3606 vel
229 3542 278 3607 uti
301 3548 460 3609 conentur
482 3543 524 3607 ad
553 3543 689 3607 effectus
711 3542 971 3626 suprahumauos
995 3543 1197 3609 obtinendos.
1245 3544 1310 3609 Per
1333 3543 1480 3607 accidens

152 3637 264 3697 tamen
288 3653 336 3709 ea,
362 3652 445 3713 quae
469 3631 621 3698 restricto
645 3652 743 3696 sensu
763 3632 879 3698 dicitur
898 3654 983 3696 vano
999 3633 1208 3716 observantia,
1233 3652 1332 3715 saepe
1349 3630 1479 3696 omnino

153 3720 250 3786 aliter
280 3720 450 3786 diiudicari
480 3721 593 3798 debet,
625 3721 702 3802 quia
730 3721 809 3786 illud
840 3740 912 3785 oum
941 3721 1070 3786 diabolo
1094 3721 1322 3786 commercium
1346 3720 1481 3803 eiusque

153 3809 266 3875 auxilii
283 3809 468 3894 imploratio
492 3810 524 3873 in
549 3830 588 3874 ea
611 3810 800 3892 frequenter
823 3810 959 3875 multum
984 3811 1068 3875 latet
1090 3815 1189 3892 atque
1213 3811 1255 3875 ab
1277 3809 1410 3875 homine
1425 3808 1480 3874 isti

152 3898 376 3982 superstitioni
400 3899 592 3965 inhaerente
614 3898 673 3980 ‚vix
697 3898 959 3982 apprehenditur.
1000 3899 1106 3976 Quare
1130 3899 1228 3965 facile
1250 3901 1298 3977 tit,
1323 3899 1416 3965 utin
1440 3919 1480 3963 ea

153 3987 333 4053 subiectiva
357 3987 525 4054 excusatio
550 4008 570 4053 a
590 3990 684 4072 proni
707 3992 841 4070 peccato
866 3988 1016 4054 exsistat.
1056 3990 1092 4053 ln
1116 3988 1249 4071 reliquis
1272 3987 1479 4073 superstitio·

153 4076 263 4155 nibuS,
287 4098 372 4159 quae
395 4077 480 4142 serio
505 4082 657 4159 aguntur,
681 4077 778 4159 longe
802 4077 948 4160 apertius
971 4081 1066 4161 patet
1089 4080 1258 4155 effectum,
1282 4078 1398 4143 mediis
1421 4077 1479 4142 ad-

153 4165 263 4231 hibitis
284 4187 326 4231 ex
349 4188 384 4232 se
406 4166 536 4232 minime
553 4167 755 4249 adaptatum,
781 4167 885 4231 aeolo
902 4167 1030 4232 diabolo
1052 4188 1148 4251 posse
1165 4166 1368 4250 exspectari:
1393 4166 1477 4249 quod

152 4254 180 4320 si
202 4256 305 4322 menti
328 4256 516 4334 occurrerit,
540 4261 711 4340 peccatum
734 4277 798 4320 non
822 4259 932 4340 potest
956 4277 1020 4321 nou
1043 4277 1116 4322 esse
1140 4257 1289 4324 mortale.

241 4363 280 4427 R.
303 4365 333 4428 3.
373 4363 508 4440 Quando
531 4384 609 4427 usus
632 4363 811 4427 mediorum
835 4361 991 4428 eiusmodi
1015 4366 1075 4439 est,
1101 4367 1138 4427 ut
1161 4364 1296 4429 effectus
1319 4361 1479 4428 naturali·

152 4450 212 4515 bus
229 4451 352 4517 viribus
375 4453 481 4516 adhuc
497 4452 648 4516 videatur
670 4473 766 4535 posse
782 4451 932 4529 adscribi,
957 4473 1021 4517 non
1045 4452 1260 4518 committitur
1279 4452 1478 4536 superstitio,

153 4541 210 4605 sed
233 4542 310 4608 licet
333 4540 372 4606 iis
395 4540 510 4605 mediis
534 4542 598 4613 uti,
623 4541 649 4605 si
674 4542 780 4618 modo,
804 4541 933 4622 quando
958 4542 1069 4607 subest
1092 4541 1176 4607 ratio
1200 4543 1389 4627 suspicandi
1411 4540 1479 4606 dia·

154 4630 292 4694 bolicum
315 4630 547 4705 interventum,
571 4632 630 4695 fiat
654 4636 768 4696 contra
791 4629 881 4695 illum
906 4631 1110 4714 protestatio.
