3106 5168
329 292 399 346 Iuris
416 292 485 347 laesi
503 293 637 363 reparatio
656 326 686 335 -
708 293 868 348 restituendi
887 296 981 347 modus
999 301 1022 348 et
1040 297 1116 349 ordo.
1318 298 1383 363 385

61 467 147 525 euius
169 466 316 525 dominum
339 467 437 542 aliqua
463 467 653 543 inquisitione
676 487 741 544 pru
744 475 794 527 ata
815 469 896 527 faeta
922 488 982 527 non
1003 469 1125 529 invenit.
1168 470 1385 540 confessarius,

62 548 111 606 eui
139 547 222 605 brevi
250 553 318 623 post
345 567 393 605 res
421 567 491 606 suas
515 547 633 624 pandit,
661 568 714 624 pro
735 553 859 624 utroque
881 567 953 608 casu
974 549 1056 608 iubet
1043 555 1206 609 tsummae
1226 552 1295 610 illas
1315 571 1385 627 pau·

61 627 182 703 peribus
201 627 280 687 dare.
316 624 398 696 Quod
420 627 569 702 Diogenes
590 627 672 697 facit,
651 633 747 687 ιιιοι
734 628 817 687 tabili
839 634 938 687 tamen
958 635 1043 705 parte
1064 630 1189 690 sibit
1143 651 1174 689 re
1176 635 1269 700 tenta,
1291 651 1329 690 ex
1350 650 1384 690 eo

61 707 176 782 quod
168 727 226 765 ram
254 727 347 783 nuper
367 707 480 782 largam
503 674 719 784 eleemosynam
747 728 784 767 ex
808 709 870 766 suis
892 709 1089 768 dedisset-
1116 710 1214 769 Restit
1201 711 1315 769 tutione
1342 711 1385 771 ita

60 793 194 863 peracta,
217 792 247 845 et
234 788 395 845 tdominus
415 789 523 845 bursae
545 788 708 864 apparet,
700 808 730 846 ιιι
751 788 875 864 publicis
897 788 1005 848 soliis'
998 789 1148 864 rnquirens
1164 791 1199 848 de
1220 790 1384 862 inventore,

61 874 92 925 et
114 867 209 925 virum
231 867 328 936 illurn,
358 867 405 925 eui
425 867 609 942 horologium
630 868 794 944 eripuerat,
818 868 969 927 moraliter
990 875 1071 928 certo
1092 870 1241 945 Diogenes
1263 872 1385 945 agnoiit

61 968 100 1005 ex
131 948 183 1018 iia,
210 966 286 1022 quae
316 966 382 1005 eum
411 955 581 1007 narrantem
612 948 694 1006 audit
715 948 750 1007 de
771 948 932 1007 infortunio
964 955 993 1008 et
1023 949 1155 1008 facinore
1185 951 1261 1026 quod
1291 951 1321 1009 in
1352 971 1385 1010 se

61 1032 181 1102 gestum
202 1028 251 1086 sit.

62 1133 241 1203 Qunrmrua
263 1135 291 1190 1⁰
316 1131 473 1207 largitione
500 1132 531 1191 in
559 1152 705 1209 pauperes
733 1134 814 1191 facta
841 1138 939 1193 utrum
967 1133 1108 1209 obligatio
1136 1135 1310 1195 restituendi
1335 1156 1384 1195 ex·

317 1213 486 1287 stinguatur
506 1213 678 1289 simpliciter
699 1233 737 1271 an
760 1213 965 1272 condicionate
985 1218 1109 1274 tantum.

262 1304 292 1359 21>
318 1302 461 1360 debeatne
482 1301 632 1377 Diogenes
652 1301 759 1360 iterum
779 1302 904 1362 solvere.

656 1487 791 1554 solutio.

152 1637 204 1701 An
228 1657 418 1712 Quarsrrun
445 1641 481 1701 1¹¹u
508 1639 547 1703 R.
575 1641 603 1704 1.
650 1637 815 1720 Pauperes
838 1639 891 1703 vel
915 1659 1034 1703 causae
1058 1639 1131 1722 piae
1154 1638 1186 1703 in
1210 1660 1310 1705 eausa
1332 1652 1446 1707 ιιι-763

59 1725 243 1791 stitutionis
273 1731 342 1791 tum
373 1727 502 1791 demum
532 1727 677 1792 evadunt
706 1727 906 1804 subiectum,
938 1727 989 1793 eui
1019 1728 1089 1793 iure
1118 1728 1284 1795 restitutio
1314 1729 1385 1794 fieri

59 1815 183 1898 possit,
222 1815 350 1896 quando
383 1816 474 1880 laesa
497 1821 548 1881 est
572 1816 787 1881 communitas
817 1816 870 1880 vel
893 1821 989 1882 tanta
1011 1816 1175 1882 hominum
1199 1817 1384 1898 multitudo,

60 1908 100 1969 ut
123 1904 235 1970 totalis
251 1904 381 1985 quidem
404 1904 506 1969 laesio
522 1905 634 1985 gravis
658 1904 711 1982 sit,
735 1925 799 1968 non
816 1909 924 1970 autem
948 1905 1062 1986 gravis
1084 1912 1199 1973 contra
1222 1908 1383 1988 singulos;

59 1996 120 2058 aut
145 1994 272 2075 quaudo
296 1993 471 2074 singularis
495 1993 623 2075 quidem
646 1993 742 2058 homo
766 1994 874 2059 laesus
897 1999 962 2071 est,
987 1994 1043 2059 sed
1068 1995 1122 2076 qui
1146 1996 1256 2077 detegi
1278 1997 1384 2061 nulla·

60 2088 158 2147 tenus
174 2081 288 2166 possit.
323 2082 375 2147 Ita
391 2082 519 2160 saltem,
543 2083 570 2147 si
588 2082 698 2164 agitur
714 2082 754 2147 de
772 2082 980 2149 restitutione
1003 2104 1046 2148 ex
1069 2085 1162 2165 gravi
1187 2085 1282 2168 culpa
1299 2089 1382 2151 orta.

61 2171 110 2237 Cf.
135 2193 236 2254 supra
259 2193 289 2238 n.
317 2174 378 2236 745
396 2192 444 2252 sq.

152 2278 190 2342 R.
216 2280 245 2342 2.
292 2276 329 2340 ln
353 2276 461 2359 priore
484 2297 578 2354 casu,
609 2275 738 2358 quando
762 2276 915 2341 videlieet
944 2277 1052 2342 nullus
1082 2277 1257 2359 singularis
1286 2278 1383 2343 homo

60 2366 210 2447 graviter
233 2367 342 2431 laesus
366 2369 432 2442 est,
464 2364 672 2432 restitutione
702 2385 782 2447 erga
812 2386 972 2449 pauperes
999 2365 1106 2445 faeta,
1139 2367 1294 2449 obligatio
1325 2369 1383 2432 ab·

59 2455 170 2520 solute
193 2454 358 2520 exstincta
381 2460 441 2520 est.
477 2454 568 2530 Quod
592 2454 676 2518 idem
701 2455 763 2518 dici
780 2454 886 2532 debet,
911 2455 938 2518 si
961 2456 1032 2520 loeo
1055 2455 1273 2522 restitutionis
1296 2477 1384 2522 eom-

60 2544 181 2627 positio
204 2565 263 2608 seu
286 2543 480 2607 condonatio
503 2543 666 2608 maximae
690 2543 793 2627 partis
816 2543 907 2609 facta
930 2543 1029 2611 fuerit
1052 2567 1072 2610 a
1096 2545 1127 2611 S.
1151 2545 1244 2623 Sede,
1268 2550 1383 2628 utpote

59 2654 146 2714 quae
163 2633 202 2697 de
218 2632 311 2697 bonis
327 2653 497 2697 causarum
514 2633 641 2715 piarum
658 2633 710 2697 vel
726 2632 1029 2713 ecclesiasticarum,
1055 2655 1191 2716 quarum
1213 2656 1384 2719 supremus

59 2722 310 2787 administrator
333 2721 386 2798 sit,
411 2742 453 2785 ex
476 2721 563 2786 iusta
586 2742 686 2786 eausa
708 2721 813 2804 possit
836 2721 1017 2806 disponere.
1463 2716 1467 2723 ’

151 2821 273 2885 Verum
297 2820 330 2884 in
354 2819 412 2883 tali
437 2818 673 2884 condonatione
697 2825 834 2885 cavetur
857 2841 1002 2904 semper,
1032 2825 1085 2897 ut,
1117 2821 1191 2885 dmn
1215 2821 1302 2887 forte
1326 2821 1383 2887 do·

58 2909 168 2974 minus
191 2917 294 2973 certus
317 2913 432 2991 postea
456 2908 661 2991 apparuerit,
692 2930 751 2991 pro
774 2909 815 2972 iis
838 2929 921 2989 quae
944 2910 1018 2975 huie
1042 2909 1232 2988 debeantur,
1257 2910 1384 2977 debitor

58 2998 262 3064 restitutioni
286 2997 446 3062 obnoxius
468 3001 611 3064 maneat.

150 3104 188 3170 R.
207 3108 237 3170 3.
276 3103 464 3169 Tenendum
481 3107 532 3168 est
548 3104 657 3181 etiam,
683 3104 811 3184 qnando
829 3103 1046 3169 confessarius
1062 3103 1157 3168 citius
1180 3103 1380 3187 imposuerit,
1392 3122 1445 3177 764

57 3199 96 3259 ut
113 3193 280 3259 restitutio
296 3195 354 3258 fiat
370 3213 449 3273 erga
465 3213 635 3276 pauperes,
660 3198 833 3276 propterea
850 3192 1013 3256 dominum
1030 3194 1164 3269 laesum,
1189 3193 1243 3275 qui
1267 3196 1381 3275 postea

56 3283 289 3365 comparuerit,
306 3283 356 3347 ius
372 3304 465 3347 suum
482 3303 544 3347 non
560 3281 717 3358 amisisse,
734 3282 792 3346 sed
809 3286 923 3346 contra
936 3281 1212 3346 damnificatorem
1228 3281 1380 3347 rotinere.

57 3409 103 3417 —
133 3372 188 3438 Τιι.
213 3394 253 3437 ιιι.
279 3371 303 3449 Ι,
332 3375 432 3445 1031;
458 3372 488 3436 S.
515 3370 630 3454 Alph.
655 3371 675 3435 l.
702 3374 731 3446 3,
756 3393 787 3435 ιι.
814 3373 887 3436 703.

150 3470 271 3534 Verum
295 3491 353 3552 pro
371 3467 508 3533 diversis
532 3467 702 3543 adiunctis
726 3489 785 3550 pro
808 3468 931 3536 maiore
954 3466 1121 3532 minoreve
1137 3466 1255 3531 damno
1278 3467 1380 3545 illato,

57 3581 119 3643 pro
150 3558 272 3623 maiore
303 3558 422 3622 domini
452 3557 533 3622 laesi
562 3556 760 3622 liberalitate
790 3561 824 3622 et
854 3555 1011 3620 similibus
1041 3556 1216 3638 aliquando
1246 3556 1382 3622 iudicari

56 3652 180 3732 potest,
205 3647 369 3712 dominum
394 3648 518 3711 laesum
541 3667 605 3710 non
633 3666 705 3710 esse
728 3646 875 3726 graviter
897 3644 1036 3709 invitum
1061 3666 1165 3727 neque
1189 3666 1261 3710 eum
1285 3646 1381 3713 resti-

56 3737 219 3803 tutionem
236 3737 285 3800 bis
302 3736 483 3801 faciendam
500 3739 690 3800 exacturum
708 3755 792 3800 esse.¹
806 3773 849 3781 —
873 3733 1008 3817 Saepius
1032 3734 1132 3800 etiam
1155 3735 1326 3818 paenitens
1348 3735 1382 3801 iu

56 3828 146 3891 bona
161 3826 224 3890 fide
248 3825 335 3890 cirea
357 3825 511 3890 iteratam
536 3823 775 3889 restitutionem
791 3823 928 3904 relinqui
951 3828 1062 3906 potest
1080 3824 1133 3889 vel
1157 3824 1255 3890 etiam
1273 3824 1380 3890 debet.

149 3931 188 3999 R.
205 3933 235 3996 4.
275 3931 382 3998 Aliter
396 3931 602 3997 iudicandum
620 3934 680 4004 est,
704 3931 731 3994 si
755 3929 865 4012 agitur
880 3930 920 3995 de
943 3951 979 3994 re
1002 3930 1146 3997 inventa.
1185 3930 1277 3995 Haeo
1297 3930 1444 4002 enin1765

57 4042 125 4086 non
155 4021 338 4086 necessario
366 4020 474 4085 danda
504 4024 555 4085 est
585 4020 796 4103 pauperibus3
828 4020 884 4083 sed
915 4019 1079 4086 exstincta
1109 4041 1167 4102 spe
1197 4019 1380 4083 inveniendi

57 4109 180 4174 domini
211 4110 252 4174 ab
283 4110 454 4174 inventore
483 4114 594 4192 potest
624 4109 784 4191 occupari.
838 4107 898 4184 Qui
928 4109 1030 4191 igitur
1058 4110 1275 4194 irnprudenter
1306 4107 1380 4172 ilico

56 4197 257 4282 pauperibus
275 4220 328 4263 res
344 4198 496 4263 inventas
513 4197 723 4275 distribuerit,
748 4197 876 4263 domiuo
893 4203 1008 4280 postea
1025 4204 1235 4280 comparente
1250 4200 1382 4262 tenetur

55 4310 117 4389 pro
141 4287 245 4370 gradu
270 4288 384 4371 culpae
415 4307 457 4351 ex
486 4285 714 4369 imprudentia.
760 4286 821 4362 Qui
844 4307 922 4350 vero
952 4288 1106 4372 prudenti
1137 4287 1254 4350 iudicio
1284 4285 1380 4348 nixus

55 4378 105 4442 ita
130 4377 208 4458 egit,
233 4398 337 4458 neque
362 4398 404 4441 ex
427 4397 463 4440 re
486 4375 593 4440 aliena
609 4375 722 4440 dett
651 4378 742 4440 ttena
766 4395 870 4456 neque
887 4396 929 4439 ex
945 4375 1037 4456 gravi
1062 4376 1158 4457 eulpa
1182 4374 1222 4438 ad
1246 4374 1323 4437 resti
1328 4378 1379 4467 ιιι-

56 4466 181 4532 tionem
212 4465 244 4529 in
268 4467 339 4529 foro
370 4469 535 4529 conamen
537 4486 587 4529 rae
616 4468 747 4528 tenetur
777 4463 832 4546 (ef.
857 4463 958 4528 Aert
945 4463 1023 4543 tniJ
1033 4487 1048 4527 s
1072 4463 1135 4538 ιιι
1161 4465 1241 4538 346,
1267 4462 1361 4541 Ql)

55 4557 113 4620 sed
148 4555 176 4619 si
211 4555 301 4635 leges
333 4554 492 4638 positiias
524 4575 588 4618 non
620 4552 784 4628 seriatit,
819 4556 894 4634 post
880 4485 1043 4616 tiudicis
1075 4552 1272 4617 senteutiam
1305 4470 1379 4613 huid

54 4665 174 4729 parere
199 4642 306 4710 debet.

110 4755 279 4801 Lehmkubl.
294 4755 365 4797 Casus
379 4753 538 4797 eonscientiae.
565 4754 582 4796 1.
1134 4745 1167 4797 2,]
