3106 5168
419 265 524 335 Regula
541 275 644 321 remota
661 283 711 321 sou
728 267 788 320 loo:
805 265 975 321 condiciones
992 283 1096 321 necess.
1379 271 1420 335 41

91 441 224 520 bouum,
249 441 308 506 sed
330 440 363 505 in
385 443 538 525 laqueum
555 440 838 508 conscientiarum.
876 441 1062 525 Aliquando
1080 447 1200 522 tamen,
1225 442 1354 524 quando
1371 448 1422 509 est

92 533 328 612 necessariam,
357 534 416 596 aut
438 532 567 613 quaudo
591 530 749 597 eiusmodi
771 530 939 613 obligandi
962 531 1104 598 facultas
1127 531 1229 596 libere
1252 535 1422 617 assumpta

93 623 145 686 est
168 641 190 684 a
213 618 354 699 subdito,
379 619 478 686 etiam
502 624 597 686 actus
619 619 741 686 heroici
765 625 903 703 possunt
925 620 1040 688 iuberi.

183 733 236 798 An
253 754 444 809 cuassrruu
468 737 507 800 3¹¹¹
529 735 569 804 R.
588 737 617 801 1.
656 734 693 799 In
711 738 821 820 primo
844 755 923 800 casu
939 734 1099 817 Angelica
1121 735 1264 819 turpiter
1287 735 1467 804 erravit.80

92 821 216 905 Agitur
238 822 290 887 hic
313 822 354 888 de
383 844 419 888 re
448 823 533 890 fidei.
580 822 657 889 Sola
681 823 869 889 definitione
892 823 926 889 in
949 824 1090 890 Concilio
1114 824 1276 890 Vaticano
1304 827 1423 890 solem-

93 911 179 977 niter
202 911 309 990 facta,
341 933 395 977 res
424 933 482 995 pro
513 913 658 995 quolibet
688 912 817 979 homine
845 913 1005 979 catholico
1038 912 1190 979 confecta
1221 916 1303 980 erat.
1350 913 1423 979 Nisi

92 1001 195 1084 igitur
218 1000 288 1065 eius
311 1001 453 1068 stultitia
476 1023 535 1085 pro
554 1002 767 1068 excusatione
790 1002 900 1081 luerit,
924 1023 990 1084 qua
1012 1002 1152 1086 putabat
1175 1002 1317 1067 nondum
1341 1002 1423 1069 satis

93 1094 247 1155 constare
279 1090 498 1157 definitionem
536 1111 557 1156 a
586 1090 723 1157 concilio
756 1091 964 1157 oecumenico
996 1112 1069 1156 esse
1101 1090 1241 1168 factam,
1275 1091 1425 1173 graviter

94 1178 226 1244 omniuo
249 1179 401 1263 peccavit
425 1184 540 1245 contra
562 1181 668 1247 fidem.

183 1284 222 1350 R.
248 1287 278 1350 2.
325 1283 362 1349 In
386 1287 523 1350 secundo
554 1307 631 1352 casu
662 1284 792 1351 facilius
823 1287 1010 1350 excusatur.
1056 1284 1177 1366 Agitur
1208 1283 1292 1349 enim
1317 1285 1357 1351 de
1386 1307 1423 1353 re

92 1394 183 1438 mere
214 1373 430 1457 disciplinari,
463 1394 567 1457 eaque
598 1396 618 1439 a
642 1375 773 1441 Summo
796 1373 955 1440 Pontifioe
984 1373 1032 1439 ita
1062 1372 1283 1458 praescripta,
1313 1379 1352 1442 ut
1381 1376 1424 1441 ad

93 1484 207 1528 omues
230 1462 413 1528 ordinarios
437 1464 542 1545 legem
567 1464 724 1540 mitteret,
749 1462 936 1529 ulteriorem
961 1461 1286 1531 communicationem
1310 1467 1344 1530 et
1365 1486 1424 1530 ex-

93 1552 295 1618 secutionem
324 1557 505 1618 curaturos
552 1552 664 1619 Potuit
693 1552 795 1634 igitur
823 1552 993 1637 paululum
1023 1555 1232 1636 exspectare,
1264 1551 1326 1619 etsi
1355 1553 1423 1638 pri·

93 1646 207 1708 vatam
231 1661 338 1707 novae
361 1640 445 1724 legis
461 1641 612 1708 notitiam
627 1641 788 1707 habuerit.
804 1679 848 1688 -
871 1641 984 1720 Immo,
1009 1641 1095 1724 quod
1119 1641 1219 1707 etiam
1235 1641 1423 1726 episcopum

93 1731 304 1814 promulgare
331 1731 495 1796 volentem
525 1730 673 1813 rogavit,
705 1735 743 1797 ut
772 1730 919 1797 differret
948 1733 983 1796 et
1006 1730 1147 1796 Sanctae
1171 1729 1247 1797 Sodi
1277 1731 1423 1798 rationes

92 1820 252 1902 quasdam
276 1820 459 1886 contrarias
482 1824 695 1904 proponeret,
723 1825 895 1905 peccatum
918 1819 1061 1886 noudum
1084 1823 1146 1886 est.
1193 1819 1228 1885 Si
1251 1841 1329 1902 ergo
1353 1821 1422 1905 epi·

91 1930 211 1993 scopus
234 1930 353 1974 revera
374 1908 506 1993 putavit
528 1909 674 1976 rationes
694 1909 874 1992 Angelicae
895 1930 969 1975 esse
991 1929 1122 1992 graves,
1146 1929 1232 1990 quae
1253 1930 1422 1976 recursum

93 1998 134 2063 ad
159 1998 192 2064 S.
217 1998 333 2063 Sedem
356 1998 549 2076 suaderent,
573 2001 723 2082 poterat,
747 1999 860 2063 statim
883 2018 1071 2075 recurrens,
1102 1997 1232 2063 interim
1256 1998 1339 2081 legis
1363 2020 1422 2064 ex·

92 2087 294 2153 secutionem
324 2087 533 2171 suspendere.
579 2088 737 2153 Attamen
760 2086 921 2169 Angelica
950 2091 1069 2171 parata
1099 2107 1171 2152 esse
1199 2087 1354 2166 debebat,
1386 2108 1422 2153 se

93 2197 251 2259 responso
276 2177 417 2242 Sanctae
441 2176 533 2242 Sedis
556 2176 759 2243 submittere.

183 2273 299 2355 Neque
321 2273 452 2340 videtur
475 2273 516 2338 ab
540 2274 626 2339 omni
651 2274 747 2358 culpa
768 2273 920 2338 immunis
944 2293 1026 2338 esse.
1060 2272 1146 2339 Nam
1170 2272 1296 2339 sincere
1318 2273 1422 2339 intro·

93 2363 221 2446 spicere
239 2362 380 2428 debebat
402 2367 545 2428 mentem
569 2385 661 2429 suam
686 2369 720 2430 et
742 2363 953 2447 perpendere,
978 2367 1088 2429 utrum
1111 2363 1200 2427 zelus
1222 2384 1324 2447 purus
1346 2363 1424 2429 reli-

93 2452 207 2534 giosae
231 2451 421 2535 disciplinae
451 2473 493 2516 an
526 2453 635 2535 potius
668 2453 755 2518 zelus
778 2451 930 2537 propriae
954 2451 1162 2518 auctoritatis
1185 2457 1220 2518 et
1241 2452 1455 2537 imperandi·

95 2541 275 2606 voluntatis
298 2541 402 2624 ipsam
423 2545 580 2607 moveret.
620 2542 668 2607 Re
691 2542 763 2626 ipsa
786 2562 920 2625 sperare
943 2563 1008 2607 non
1027 2541 1135 2624 potuit
1157 2541 1222 2623 legi
1245 2543 1327 2607 adeo
1351 2541 1422 2607 uni·

94 2630 269 2696 versaliter
291 2631 381 2696 latae
403 2630 436 2695 in
460 2630 510 2696 sui
534 2631 681 2696 favorem
706 2631 898 2714 derogatum
923 2629 972 2696 iri.

184 2736 222 2801 R.
241 2740 270 2802 3.
311 2736 347 2802 ln
370 2740 459 2802 tertio
483 2758 561 2802 casu
585 2736 745 2821 oppositio
769 2735 827 2801 illa
850 2756 893 2801 ex
908 2740 1004 2820 parte
1027 2734 1163 2800 alicuius
1186 2734 1308 2801 sororis
1331 2735 1422 2801 iacta
1431 2743 1464 2798 81

94 2847 158 2891 non
183 2829 256 2891 erat
278 2825 529 2904 irrationabilis,
559 2825 586 2890 ei
609 2826 705 2890 modo
729 2825 876 2890 modeste
899 2824 991 2890 facta
1013 2823 1067 2893 sit.
1114 2823 1249 2889 Sorores
1272 2824 1423 2890 subditae

95 2936 137 2980 ex
160 2914 231 2996 ipso
255 2915 387 2981 decreto
406 2915 643 2997 quodammodo
667 2914 717 2978 ius
741 2913 916 2993 habebant,
940 2934 981 2978 nc
1003 2934 1057 2978 res
1081 2912 1203 2978 diutius
1226 2912 1422 2980 differretur.

95 3004 128 3070 Si
149 3004 366 3086 superiorissa
389 3004 440 3069 ius
463 3005 583 3070 habere
607 3002 737 3086 putavit
760 3004 800 3068 ob
816 3023 938 3084 graves
961 3002 1107 3069 rationes
1130 3023 1188 3086 pro
1209 3002 1422 3086 suspensione

94 3113 200 3157 novae
217 3093 300 3175 legis
316 3114 493 3170 recurrere,
518 3092 669 3159 subditae
686 3092 883 3157 econtrario
906 3091 957 3157 ius
972 3091 1138 3158 habebant
1153 3092 1240 3175 apud
1256 3092 1288 3159 S.
1306 3090 1423 3157 Sedem

95 3202 260 3266 exponere
283 3182 437 3259 rationes,
462 3202 546 3264 quae
569 3182 631 3247 sibi
654 3181 850 3247 videbantur
874 3181 990 3246 adesse
1013 3201 1071 3263 pro
1094 3179 1178 3262 legis
1201 3181 1421 3247 exsecutione.

95 3270 202 3347 Quare
226 3271 442 3354 superiorissa
470 3292 616 3336 sororem
640 3274 892 3352 conquerentem
922 3291 988 3335 nou
1011 3269 1092 3334 dure
1119 3269 1276 3353 repellere
1300 3269 1421 3346 debuit,

95 3361 152 3425 sed
177 3360 304 3444 publice
327 3380 459 3425 monere
483 3381 552 3425 rem
576 3361 616 3425 ob
633 3359 815 3443 peculiares
830 3359 975 3424 rationes
998 3358 1104 3423 adhuc
1126 3357 1278 3442 pendere,
1303 3363 1424 3441 quant·

97 3448 187 3515 ocius
211 3472 282 3515 eam
308 3449 450 3514 decisum
475 3448 524 3514 iri.

185 3546 401 3631 Praeceptum
430 3546 532 3629 igitur
561 3545 684 3612 silentii
714 3546 833 3611 saltem
864 3548 938 3610 erat
966 3543 1191 3628 imprudenter
1218 3542 1423 3629 impositum3

94 3636 194 3702 immo
207 3636 234 3701 si
244 3636 403 3718 Angelica
415 3636 489 3720 plus
500 3635 606 3701 voluit
620 3634 820 3719 praecipere,
836 3655 934 3715 quam
950 3637 988 3699 ut
1003 3634 1108 3699 solum
1124 3655 1183 3717 pro
1195 3634 1257 3699 hcc
1268 3654 1425 3700 consessu

96 3726 136 3791 de
153 3747 193 3790 ea
208 3747 244 3791 re
260 3725 406 3803 sileatur,
431 3725 531 3790 iussio
547 3729 621 3789 erat
643 3724 798 3802 invalida,
823 3728 937 3807 utpote
959 3723 1010 3788 ius
1026 3743 1174 3788 sororum
1193 3723 1281 3789 ultra
1303 3722 1424 3788 limites

96 3814 299 3897 restringens
327 3818 362 3880 et
390 3814 534 3880 laedens.
581 3814 721 3890 Verum,
753 3811 816 3878 etsi
839 3812 984 3878 validum
1014 3815 1225 3897 praeceptum
1256 3811 1423 3889 sumimus

96 3905 181 3987 quod
206 3926 299 3969 soror
322 3904 380 3970 illa
404 3903 556 3968 continuo
580 3903 749 3986 paululum
773 3902 926 3968 oblocuta
948 3901 1002 3979 sit,
1026 3923 1091 3967 non
1114 3901 1212 3967 debet
1234 3922 1288 3966 res
1311 3900 1424 3983 gravis

96 3993 216 4078 putari,
241 3994 333 4076 quasi
350 3993 390 4058 de
406 3997 543 4076 peccato
559 3991 691 4059 mortali
715 3995 891 4058 constaret.
931 3990 1039 4068 Quare
1062 4011 1181 4056 novam
1205 3994 1239 4057 et
1261 3990 1424 4073 insignem

96 4082 349 4167 imprudentiam
366 4081 528 4148 commisit
542 4081 712 4162 Angelica,
737 4102 810 4146 cum
826 4086 894 4148 tam
910 4100 1047 4161 gravem
1069 4100 1208 4164 poenam
1232 4079 1424 4163 imponeret.

97 4173 197 4239 Soror
219 4172 277 4238 illa
293 4171 422 4254 quidem
445 4170 591 4236 scandali
608 4169 734 4237 vitandi
758 4191 858 4235 eausa
881 4169 1022 4236 debebat
1044 4169 1175 4235 interim
1199 4169 1423 4250 acquiescere;

97 4262 155 4326 sed
179 4261 408 4338 confessarius,
434 4281 507 4325 cum
531 4259 669 4342 primum
694 4258 928 4324 monasterium
952 4258 1134 4335 accederet,
1158 4258 1271 4323 debuit
1294 4256 1424 4322 omnino

97 4371 223 4428 curare,
249 4355 286 4416 ut
307 4371 400 4417 soror
416 4348 490 4414 ilico
513 4348 730 4414 sacramentis
745 4346 938 4432 recipiendis
957 4347 1190 4413 restitueretur
1212 4350 1246 4412 et
1268 4367 1336 4430 pax
1351 4367 1425 4411 cum

96 4439 312 4524 superiorissa
337 4441 596 4523 componeretur.

186 4537 291 4602 lussio
314 4558 393 4602 vero
417 4534 632 4601 descendendi
656 4555 674 4599 e
698 4536 788 4599 statu
812 4532 1029 4599 choristarum
1059 4533 1101 4599 ad
1128 4535 1251 4600 statum
1275 4552 1424 4596 sororum

97 4627 254 4693 laicarum
280 4647 322 4692 ex
345 4625 476 4691 defectu
506 4627 604 4708 aptae
633 4623 792 4690 materiae
816 4626 868 4688 cst
891 4621 1048 4687 invalida.
1094 4619 1315 4705 superiorissa
1339 4621 1424 4687 euim
