3106 5168
267 285 420 342 Dominium
440 291 468 342 at
485 288 545 343 iura
563 289 730 357 singulorum
749 288 887 344 hominum
906 320 938 329 -
958 291 1026 343 bono
1045 307 1170 344 rumam.
1317 292 1381 358 289

59 465 230 550 pecuniam
263 464 391 548 quidem
423 464 628 531 considerare
659 469 696 531 ut
726 466 895 550 pecuniam
926 465 1045 550 patris,
1078 466 1112 530 in
1142 466 1211 531 eius
1242 467 1382 533 dominio

61 558 256 631 manentem,
279 553 446 637 negotium
463 575 541 619 vero
562 574 619 619 seu
643 554 772 621 labores
796 555 894 621 etiam
918 576 975 620 sco
997 558 1122 620 omnine
1146 556 1265 634 facere,
1289 557 1382 639 quasi

60 664 164 726 agens
187 647 392 710 contractum
416 643 584 709 societatis
608 664 681 708 cum
704 649 809 729 patre,
834 644 881 709 ita
897 649 934 710 ut
949 644 1043 709 unius
1060 644 1104 709 sit
1126 645 1273 727 pecunia,
1299 646 1382 711 alte·

59 733 127 797 rius
150 732 244 798 labor
267 735 300 797 et
323 732 493 799 industria.
525 733 562 797 In
586 753 650 816 quo
669 754 746 799 casu
769 732 920 817 peccavit
942 732 1081 815 quidem,
1106 739 1142 800 ut
1166 734 1242 809 dixi,
1268 741 1382 801 contra

58 820 163 905 patris
187 842 379 887 consensum
402 822 472 887 cius
495 823 664 906 pecuniam
688 823 832 906 periculo
856 842 1038 906 exponens3
1063 821 1144 887 lucri
1167 827 1277 888 tamen
1301 823 1381 890 facti

59 911 226 976 dimidiam
249 914 379 994 partem
401 911 462 976 sibi
487 911 629 977 retinere
652 916 773 995 posset.

147 1024 200 1091 Au
224 1046 415 1101 ounssrruu
432 1029 470 1092 3¹¹¹
486 1024 667 1109 Responsio
690 1031 784 1110 patet
800 1046 841 1091 ex
857 1025 952 1091 modo
969 1024 1064 1091 dictis
1080 1026 1121 1090 ad
1137 1024 1325 1103 Quaesitum
1343 1029 1382 1090 2·ι

57 1136 117 1198 pro
151 1115 283 1180 diversa
316 1114 434 1198 agendi
467 1115 610 1190 ratione,
644 1136 708 1197 qua
730 1114 914 1181 Fridolinus
937 1113 1104 1197 negotium
1126 1115 1205 1180 illud
1236 1118 1382 1181 tractare

58 1204 201 1271 voluerit
223 1208 257 1269 et
280 1225 316 1269 re
340 1204 412 1288 ipsa
433 1203 639 1270 tractaverit.

293 1429 402 1495 IURA
425 1428 585 1495 UXORIS
609 1428 729 1511 (10-
753 1428 876 1495 UXOR
899 1427 1147 1494 INDUSTRIA.

614 1585 725 1651 05505.
753 1592 828 1660 (169)

147 1725 232 1784 Uxor
252 1724 425 1803 praedivitis
453 1724 525 1795 viri,
554 1744 629 1800 quae
651 1724 748 1783 dotem
775 1744 834 1784 non
862 1725 1004 1784 attulerat
1030 1744 1125 1802 neque
1149 1726 1381 1786 communionem

57 1809 201 1865 bonorum
229 1805 472 1881 acquirendorum
494 1807 618 1874 fecerat,
650 1825 716 1863 cum
737 1804 850 1863 videret
880 1804 1094 1865 matrimonium
1123 1825 1242 1865 manere
1270 1805 1380 1876 sterile,

59 1886 204 1962 cogitavit
231 1885 287 1944 sibi
315 1905 369 1962 pro
397 1891 527 1962 tempore
548 1885 702 1944 viduitatis
726 1885 890 1961 providere.
931 1886 1010 1944 Hinc
1029 1886 1137 1962 partim
1159 1905 1197 1944 ex
1218 1887 1303 1945 bonis
1323 1887 1381 1946 viri

57 1966 134 2025 clam
156 1966 309 2042 surreptis,
331 1966 437 2042 partim
453 1965 699 2041 exeleemosynis
713 1972 743 2024 et
758 1964 973 2033 donationibus,
994 1986 1068 2042 quas
1089 1966 1249 2025 secundum
1270 1973 1381 2026 statum

58 2066 143 2105 suum
158 2047 256 2104 facere
277 2052 404 2122 poterat,
426 2046 477 2104 sed
498 2046 643 2105 confecit
663 2045 777 2120 sibique
797 2045 863 2122 ipsa
884 2046 1034 2122 applicuit,
1056 2047 1162 2123 partim
1179 2066 1216 2105 ex
1237 2045 1283 2118 iis,
1305 2067 1380 2123 quae

57 2127 178 2204 parcius
199 2126 327 2185 vivendo
347 2126 405 2184 sibi
425 2126 573 2185 subtraxit
595 2133 624 2185 et
645 2125 825 2196 reservavit,
846 2126 954 2201 partim
975 2146 1013 2186 ex
1034 2127 1135 2186 labore
1156 2126 1274 2203 proprio
1296 2147 1380 2203 quem

58 2207 137 2266 ultra
159 2207 288 2265 debitum
309 2205 393 2277 fecit,
416 2205 534 2280 collegit
555 2205 611 2264 sibi
633 2224 776 2264 summam
797 2208 875 2264 3000
897 2225 1077 2277 marcarum,
1100 2226 1173 2283 quas
1195 2207 1381 2267 committeus

57 2286 198 2345 familiari
212 2285 290 2345 fideli
311 2305 363 2361 per
377 2305 443 2344 eum
457 2286 571 2345 occulte
586 2285 735 2363 particeps
750 2291 814 2344 erat
828 2286 1047 2361 negotiationis,
1070 2307 1127 2363 quo
1141 2286 1221 2347 felici
1239 2306 1381 2347 successu

57 2367 136 2425 intra
159 2366 259 2424 deceni
281 2385 374 2425 annos
394 2367 473 2424 bona
494 2385 547 2425 sua
569 2365 766 2442 auritusque
787 2365 824 2424 ad
846 2384 988 2424 summam
1011 2368 1117 2426 30000
1138 2386 1312 2427 marcarum.

58 2470 237 2541 Qusnurrua
263 2476 359 2611 gtzum
380 2473 458 2530 bona
480 2471 530 2530 illa
552 2471 609 2530 sibi
629 2472 756 2530 retinere
777 2471 873 2549 possit
893 2491 933 2530 au
953 2472 1109 2532 heredibus
1131 2473 1188 2533 riri
1209 2474 1253 2533 sui
1277 2473 1381 2534 cedere

283 2572 299 2611 e
321 2559 377 2611 eat.

652 2656 787 2723 Solutic.

147 2799 200 2863 An
228 2818 418 2874 ousrsmuu
442 2797 481 2862 R.
508 2801 536 2862 1.
583 2797 684 2862 05505
716 2796 770 2862 ille
800 2798 1012 2863 fundamento
1045 2820 1102 2864 seu
1134 2799 1257 2866 motivo
1290 2805 1443 2868 caret568

57 2887 90 2952 in
121 2887 162 2952 iis
191 2887 271 2952 locis
301 2887 372 2965 ubi,
403 2886 488 2952 sicut
516 2886 549 2950 in
578 2885 648 2951 iure
673 2886 818 2964 Germ,
850 2888 944 2952 uxori
974 2888 1144 2972 superstiti
1166 2889 1248 2955 satis
1272 2887 1380 2972 ampla

53 2999 136 3062 pora
174 2979 311 3061 lepitimo
342 2975 534 3041 hereditatis
565 2975 708 3042 defuncti
738 2976 848 3041 mariti
879 2976 1061 3043 ascribitur.
1086 3013 1128 3021 -
1153 2978 1188 3042 In
1220 2977 1260 3042 iis
1290 2978 1378 3056 locis,

58 3066 112 3130 ubi
136 3065 255 3131 viduae
279 3087 342 3129 non
366 3063 448 3131 satis
471 3064 662 3147 providetur
685 3065 866 3146 perleges,
891 3065 1048 3131 eiusmodi
1066 3087 1160 3132 casus
1179 3066 1307 3132 facilius
1325 3088 1380 3131 ac-

58 3155 166 3220 cidere
190 3160 309 3238 potest.
357 3154 505 3219 Ceterum
531 3154 649 3219 solutio
673 3154 747 3217 inde
771 3175 835 3218 non
859 3154 988 3238 pendet.

147 3259 186 3325 R.
213 3263 242 3325 2.
289 3259 391 3324 Casus
413 3259 468 3324 ille
491 3259 682 3342 proponitur
705 3264 739 3325 et
762 3259 901 3324 solvitur
924 3281 944 3324 a
968 3259 1032 3326 Th.
1057 3259 1310 3335 Tamburini,
1339 3261 1380 3326 In

59 3350 196 3433 deculcp.
221 3348 242 3414 l.
268 3350 298 3425 8,
322 3353 364 3415 tr.
392 3352 419 3424 l,
445 3370 472 3414 c.
498 3351 528 3425 2,
553 3349 570 3429 0
595 3352 624 3426 3,
649 3370 680 3414 n.
708 3352 747 3413 15
772 3353 806 3413 et
833 3351 871 3413 16
895 3349 956 3413 005
980 3349 1090 3415 modo:

151 3450 178 3513 1.
203 3446 318 3528 Neque
341 3451 446 3512 totum
470 3449 601 3510 tenetur
623 3447 807 3523 restituere,
832 3467 937 3528 neque
960 3450 1065 3512 totum
1088 3450 1198 3530 potest
1221 3446 1379 3523 retinere;

57 3557 133 3601 nam
158 3536 243 3600 bona
265 3537 332 3612 illa,
357 3556 398 3600 ex
422 3535 537 3617 quibus
562 3535 708 3600 collectis
731 3535 854 3599 lucrum
879 3535 966 3612 fecit,
991 3534 1111 3618 partim
1127 3540 1222 3601 erant
1238 3540 1271 3601 et
1287 3556 1380 3601 man-

57 3630 171 3690 serant
195 3624 327 3700 furtiva,
353 3624 470 3706 partim
495 3623 692 3688 considerari
715 3625 757 3688 ab
781 3645 883 3689 uxore
907 3629 1061 3708 poterant
1083 3630 1120 3690 ut
1143 3646 1212 3691 sua.

148 3723 177 3787 2.
202 3721 304 3798 Bona,
329 3742 412 3803 quae
436 3725 624 3787 manserant
648 3721 781 3796 furtiva,
806 3722 1009 3788 restituenda
1024 3727 1101 3788 sunt
1117 3722 1177 3787 viri
1197 3723 1379 3801 heredibus,

56 3810 154 3893 idque
178 3809 273 3875 simul
297 3831 369 3874 cum
393 3811 511 3875 damno
535 3811 587 3874 vel
611 3810 700 3875 lucro
725 3815 889 3889 cessante,
922 3812 1007 3893 quod
1037 3817 1171 3895 propter
1201 3814 1380 3879 carentiam

56 3900 187 3965 illorum
211 3900 366 3964 bonorum
392 3900 443 3963 vir
466 3899 576 3964 eiusve
601 3899 737 3964 heredes
761 3900 965 3966 incurrerint.

147 4000 177 4063 3.
203 3996 342 4061 Lucrum
369 3999 495 4071 autem,
527 3997 612 4078 quod
637 3997 849 4072 factumest,
881 3998 951 4063 sive
974 4018 1016 4063 er
1040 3998 1132 4063 bonis
1156 3999 1287 4064 furtivis
1310 3999 1381 4064 sive

57 4107 100 4151 ex
130 4086 170 4151 iis
201 4107 284 4167 quae
308 4106 391 4149 uror
416 4085 523 4150 facere
553 4090 683 4167 poterat
706 4107 782 4162 sua,
813 4107 885 4151 cum
908 4108 972 4152 non
997 4088 1040 4154 sit
1067 4088 1193 4154 fructus
1223 4089 1379 4172 pecuniae

57 4175 115 4240 550
138 4174 329 4252 industriae,
354 4173 496 4240 retinere
520 4195 603 4239 uxor
625 4174 756 4257 poterit.

147 4276 177 4340 4.
203 4273 249 4340 Ut
278 4272 379 4355 igitur
409 4272 450 4337 ad
480 4271 609 4354 singula
639 4272 871 4343 descendatur:
903 4273 1031 4340 restitui
1061 4274 1180 4339 debent
1203 4274 1442 4348 secundummp

57 4366 227 4429 auctorem
250 4363 436 4428 laudatum:

150 4461 182 4540 1)
206 4460 362 4543 pecuniae
397 4461 478 4525 clam
514 4463 685 4543 surreptac
725 4456 918 4542 [addiderim
957 4459 1017 4524 has
1051 4459 1270 4525 restituendas
1306 4480 1379 4524 esse

57 4549 246 4721 hered'lbm’
271 4550 332 4614 nisi
356 4549 396 4613 dc
419 4549 542 4613 maiore
566 4550 683 4613 damno
706 4555 849 4623 constet,
874 4570 946 4612 cum
971 4549 1082 4613 tenere
1105 4548 1276 4613 hodiedum
1301 4570 1379 4612 con·

57 4643 178 4703 sueto.

110 4748 277 4798 Lahmkuhl,
292 4749 363 4791 casua
377 4749 536 4790 conscientiae.
564 4749 580 4789 1.
1135 4743 1166 4795 19
