3106 5168
398 275 468 330 Iuris
486 275 553 331 laesi
572 277 706 347 reparatio
725 304 760 313 -
779 293 812 328 ex
829 278 902 329 laesa
920 278 973 329 tito
992 278 1090 330 alieno.
1342 281 1405 346 359

83 453 190 537 possit
213 473 313 519 causa
328 473 388 537 per
411 453 571 519 accidens.
603 453 725 517 Verum
751 452 913 518 actionem
936 452 1026 518 Lucii
1050 474 1092 518 ex
1115 458 1236 520 natura
1258 475 1318 519 sua
1334 475 1407 520 esse

83 542 180 609 istius
208 541 321 608 iniusti
350 542 459 607 damni
484 564 614 608 causam
646 562 710 607 non
740 540 789 607 ita
818 545 943 607 certum
973 545 1033 608 est.
1080 542 1152 608 Dici
1184 563 1264 608 sane
1296 548 1408 627 potest

83 632 176 696 illam
199 631 465 715 provocationem
496 631 539 696 ad
563 630 705 696 duellum
728 628 830 695 fuisse
853 651 1002 706 causam,
1033 651 1092 697 our
1114 631 1232 698 (ineius
1255 636 1408 716 accepta·

83 721 207 786 tionem
231 719 380 786 debuerit
409 720 531 785 reicere
555 724 589 786 et
611 718 776 794 reiecerit;
807 719 865 784 sed
894 718 981 784 illius
1004 740 1048 784 ex
1074 718 1181 787 officio
1213 721 1408 787 dimissionis

85 829 220 874 oausam
254 830 319 874 non
354 829 427 873 esse
458 809 520 874 nisi
554 808 699 890 iniquam
731 807 821 872 illam
850 807 973 891 privati
1002 808 1175 874 tribunalis
1199 811 1407 887 sententiam,

84 920 182 981 quam
207 898 327 964 Lucius
349 897 566 975 desideravit,
598 898 655 962 sed
679 918 743 962 non
766 897 970 980 provocavit,
995 897 1085 963 cuius
1108 898 1312 964 occasionem
1337 899 1408 981 qui·

84 989 158 1053 dem
171 987 282 1068 iniqua
298 1008 359 1052 sua
370 987 413 1052 ad
425 987 566 1052 duellum
579 985 812 1070 provocatione
824 986 922 1064 dedit,
940 1008 1004 1052 non
1015 987 1125 1070 posuit
1137 1007 1248 1054 veram
1265 1009 1408 1056 causam.

175 1093 215 1161 R.
239 1098 270 1160 5.
317 1095 474 1159 Attamen
507 1093 535 1159 si
557 1093 675 1159 Lucius
705 1114 770 1158 non
800 1094 904 1158 solum
934 1093 1097 1177 praevidit
1129 1094 1217 1171 fore,
1249 1098 1286 1160 ut
1310 1114 1409 1159 causa

85 1182 250 1266 repudiati
272 1183 371 1248 duelli
394 1183 442 1249 ita
465 1184 506 1249 ab
529 1183 593 1248 isto
616 1182 771 1250 tribunali
795 1186 1006 1260 tractaretur,
1037 1183 1096 1248 sed
1119 1183 1146 1248 si
1169 1182 1240 1267 ipse
1264 1183 1305 1248 ad
1328 1183 1409 1247 illud

84 1272 231 1338 tribunal
254 1272 448 1355 provocavit
471 1272 523 1337 vel
548 1277 585 1338 ut
608 1275 844 1355 provocaretur
866 1272 996 1338 curavit
1018 1293 1076 1337 seu
1100 1272 1298 1338 sententiam
1317 1272 1408 1337 illam

85 1360 290 1439 sollicitavit,
314 1381 394 1426 sane
418 1382 489 1425 cum
512 1361 568 1426 illo
592 1361 748 1427 tribunali
777 1360 976 1426 restitutioni
1008 1381 1088 1443 erga
1111 1361 1236 1445 Lupum
1265 1361 1328 1428 erit
1351 1361 1409 1426 ob·

84 1451 215 1529 noxius,
239 1448 346 1531 idque,
371 1455 407 1517 ut
431 1451 561 1534 opinor,
592 1450 746 1533 primarie
770 1471 828 1515 seu
851 1454 929 1516 ante
952 1450 1034 1516 istos
1058 1450 1191 1529 iudices,
1216 1450 1244 1515 si
1266 1451 1336 1534 ipse
1359 1449 1409 1514 iu·

86 1540 176 1605 dices
207 1539 443 1621 quodammodo
473 1540 515 1604 ad
544 1538 592 1604 ita
630 1538 836 1604 iudicandum
867 1538 975 1621 coegit
1005 1560 1110 1621 neque
1140 1538 1173 1603 hi
1197 1559 1240 1604 ex
1262 1559 1335 1604 sese
1367 1538 1410 1605 ad

84 1628 295 1695 tractandam
321 1648 453 1693 causam
476 1628 585 1712 parati
608 1632 713 1695 erant.

247 1873 250 1879 '
303 1869 521 1935 OPERATIO
545 1868 813 1935 CHIRURGICA
836 1868 1017 1934 TEMERE
1044 1868 1195 1936 FACTA.

645 2025 755 2091 Casus.
783 2032 859 2101 (220)

178 2170 308 2230 Albitius
325 2170 456 2229 medicus
471 2169 573 2229 (laium
588 2169 739 2245 querulum
754 2169 789 2228 de
809 2168 1000 2228 incommodis
1022 2188 1059 2228 ex
1080 2169 1216 2229 faucibus
1238 2175 1267 2230 et
1288 2170 1410 2231 naribus

86 2250 165 2310 male
188 2251 303 2310 affectis
331 2251 438 2310 subicit
459 2249 622 2327 operationi
644 2250 836 2324 chirurgicus.
879 2249 942 2308 Scit
963 2248 1077 2325 quidem
1099 2269 1137 2308 ex
1158 2250 1217 2309 ista
1238 2251 1410 2328 operatione

87 2330 160 2391 oriri
182 2332 342 2407 periculum
364 2331 439 2389 alias
461 2329 634 2389 affectiones
656 2329 804 2389 morbidas
825 2328 913 2388 facile
935 2329 1143 2401 contrahendi;
1171 2330 1223 2389 sed
1244 2330 1315 2390 illud
1336 2331 1410 2407 peri·

87 2412 203 2480 culum,
232 2411 307 2486 quod
328 2430 388 2470 non
409 2430 525 2487 semper
545 2412 576 2468 in
598 2410 734 2469 damnum
756 2429 788 2468 re
810 2416 942 2469 secutum
963 2409 1090 2480 transit,
1119 2409 1189 2470 Caio
1216 2430 1276 2470 uon
1299 2412 1411 2487 pandit.

87 2490 146 2560 Qui
168 2491 290 2566 gavisus
312 2491 347 2550 de
368 2493 445 2550 bono
467 2509 607 2549 successu
628 2490 754 2549 libenter
775 2490 865 2549 solvit
885 2509 1021 2564 magnam
1043 2495 1153 2561 texam,
1175 2510 1262 2567 quam
1281 2491 1411 2550 Albitius

87 2571 248 2630 maximam
269 2571 326 2630 sibi
347 2571 520 2647 permissam
542 2571 680 2646 postulat.
715 2568 781 2628 Non
802 2571 846 2629 ita
859 2571 950 2629 multo
972 2575 1041 2647 post
1057 2570 1145 2630 Caius
1167 2590 1199 2630 re
1213 2590 1286 2630 vera
1307 2571 1337 2630 in
1352 2572 1412 2632 alia

87 2651 168 2710 mala
189 2651 322 2723 incurrit,
345 2670 465 2728 quorum
481 2670 601 2709 causam
622 2650 686 2727 ipse
706 2650 813 2722 nescit,
835 2655 866 2709 et
886 2652 1043 2727 exquibus
1064 2671 1133 2710 mox
1147 2651 1209 2710 vita
1231 2653 1370 2728 fungitur.

84 2766 264 2836 Quararrun
286 2768 314 2824 1⁰
340 2764 495 2824 licueritne
510 2765 623 2824 Albitio
644 2765 674 2823 in
690 2763 760 2824 Caio
782 2765 982 2842 operationem
1003 2764 1199 2841 chirurgicum
1220 2768 1369 2843 perficere.

286 2856 316 2912 2ο
342 2859 515 2913 teneaturne
537 2855 665 2912 fortasse
687 2853 724 2912 ad
746 2854 874 2931 aliquam
895 2854 1121 2915 restitutionem.

680 3046 816 3112 Solutio.

178 3187 231 3252 Ao
254 3208 442 3263 oonasrruu
472 3190 508 3251 1¹¹²
532 3186 570 3252 R.
595 3190 623 3253 1.
668 3186 811 3252 Albitius
835 3185 964 3252 omuino
987 3186 1108 3252 iniuste
1132 3186 1200 3269 egit
1229 3185 1263 3251 in
1287 3186 1473 3258 Caiumtlt

86 3279 219 3343 Revera
249 3298 322 3342 eum
352 3277 458 3342 sciens
482 3276 625 3360 periculo
659 3276 777 3342 affecit.
825 3275 911 3340 Nam
934 3275 1113 3359 periculum
1146 3280 1182 3341 ut
1212 3275 1316 3353 adsit,
1347 3297 1412 3341 non

87 3366 282 3449 requiritur,
316 3370 353 3432 ut
384 3369 534 3431 transeat
563 3365 596 3429 in
627 3369 752 3429 certum
782 3365 944 3431 damnum.
991 3365 1043 3429 Ita
1065 3365 1184 3429 saltem
1208 3385 1273 3430 non
1296 3364 1411 3443 solum,

86 3455 218 3538 quando
243 3454 427 3520 coniectare
454 3454 566 3521 debuit
589 3454 701 3519 Caium
716 3453 955 3534 interrogatum
971 3474 1036 3518 non
1051 3452 1153 3519 foisse
1169 3473 1412 3532 consensurum,

86 3545 146 3609 sed
171 3544 281 3622 etiam,
305 3544 444 3625 quando,
469 3548 577 3610 utrum
603 3562 818 3608 consensurus
841 3543 958 3608 fuisset
981 3563 1092 3621 necne,
1116 3543 1213 3627 plane
1235 3542 1412 3611 nesciebat.

179 3649 218 3715 R.
245 3652 274 3715 2.
322 3649 432 3715 Solum
465 3649 578 3730 quaeri
611 3652 737 3732 potest,
770 3669 847 3712 num
879 3647 1024 3731 potuerit
1056 3669 1129 3713 cum
1162 3669 1321 3715 consensu
1345 3648 1414 3716 Caii

86 3739 180 3827 illam
203 3739 426 3822 operationem
448 3739 614 3822 perficere.
654 3737 744 3814 Quod
768 3737 848 3802 nihil
871 3737 959 3802 aliud
982 3742 1034 3804 est
1057 3737 1119 3803 nisi
1143 3759 1311 3819 quaerere,
1336 3761 1413 3804 num

87 3827 166 3894 Caio
190 3827 290 3894 liceat
312 3828 371 3893 tali
395 3827 539 3911 periculo
563 3847 599 3892 se
615 3846 789 3910 exponere.
822 3826 874 3892 Ad
896 3827 982 3908 quod
1007 3831 1044 3892 ut
1058 3830 1149 3893 recte
1165 3829 1412 3910 respondeatur,

89 3917 195 3982 videri
220 3917 333 3994 debet,
365 3917 461 3998 quale
485 3917 529 3982 sit
551 3916 632 3981 illud
656 3915 833 3998 periculum
858 3916 907 3980 cui
933 3921 1127 3999 exponatur,
1152 3921 1186 3982 et
1210 3917 1323 3998 quales
1347 3918 1414 3983 sint

88 4005 261 4072 molestiae
285 4005 400 4088 quibus
423 4005 589 4071 liberetur.
635 4005 722 4069 Nam
751 4004 779 4069 si
802 4004 974 4071 molestiae
996 4009 1074 4071 sunt
1096 4005 1184 4070 nullo
1208 4005 1304 4070 modo
1327 4005 1414 4088 peri·

88 4095 222 4162 culosae
245 4116 350 4177 neque
373 4094 612 4172 intolerabiles,
644 4094 686 4159 ad
709 4114 766 4159 eas
789 4092 962 4160 evitandas
991 4116 1056 4159 non
1079 4094 1156 4161 licet
1179 4094 1288 4159 subire
1310 4113 1413 4176 grave

88 4184 161 4250 sive
184 4183 400 4269 propinquum
424 4183 515 4249 vitae
539 4183 727 4268 periculum.
775 4182 895 4259 Quodsi
927 4183 1105 4267 periculum
1129 4183 1219 4249 vitae
1243 4186 1294 4249 est
1317 4181 1414 4247 valde

87 4280 250 4340 remotum
268 4275 321 4338 vel
337 4273 442 4338 solum
458 4294 517 4356 per
532 4271 683 4338 accidens
698 4293 771 4337 cum
787 4271 861 4336 aliis
883 4273 956 4339 istis
976 4271 1219 4339 infirmitatibus
1236 4291 1319 4352 quae
1336 4291 1413 4335 con·

87 4362 177 4429 trahi
197 4366 337 4446 possunt
353 4367 404 4429 est
427 4361 642 4439 coniunctum,
667 4360 734 4427 tale
750 4360 928 4444 periculum
943 4362 1061 4427 saltem
1081 4360 1152 4426 sine
1167 4363 1302 4444 peccato
1318 4359 1414 4441 gravi

88 4452 229 4527 subitur,
254 4452 352 4517 immo
375 4450 506 4516 omnino
529 4450 626 4527 licite,
652 4450 680 4515 si
702 4448 920 4527 infirmitates,
945 4471 1028 4534 quae
1052 4450 1139 4515 forte
1162 4448 1349 4514 exoriturae
1372 4449 1413 4514 ti·

88 4545 231 4617 meatur,
256 4540 442 4608 rationabili
464 4539 582 4604 iudicio
606 4538 714 4604 officia
737 4538 879 4604 humana
898 4541 951 4605 vel
974 4538 1149 4622 singularis
1172 4541 1281 4604 status
1304 4537 1414 4603 munia

88 4631 198 4696 minus
221 4630 412 4715 impediunt,
436 4650 533 4712 quarn
558 4649 616 4693 eae
639 4648 723 4710 quae
746 4627 805 4692 tali
829 4629 925 4693 modo
948 4628 1118 4695 tolluntur.
