<?xml version="1.0" encoding="UTF-8"?>
<!DOCTYPE html PUBLIC "-//W3C//DTD XHTML 1.0 Transitional//EN"
    "http://www.w3.org/TR/xhtml1/DTD/xhtml1-transitional.dtd">
<html xmlns="http://www.w3.org/1999/xhtml" xml:lang="en" lang="en">
 <head>
  <title>
</title>
<meta http-equiv="Content-Type" content="text/html;charset=utf-8" />
  <meta name='ocr-system' content='tesseract 3.04.00' />
  <meta name='ocr-capabilities' content='ocr_page ocr_carea ocr_par ocr_line ocrx_word'/>
</head>
<body>
  <div class='ocr_page' id='page_1' title='image "./casusconscienti01lehmgoog_0164.png"; bbox 0 0 3106 5168; ppageno 0'>
   <div class='ocr_carea' id='block_1_1' title="bbox 164 280 1272 351">
    <p class='ocr_par' dir='ltr' id='par_1_1' title="bbox 164 280 1272 351">
     <span class='ocr_line' id='line_1_1' title="bbox 164 280 1272 351; baseline -0.004 -12"><span class='ocrx_word' id='word_1_1' title='bbox 164 286 227 351; x_wconf 84' lang='grc'><strong>148</strong></span> <span class='ocrx_word' id='word_1_2' title='bbox 373 281 414 336; x_wconf 91' lang='lat' dir='ltr'><strong>De</strong></span> <span class='ocrx_word' id='word_1_3' title='bbox 432 281 580 336; x_wconf 87' lang='lat' dir='ltr'><strong>virtutibus</strong></span> <span class='ocrx_word' id='word_1_4' title='bbox 598 282 628 336; x_wconf 86' lang='lat' dir='ltr'><strong>et</strong></span> <span class='ocrx_word' id='word_1_5' title='bbox 644 280 743 337; x_wconf 83' lang='lat' dir='ltr'><strong>officiis</strong></span> <span class='ocrx_word' id='word_1_6' title='bbox 762 299 828 350; x_wconf 84' lang='lat' dir='ltr'><strong>erga</strong></span> <span class='ocrx_word' id='word_1_7' title='bbox 845 281 940 336; x_wconf 88' lang='lat' dir='ltr'><strong>Deum.</strong></span> <span class='ocrx_word' id='word_1_8' title='bbox 959 311 994 321; x_wconf 91' lang='lat'>-</span> <span class='ocrx_word' id='word_1_9' title='bbox 1010 281 1105 337; x_wconf 85' lang='lat' dir='ltr'><strong>Virtus</strong></span> <span class='ocrx_word' id='word_1_10' title='bbox 1123 281 1272 351; x_wconf 83' lang='lat' dir='ltr'><strong>religionis.</strong></span> 
     </span>
    </p>
   </div>
   <div class='ocr_carea' id='block_1_2' title="bbox 162 457 1489 720">
    <p class='ocr_par' dir='ltr' id='par_1_2' title="bbox 162 457 1489 720">
     <span class='ocr_line' id='line_1_2' title="bbox 252 457 1488 543; baseline -0.001 -19"><span class='ocrx_word' id='word_1_11' title='bbox 252 459 290 526; x_wconf 89' lang='lat' dir='ltr'><strong>R.</strong></span> <span class='ocrx_word' id='word_1_12' title='bbox 316 461 346 526; x_wconf 90' lang='lat'><strong>3.</strong></span> <span class='ocrx_word' id='word_1_13' title='bbox 393 459 550 525; x_wconf 78' lang='lat' dir='ltr'><strong>Attamen</strong></span> <span class='ocrx_word' id='word_1_14' title='bbox 582 457 609 523; x_wconf 91' lang='lat' dir='ltr'><strong>si</strong></span> <span class='ocrx_word' id='word_1_15' title='bbox 639 462 715 543; x_wconf 91' lang='lat' dir='ltr'><strong>post</strong></span> <span class='ocrx_word' id='word_1_16' title='bbox 737 458 863 540; x_wconf 78' lang='lat' dir='ltr'><strong>aliquot</strong></span> <span class='ocrx_word' id='word_1_17' title='bbox 885 478 989 525; x_wconf 89' lang='lat' dir='ltr'><strong>anuos</strong></span> <span class='ocrx_word' id='word_1_18' title='bbox 1011 458 1212 542; x_wconf 87' lang='lat' dir='ltr'><strong>possibilitas</strong></span> <span class='ocrx_word' id='word_1_19' title='bbox 1241 457 1397 543; x_wconf 91' lang='lat' dir='ltr'><strong>implendi</strong></span> <span class='ocrx_word' id='word_1_20' title='bbox 1419 459 1488 525; x_wconf 94' lang='lat' dir='ltr'><strong>voti</strong></span> 
     </span>
     <span class='ocr_line' id='line_1_3' title="bbox 162 547 1489 632; baseline 0.001 -18"><span class='ocrx_word' id='word_1_21' title='bbox 162 570 228 614; x_wconf 90' lang='lat' dir='ltr'><strong>non</strong></span> <span class='ocrx_word' id='word_1_22' title='bbox 251 548 434 624; x_wconf 87' lang='lat' dir='ltr'><strong>exstiterit,</strong></span> <span class='ocrx_word' id='word_1_23' title='bbox 464 569 530 612; x_wconf 89' lang='lat' dir='ltr'><strong>nou</strong></span> <span class='ocrx_word' id='word_1_24' title='bbox 559 552 670 630; x_wconf 90' lang='lat' dir='ltr'><strong>putem</strong></span> <span class='ocrx_word' id='word_1_25' title='bbox 701 547 812 613; x_wconf 86' lang='lat' dir='ltr'><strong>Caium</strong></span> <span class='ocrx_word' id='word_1_26' title='bbox 835 552 1045 632; x_wconf 89' lang='lat' dir='ltr'><strong>peccaturum</strong></span> <span class='ocrx_word' id='word_1_27' title='bbox 1075 568 1164 626; x_wconf 86' lang='lat' dir='ltr'><strong>esse,</strong></span> <span class='ocrx_word' id='word_1_28' title='bbox 1193 547 1222 614; x_wconf 93' lang='lat' dir='ltr'><strong>si</strong></span> <span class='ocrx_word' id='word_1_29' title='bbox 1251 551 1375 614; x_wconf 91' lang='lat' dir='ltr'><strong>statum</strong></span> <span class='ocrx_word' id='word_1_30' title='bbox 1399 547 1489 615; x_wconf 87' lang='lat' dir='ltr'><strong>vitae</strong></span> 
     </span>
     <span class='ocr_line' id='line_1_4' title="bbox 163 635 1098 720; baseline 0 -17"><span class='ocrx_word' id='word_1_31' title='bbox 163 637 266 720; x_wconf 90' lang='lat' dir='ltr'><strong>eligat</strong></span> <span class='ocrx_word' id='word_1_32' title='bbox 289 658 363 703; x_wconf 91' lang='lat' dir='ltr'><strong>cum</strong></span> <span class='ocrx_word' id='word_1_33' title='bbox 386 637 499 703; x_wconf 85' lang='lat' dir='ltr'><strong>futura</strong></span> <span class='ocrx_word' id='word_1_34' title='bbox 522 635 593 703; x_wconf 88' lang='lat' dir='ltr'><strong>vita</strong></span> <span class='ocrx_word' id='word_1_35' title='bbox 614 636 769 719; x_wconf 86' lang='lat' dir='ltr'><strong>religiosa</strong></span> <span class='ocrx_word' id='word_1_36' title='bbox 792 636 1098 720; x_wconf 89' lang='lat' dir='ltr'><strong>incompossibilem.</strong></span> 
     </span>
    </p>
   </div>
   <div class='ocr_carea' id='block_1_3' title="bbox 99 741 1490 1182">
    <p class='ocr_par' dir='ltr' id='par_1_3' title="bbox 99 741 1490 1182">
     <span class='ocr_line' id='line_1_5' title="bbox 99 741 1490 826; baseline 0.001 -21"><span class='ocrx_word' id='word_1_37' title='bbox 99 752 152 806; x_wconf 82' lang='lat'><strong>297</strong></span> <span class='ocrx_word' id='word_1_38' title='bbox 251 745 289 810; x_wconf 93' lang='grc' dir='ltr'><strong>Β.</strong></span> <span class='ocrx_word' id='word_1_39' title='bbox 316 745 429 826; x_wconf 72' lang='lat' dir='ltr'><strong>Quoad</strong></span> <span class='ocrx_word' id='word_1_40' title='bbox 454 744 567 808; x_wconf 81' lang='lat' dir='ltr'><strong><em>Gaiam</em></strong></span> <span class='ocrx_word' id='word_1_41' title='bbox 590 743 628 808; x_wconf 90' lang='lat' dir='ltr'><strong>R.</strong></span> <span class='ocrx_word' id='word_1_42' title='bbox 649 745 676 808; x_wconf 91' lang='lat' dir='ltr'><strong>l.</strong></span> <span class='ocrx_word' id='word_1_43' title='bbox 716 743 790 808; x_wconf 82' lang='lat' dir='ltr'><strong>Etsi</strong></span> <span class='ocrx_word' id='word_1_44' title='bbox 813 742 948 809; x_wconf 78' lang='lat' dir='ltr'><strong>voventi</strong></span> <span class='ocrx_word' id='word_1_45' title='bbox 970 741 1129 826; x_wconf 82' lang='lat' dir='ltr'>imprimis</span> <span class='ocrx_word' id='word_1_46' title='bbox 1152 741 1391 808; x_wconf 76' lang='lat' dir='ltr'><strong>obversabatur</strong></span> <span class='ocrx_word' id='word_1_47' title='bbox 1413 762 1490 807; x_wconf 92' lang='lat' dir='ltr'><strong>oon·</strong></span> 
     </span>
     <span class='ocr_line' id='line_1_6' title="bbox 163 831 1490 916; baseline -0.004 -16"><span class='ocrx_word' id='word_1_48' title='bbox 163 832 314 916; x_wconf 85' lang='lat' dir='ltr'><strong>gregatio</strong></span> <span class='ocrx_word' id='word_1_49' title='bbox 338 853 486 897; x_wconf 89' lang='lat' dir='ltr'><strong>sororum</strong></span> <span class='ocrx_word' id='word_1_50' title='bbox 509 831 769 910; x_wconf 86' lang='lat' dir='ltr'><strong>misericordiae,</strong></span> <span class='ocrx_word' id='word_1_51' title='bbox 801 852 837 896; x_wconf 91' lang='lat' dir='ltr'><strong>se</strong></span> <span class='ocrx_word' id='word_1_52' title='bbox 867 831 909 898; x_wconf 90' lang='lat' dir='ltr'><strong>ad</strong></span> <span class='ocrx_word' id='word_1_53' title='bbox 938 831 1202 916; x_wconf 90' lang='lat' dir='ltr'><strong>amplectendum</strong></span> <span class='ocrx_word' id='word_1_54' title='bbox 1224 832 1281 897; x_wconf 80' lang='lat' dir='ltr'><strong>hoc</strong></span> <span class='ocrx_word' id='word_1_55' title='bbox 1301 831 1490 898; x_wconf 91' lang='lat' dir='ltr'><strong>institutum</strong></span> 
     </span>
     <span class='ocr_line' id='line_1_7' title="bbox 163 919 1489 1005; baseline -0.002 -17"><span class='ocrx_word' id='word_1_56' title='bbox 163 944 228 988; x_wconf 91' lang='lat' dir='ltr'><strong>non</strong></span> <span class='ocrx_word' id='word_1_57' title='bbox 251 921 420 1004; x_wconf 90' lang='lat' dir='ltr'><strong>obligavit,</strong></span> <span class='ocrx_word' id='word_1_58' title='bbox 445 920 559 986; x_wconf 92' lang='lat' dir='ltr'><strong>sedin</strong></span> <span class='ocrx_word' id='word_1_59' title='bbox 582 940 704 1002; x_wconf 87' lang='lat' dir='ltr'><strong>genere</strong></span> <span class='ocrx_word' id='word_1_60' title='bbox 726 921 768 986; x_wconf 88' lang='lat' dir='ltr'><strong>ad</strong></span> <span class='ocrx_word' id='word_1_61' title='bbox 792 920 1054 1005; x_wconf 90' lang='lat' dir='ltr'><strong>amplectendum</strong></span> <span class='ocrx_word' id='word_1_62' title='bbox 1077 919 1264 987; x_wconf 88' lang='lat' dir='ltr'><strong>institutum</strong></span> <span class='ocrx_word' id='word_1_63' title='bbox 1287 920 1489 1003; x_wconf 83' lang='lat' dir='ltr'><strong>religiosum3</strong></span> 
     </span>
     <span class='ocr_line' id='line_1_8' title="bbox 163 1009 1490 1094; baseline -0.001 -18"><span class='ocrx_word' id='word_1_64' title='bbox 163 1032 264 1094; x_wconf 89' lang='lat' dir='ltr'><strong>quare</strong></span> <span class='ocrx_word' id='word_1_65' title='bbox 287 1018 366 1076; x_wconf 88' lang='lat' dir='ltr'><strong>voto</strong></span> <span class='ocrx_word' id='word_1_66' title='bbox 389 1030 448 1075; x_wconf 93' lang='lat' dir='ltr'><strong>suo</strong></span> <span class='ocrx_word' id='word_1_67' title='bbox 472 1009 657 1076; x_wconf 77' lang='lat' dir='ltr'><strong>satisfaciet</strong></span> <span class='ocrx_word' id='word_1_68' title='bbox 678 1010 906 1094; x_wconf 87' lang='lat' dir='ltr'><strong>amplectendo</strong></span> <span class='ocrx_word' id='word_1_69' title='bbox 930 1009 1228 1093; x_wconf 81' lang='lat' dir='ltr'><strong>congregationem,</strong></span> <span class='ocrx_word' id='word_1_70' title='bbox 1253 1029 1337 1092; x_wconf 88' lang='lat' dir='ltr'><strong>qnae</strong></span> <span class='ocrx_word' id='word_1_71' title='bbox 1361 1010 1490 1075; x_wconf 89' lang='lat' dir='ltr'><strong>schola-</strong></span> 
     </span>
     <span class='ocr_line' id='line_1_9' title="bbox 163 1099 474 1182; baseline -0.006 -15"><span class='ocrx_word' id='word_1_72' title='bbox 163 1122 235 1167; x_wconf 92' lang='lat' dir='ltr'><strong>rum</strong></span> <span class='ocrx_word' id='word_1_73' title='bbox 259 1121 371 1167; x_wconf 87' lang='lat' dir='ltr'><strong>curam</strong></span> <span class='ocrx_word' id='word_1_74' title='bbox 394 1099 474 1182; x_wconf 89' lang='lat' dir='ltr'><strong>agit.</strong></span> 
     </span>
    </p>
   </div>
   <div class='ocr_carea' id='block_1_4' title="bbox 162 1195 1492 1548">
    <p class='ocr_par' dir='ltr' id='par_1_4' title="bbox 162 1195 1492 1548">
     <span class='ocr_line' id='line_1_10' title="bbox 252 1195 1492 1265; baseline -0.002 -2"><span class='ocrx_word' id='word_1_75' title='bbox 252 1199 290 1265; x_wconf 91' lang='lat' dir='ltr'><strong>R.</strong></span> <span class='ocrx_word' id='word_1_76' title='bbox 316 1202 346 1263; x_wconf 88' lang='grc'><strong>2.</strong></span> <span class='ocrx_word' id='word_1_77' title='bbox 394 1198 428 1264; x_wconf 91' lang='lat' dir='ltr'><strong>Si</strong></span> <span class='ocrx_word' id='word_1_78' title='bbox 457 1195 644 1262; x_wconf 89' lang='lat' dir='ltr'><strong>institutum</strong></span> <span class='ocrx_word' id='word_1_79' title='bbox 667 1216 816 1262; x_wconf 89' lang='lat' dir='ltr'><strong>sororum</strong></span> <span class='ocrx_word' id='word_1_80' title='bbox 839 1195 1079 1262; x_wconf 89' lang='lat' dir='ltr'><strong>misericordiae</strong></span> <span class='ocrx_word' id='word_1_81' title='bbox 1102 1195 1164 1261; x_wconf 90' lang='lat' dir='ltr'><strong>sibi</strong></span> <span class='ocrx_word' id='word_1_82' title='bbox 1186 1196 1293 1261; x_wconf 91' lang='lat' dir='ltr'><strong>minus</strong></span> <span class='ocrx_word' id='word_1_83' title='bbox 1317 1195 1492 1261; x_wconf 91' lang='lat' dir='ltr'><strong>convenire</strong></span> 
     </span>
     <span class='ocr_line' id='line_1_11' title="bbox 163 1285 1491 1370; baseline -0.001 -19"><span class='ocrx_word' id='word_1_84' title='bbox 163 1287 303 1366; x_wconf 84' lang='lat' dir='ltr'><strong>videtur,</strong></span> <span class='ocrx_word' id='word_1_85' title='bbox 327 1308 387 1370; x_wconf 92' lang='lat' dir='ltr'><strong>per</strong></span> <span class='ocrx_word' id='word_1_86' title='bbox 402 1287 528 1368; x_wconf 89' lang='lat' dir='ltr'><strong>aliquot</strong></span> <span class='ocrx_word' id='word_1_87' title='bbox 549 1305 653 1351; x_wconf 86' lang='lat' dir='ltr'><strong>annos</strong></span> <span class='ocrx_word' id='word_1_88' title='bbox 672 1285 742 1351; x_wconf 92' lang='lat' dir='ltr'><strong>voti</strong></span> <span class='ocrx_word' id='word_1_89' title='bbox 766 1285 1008 1352; x_wconf 84' lang='lat' dir='ltr'><strong>exsecutionem</strong></span> <span class='ocrx_word' id='word_1_90' title='bbox 1033 1285 1163 1350; x_wconf 84' lang='lat' dir='ltr'><strong>differre</strong></span> <span class='ocrx_word' id='word_1_91' title='bbox 1185 1285 1371 1369; x_wconf 85' lang='lat' dir='ltr'><strong>putaverim</strong></span> <span class='ocrx_word' id='word_1_92' title='bbox 1396 1285 1491 1368; x_wconf 89' lang='lat' dir='ltr'><strong>culpa</strong></span> 
     </span>
     <span class='ocr_line' id='line_1_12' title="bbox 162 1373 1490 1458; baseline -0.002 -16"><span class='ocrx_word' id='word_1_93' title='bbox 162 1397 299 1455; x_wconf 87' lang='lat' dir='ltr'><strong>vacare,</strong></span> <span class='ocrx_word' id='word_1_94' title='bbox 331 1376 505 1441; x_wconf 90' lang='lat' dir='ltr'><strong>dummodo</strong></span> <span class='ocrx_word' id='word_1_95' title='bbox 535 1374 666 1441; x_wconf 90' lang='lat' dir='ltr'><strong>interim</strong></span> <span class='ocrx_word' id='word_1_96' title='bbox 689 1374 768 1440; x_wconf 78' lang='lat' dir='ltr'><strong>Gaia</strong></span> <span class='ocrx_word' id='word_1_97' title='bbox 797 1378 908 1458; x_wconf 92' lang='lat' dir='ltr'><strong>aptam</strong></span> <span class='ocrx_word' id='word_1_98' title='bbox 942 1395 979 1439; x_wconf 87' lang='lat' dir='ltr'><strong>ee</strong></span> <span class='ocrx_word' id='word_1_99' title='bbox 1009 1379 1120 1441; x_wconf 86' lang='lat' dir='ltr'><strong>servet</strong></span> <span class='ocrx_word' id='word_1_100' title='bbox 1149 1394 1209 1458; x_wconf 94' lang='lat' dir='ltr'><strong>pro</strong></span> <span class='ocrx_word' id='word_1_101' title='bbox 1233 1373 1387 1456; x_wconf 91' lang='lat' dir='ltr'><strong>religiosa</strong></span> <span class='ocrx_word' id='word_1_102' title='bbox 1411 1374 1490 1440; x_wconf 92' lang='lat' dir='ltr'><strong>vita.</strong></span> 
     </span>
     <span class='ocr_line' id='line_1_13' title="bbox 164 1462 1143 1548; baseline -0.001 -17"><span class='ocrx_word' id='word_1_103' title='bbox 164 1466 280 1548; x_wconf 90' lang='lat' dir='ltr'><strong>Neque</strong></span> <span class='ocrx_word' id='word_1_104' title='bbox 303 1465 345 1531; x_wconf 89' lang='lat' dir='ltr'><strong>ad</strong></span> <span class='ocrx_word' id='word_1_105' title='bbox 368 1465 433 1529; x_wconf 86' lang='lat' dir='ltr'><strong>iter</strong></span> <span class='ocrx_word' id='word_1_106' title='bbox 455 1463 676 1529; x_wconf 89' lang='lat' dir='ltr'><strong>amerioanum</strong></span> <span class='ocrx_word' id='word_1_107' title='bbox 700 1463 876 1546; x_wconf 89' lang='lat' dir='ltr'><strong>obliganda</strong></span> <span class='ocrx_word' id='word_1_108' title='bbox 899 1462 961 1528; x_wconf 87' lang='lat' dir='ltr'><strong>erit</strong></span> <span class='ocrx_word' id='word_1_109' title='bbox 985 1463 1143 1530; x_wconf 91' lang='lat' dir='ltr'><strong>absolute.</strong></span> 
     </span>
    </p>
   </div>
   <div class='ocr_carea' id='block_1_5' title="bbox 164 1560 1494 2270">
    <p class='ocr_par' dir='ltr' id='par_1_5' title="bbox 164 1560 1494 2270">
     <span class='ocr_line' id='line_1_14' title="bbox 253 1560 1491 1645; baseline -0.002 -17"><span class='ocrx_word' id='word_1_110' title='bbox 253 1563 292 1629; x_wconf 82' lang='lat' dir='ltr'><strong>R.</strong></span> <span class='ocrx_word' id='word_1_111' title='bbox 310 1566 340 1629; x_wconf 90' lang='lat'><strong>3.</strong></span> <span class='ocrx_word' id='word_1_112' title='bbox 377 1563 500 1626; x_wconf 91' lang='lat' dir='ltr'><strong>Verum</strong></span> <span class='ocrx_word' id='word_1_113' title='bbox 516 1562 544 1626; x_wconf 91' lang='lat' dir='ltr'><strong>si</strong></span> <span class='ocrx_word' id='word_1_114' title='bbox 568 1561 797 1645; x_wconf 85' lang='lat' dir='ltr'><strong>opportunitas</strong></span> <span class='ocrx_word' id='word_1_115' title='bbox 814 1582 888 1627; x_wconf 89' lang='lat' dir='ltr'><strong>sese</strong></span> <span class='ocrx_word' id='word_1_116' title='bbox 903 1561 1069 1626; x_wconf 91' lang='lat' dir='ltr'><strong>sororibus</strong></span> <span class='ocrx_word' id='word_1_117' title='bbox 1085 1561 1271 1626; x_wconf 87' lang='lat' dir='ltr'><strong>scholarum</strong></span> <span class='ocrx_word' id='word_1_118' title='bbox 1287 1560 1491 1643; x_wconf 83' lang='lat' dir='ltr'><strong>aggregandi</strong></span> 
     </span>
     <span class='ocr_line' id='line_1_15' title="bbox 164 1649 1492 1734; baseline -0.002 -17"><span class='ocrx_word' id='word_1_119' title='bbox 164 1674 229 1718; x_wconf 91' lang='lat' dir='ltr'><strong>non</strong></span> <span class='ocrx_word' id='word_1_120' title='bbox 246 1652 319 1729; x_wconf 88' lang='lat' dir='ltr'><strong>erit,</strong></span> <span class='ocrx_word' id='word_1_121' title='bbox 343 1649 539 1734; x_wconf 89' lang='lat' dir='ltr'><strong>suscipiendi</strong></span> <span class='ocrx_word' id='word_1_122' title='bbox 558 1651 684 1716; x_wconf 89' lang='lat' dir='ltr'><strong>itineris</strong></span> <span class='ocrx_word' id='word_1_123' title='bbox 700 1650 876 1716; x_wconf 89' lang='lat' dir='ltr'><strong>amerioani</strong></span> <span class='ocrx_word' id='word_1_124' title='bbox 892 1649 1048 1732; x_wconf 88' lang='lat' dir='ltr'><strong>obligatio</strong></span> <span class='ocrx_word' id='word_1_125' title='bbox 1064 1654 1116 1717; x_wconf 89' lang='lat' dir='ltr'><strong>est</strong></span> <span class='ocrx_word' id='word_1_126' title='bbox 1132 1650 1376 1717; x_wconf 89' lang='lat' dir='ltr'><strong>condicionata:</strong></span> <span class='ocrx_word' id='word_1_127' title='bbox 1401 1649 1492 1715; x_wconf 91' lang='lat' dir='ltr'><strong>vide·</strong></span> 
     </span>
     <span class='ocr_line' id='line_1_16' title="bbox 165 1739 1494 1823; baseline -0.001 -18"><span class='ocrx_word' id='word_1_128' title='bbox 165 1742 242 1807; x_wconf 90' lang='lat' dir='ltr'><strong>lieet</strong></span> <span class='ocrx_word' id='word_1_129' title='bbox 265 1745 323 1807; x_wconf 91' lang='lat' dir='ltr'><strong>aut</strong></span> <span class='ocrx_word' id='word_1_130' title='bbox 346 1741 410 1807; x_wconf 88' lang='lat' dir='ltr'><strong>iter</strong></span> <span class='ocrx_word' id='word_1_131' title='bbox 430 1739 649 1806; x_wconf 90' lang='lat' dir='ltr'><strong>americanum</strong></span> <span class='ocrx_word' id='word_1_132' title='bbox 672 1740 837 1823; x_wconf 90' lang='lat' dir='ltr'><strong>suscipere</strong></span> <span class='ocrx_word' id='word_1_133' title='bbox 856 1739 964 1817; x_wconf 89' lang='lat' dir='ltr'><strong>debet,</strong></span> <span class='ocrx_word' id='word_1_134' title='bbox 988 1744 1047 1805; x_wconf 91' lang='lat' dir='ltr'><strong>aut</strong></span> <span class='ocrx_word' id='word_1_135' title='bbox 1061 1739 1182 1805; x_wconf 89' lang='lat' dir='ltr'><strong>serium</strong></span> <span class='ocrx_word' id='word_1_136' title='bbox 1197 1743 1367 1806; x_wconf 87' lang='lat' dir='ltr'><strong>tentamen</strong></span> <span class='ocrx_word' id='word_1_137' title='bbox 1383 1740 1494 1805; x_wconf 85' lang='lat' dir='ltr'><strong>facere</strong></span> 
     </span>
     <span class='ocr_line' id='line_1_17' title="bbox 165 1827 1492 1912; baseline -0.001 -18"><span class='ocrx_word' id='word_1_138' title='bbox 165 1831 198 1894; x_wconf 92' lang='lat' dir='ltr'><strong>in</strong></span> <span class='ocrx_word' id='word_1_139' title='bbox 229 1829 484 1912; x_wconf 88' lang='lat' dir='ltr'><strong>congregatione</strong></span> <span class='ocrx_word' id='word_1_140' title='bbox 513 1850 659 1894; x_wconf 84' lang='lat' dir='ltr'><strong>sororum</strong></span> <span class='ocrx_word' id='word_1_141' title='bbox 690 1828 940 1894; x_wconf 86' lang='lat' dir='ltr'><strong>misericordiae.</strong></span> <span class='ocrx_word' id='word_1_142' title='bbox 993 1828 1080 1893; x_wconf 88' lang='lat' dir='ltr'><strong>Nam</strong></span> <span class='ocrx_word' id='word_1_143' title='bbox 1110 1850 1182 1893; x_wconf 92' lang='lat' dir='ltr'><strong>cum</strong></span> <span class='ocrx_word' id='word_1_144' title='bbox 1213 1829 1275 1894; x_wconf 93' lang='lat' dir='ltr'><strong>hoc</strong></span> <span class='ocrx_word' id='word_1_145' title='bbox 1304 1827 1492 1895; x_wconf 91' lang='lat' dir='ltr'><strong>institutum</strong></span> 
     </span>
     <span class='ocr_line' id='line_1_18' title="bbox 165 1916 1494 2003; baseline -0.002 -20"><span class='ocrx_word' id='word_1_146' title='bbox 165 1919 324 2003; x_wconf 87' lang='lat' dir='ltr'><strong>imprimis</strong></span> <span class='ocrx_word' id='word_1_147' title='bbox 347 1924 425 1985; x_wconf 90' lang='lat' dir='ltr'><strong>ante</strong></span> <span class='ocrx_word' id='word_1_148' title='bbox 449 1918 560 1983; x_wconf 89' lang='lat' dir='ltr'><strong>oculos</strong></span> <span class='ocrx_word' id='word_1_149' title='bbox 583 1918 729 1995; x_wconf 88' lang='lat' dir='ltr'><strong>haberet,</strong></span> <span class='ocrx_word' id='word_1_150' title='bbox 753 1938 825 1983; x_wconf 87' lang='lat' dir='ltr'><strong>cum</strong></span> <span class='ocrx_word' id='word_1_151' title='bbox 842 1921 954 1983; x_wconf 90' lang='lat' dir='ltr'><strong>votum</strong></span> <span class='ocrx_word' id='word_1_152' title='bbox 974 1916 1109 1995; x_wconf 89' lang='lat' dir='ltr'><strong>faceret,</strong></span> <span class='ocrx_word' id='word_1_153' title='bbox 1135 1937 1199 1982; x_wconf 92' lang='lat' dir='ltr'><strong>non</strong></span> <span class='ocrx_word' id='word_1_154' title='bbox 1222 1916 1389 1999; x_wconf 87' lang='lat' dir='ltr'><strong>quaelibet</strong></span> <span class='ocrx_word' id='word_1_155' title='bbox 1408 1917 1494 1981; x_wconf 88' lang='lat' dir='ltr'><strong>diffi-</strong></span> 
     </span>
     <span class='ocr_line' id='line_1_19' title="bbox 166 2005 1493 2091; baseline 0 -17"><span class='ocrx_word' id='word_1_156' title='bbox 166 2009 283 2086; x_wconf 88' lang='lat' dir='ltr'><strong>cultas,</strong></span> <span class='ocrx_word' id='word_1_157' title='bbox 306 2029 404 2091; x_wconf 89' lang='lat' dir='ltr'><strong>quam</strong></span> <span class='ocrx_word' id='word_1_158' title='bbox 428 2006 619 2091; x_wconf 89' lang='lat' dir='ltr'><strong>experiatur</strong></span> <span class='ocrx_word' id='word_1_159' title='bbox 641 2008 674 2071; x_wconf 92' lang='lat' dir='ltr'><strong>in</strong></span> <span class='ocrx_word' id='word_1_160' title='bbox 698 2009 754 2071; x_wconf 83' lang='lat' dir='ltr'><strong>boc</strong></span> <span class='ocrx_word' id='word_1_161' title='bbox 776 2006 938 2084; x_wconf 90' lang='lat' dir='ltr'><strong>instituto,</strong></span> <span class='ocrx_word' id='word_1_162' title='bbox 962 2005 1048 2072; x_wconf 91' lang='lat' dir='ltr'><strong>ratio</strong></span> <span class='ocrx_word' id='word_1_163' title='bbox 1071 2027 1144 2072; x_wconf 86' lang='lat' dir='ltr'><strong>esse</strong></span> <span class='ocrx_word' id='word_1_164' title='bbox 1166 2009 1286 2091; x_wconf 88' lang='lat' dir='ltr'><strong>potest,</strong></span> <span class='ocrx_word' id='word_1_165' title='bbox 1310 2026 1369 2071; x_wconf 90' lang='lat' dir='ltr'><strong>eur</strong></span> <span class='ocrx_word' id='word_1_166' title='bbox 1385 2006 1493 2075; x_wconf 83' lang='lat' dir='ltr'><strong>liceat.</strong></span> 
     </span>
     <span class='ocr_line' id='line_1_20' title="bbox 165 2094 1493 2178; baseline -0.002 -15"><span class='ocrx_word' id='word_1_167' title='bbox 165 2098 207 2163; x_wconf 91' lang='lat' dir='ltr'><strong>ab</strong></span> <span class='ocrx_word' id='word_1_168' title='bbox 232 2097 318 2163; x_wconf 92' lang='lat' dir='ltr'><strong>omni</strong></span> <span class='ocrx_word' id='word_1_169' title='bbox 341 2096 542 2178; x_wconf 88' lang='lat' dir='ltr'><strong>obligatione</strong></span> <span class='ocrx_word' id='word_1_170' title='bbox 565 2095 635 2161; x_wconf 91' lang='lat' dir='ltr'><strong>voti</strong></span> <span class='ocrx_word' id='word_1_171' title='bbox 657 2116 694 2161; x_wconf 90' lang='lat' dir='ltr'><strong>se</strong></span> <span class='ocrx_word' id='word_1_172' title='bbox 716 2096 891 2160; x_wconf 91' lang='lat' dir='ltr'><strong>immunem</strong></span> <span class='ocrx_word' id='word_1_173' title='bbox 916 2094 1132 2163; x_wconf 88' lang='lat' dir='ltr'><strong>considerare.</strong></span> <span class='ocrx_word' id='word_1_174' title='bbox 1178 2095 1294 2177; x_wconf 90' lang='lat' dir='ltr'><strong>Neque</strong></span> <span class='ocrx_word' id='word_1_175' title='bbox 1316 2095 1391 2161; x_wconf 93' lang='lat' dir='ltr'><strong>leve</strong></span> <span class='ocrx_word' id='word_1_176' title='bbox 1414 2095 1493 2160; x_wconf 91' lang='lat' dir='ltr'><strong>illud</strong></span> 
     </span>
     <span class='ocr_line' id='line_1_21' title="bbox 166 2184 1296 2270; baseline -0.002 -18"><span class='ocrx_word' id='word_1_177' title='bbox 166 2187 436 2270; x_wconf 86' lang='lat' dir='ltr'><strong>experimentum,</strong></span> <span class='ocrx_word' id='word_1_178' title='bbox 461 2185 547 2268; x_wconf 91' lang='lat' dir='ltr'><strong>quod</strong></span> <span class='ocrx_word' id='word_1_179' title='bbox 570 2185 658 2263; x_wconf 83' lang='lat' dir='ltr'><strong>fecit,</strong></span> <span class='ocrx_word' id='word_1_180' title='bbox 682 2206 742 2268; x_wconf 92' lang='lat' dir='ltr'><strong>pro</strong></span> <span class='ocrx_word' id='word_1_181' title='bbox 766 2187 844 2250; x_wconf 91' lang='lat' dir='ltr'><strong>voto</strong></span> <span class='ocrx_word' id='word_1_182' title='bbox 867 2184 1002 2267; x_wconf 91' lang='lat' dir='ltr'><strong>impleto</strong></span> <span class='ocrx_word' id='word_1_183' title='bbox 1025 2205 1153 2250; x_wconf 88' lang='lat' dir='ltr'><strong>sumere</strong></span> <span class='ocrx_word' id='word_1_184' title='bbox 1176 2184 1296 2250; x_wconf 86' lang='lat' dir='ltr'><strong>licebit.</strong></span> 
     </span>
    </p>
   </div>
   <div class='ocr_carea' id='block_1_6' title="bbox 166 2281 1495 2542">
    <p class='ocr_par' dir='ltr' id='par_1_6' title="bbox 166 2281 1495 2542">
     <span class='ocr_line' id='line_1_22' title="bbox 255 2281 1495 2366; baseline -0.002 -17"><span class='ocrx_word' id='word_1_185' title='bbox 255 2284 294 2351; x_wconf 87' lang='lat' dir='ltr'><strong>R.</strong></span> <span class='ocrx_word' id='word_1_186' title='bbox 318 2286 349 2348; x_wconf 82' lang='lat'><strong>4.</strong></span> <span class='ocrx_word' id='word_1_187' title='bbox 396 2282 554 2350; x_wconf 80' lang='lat' dir='ltr'><strong>Attamen</strong></span> <span class='ocrx_word' id='word_1_188' title='bbox 584 2283 611 2347; x_wconf 90' lang='lat' dir='ltr'><strong>si</strong></span> <span class='ocrx_word' id='word_1_189' title='bbox 641 2286 716 2365; x_wconf 90' lang='lat' dir='ltr'><strong>post</strong></span> <span class='ocrx_word' id='word_1_190' title='bbox 745 2282 865 2347; x_wconf 88' lang='lat' dir='ltr'><strong>serium</strong></span> <span class='ocrx_word' id='word_1_191' title='bbox 894 2285 1064 2348; x_wconf 89' lang='lat' dir='ltr'><strong>tentamen</strong></span> <span class='ocrx_word' id='word_1_192' title='bbox 1094 2281 1180 2366; x_wconf 88' lang='lat' dir='ltr'><strong>apud</strong></span> <span class='ocrx_word' id='word_1_193' title='bbox 1210 2302 1340 2348; x_wconf 86' lang='lat' dir='ltr'><strong>sorores</strong></span> <span class='ocrx_word' id='word_1_194' title='bbox 1368 2281 1495 2347; x_wconf 88' lang='lat' dir='ltr'><strong>miseri·</strong></span> 
     </span>
     <span class='ocr_line' id='line_1_23' title="bbox 166 2371 1494 2454; baseline -0.002 -15"><span class='ocrx_word' id='word_1_195' title='bbox 166 2373 297 2439; x_wconf 88' lang='lat' dir='ltr'><strong>cordiae</strong></span> <span class='ocrx_word' id='word_1_196' title='bbox 320 2373 445 2438; x_wconf 87' lang='lat' dir='ltr'><strong>factum</strong></span> <span class='ocrx_word' id='word_1_197' title='bbox 475 2373 553 2438; x_wconf 82' lang='lat' dir='ltr'><strong>Gaia</strong></span> <span class='ocrx_word' id='word_1_198' title='bbox 579 2371 805 2438; x_wconf 79' lang='lat' dir='ltr'><strong>difficultatem</strong></span> <span class='ocrx_word' id='word_1_199' title='bbox 836 2391 970 2454; x_wconf 88' lang='lat' dir='ltr'><strong>prorsus</strong></span> <span class='ocrx_word' id='word_1_200' title='bbox 1000 2371 1262 2454; x_wconf 86' lang='lat' dir='ltr'><strong>inexspectatam</strong></span> <span class='ocrx_word' id='word_1_201' title='bbox 1292 2372 1494 2454; x_wconf 86' lang='lat' dir='ltr'><strong>experiatur,</strong></span> 
     </span>
     <span class='ocr_line' id='line_1_24' title="bbox 167 2459 1495 2542; baseline -0.002 -14"><span class='ocrx_word' id='word_1_202' title='bbox 167 2463 208 2528; x_wconf 89' lang='lat' dir='ltr'><strong>ad</strong></span> <span class='ocrx_word' id='word_1_203' title='bbox 231 2463 295 2528; x_wconf 90' lang='lat' dir='ltr'><strong>iter</strong></span> <span class='ocrx_word' id='word_1_204' title='bbox 318 2461 538 2527; x_wconf 89' lang='lat' dir='ltr'><strong>amerioaoum</strong></span> <span class='ocrx_word' id='word_1_205' title='bbox 569 2461 634 2527; x_wconf 91' lang='lat' dir='ltr'><strong>iam</strong></span> <span class='ocrx_word' id='word_1_206' title='bbox 658 2462 772 2542; x_wconf 87' lang='lat' dir='ltr'><strong>nequit</strong></span> <span class='ocrx_word' id='word_1_207' title='bbox 795 2460 943 2542; x_wconf 91' lang='lat' dir='ltr'><strong>obligari.</strong></span> <span class='ocrx_word' id='word_1_208' title='bbox 991 2459 1098 2536; x_wconf 84' lang='lat' dir='ltr'><strong>Quare</strong></span> <span class='ocrx_word' id='word_1_209' title='bbox 1127 2459 1154 2526; x_wconf 92' lang='lat' dir='ltr'><strong>si</strong></span> <span class='ocrx_word' id='word_1_210' title='bbox 1183 2459 1216 2525; x_wconf 92' lang='lat' dir='ltr'><strong>in</strong></span> <span class='ocrx_word' id='word_1_211' title='bbox 1247 2459 1311 2526; x_wconf 88' lang='lat' dir='ltr'><strong>alio</strong></span> <span class='ocrx_word' id='word_1_212' title='bbox 1341 2460 1495 2526; x_wconf 73' lang='lat' dir='ltr'><strong>instituto</strong></span> 
     </span>
    </p>
   </div>
   <div class='ocr_carea' id='block_1_7' title="bbox 167 2549 1496 2904">
    <p class='ocr_par' dir='ltr' id='par_1_7' title="bbox 167 2549 1496 2904">
     <span class='ocr_line' id='line_1_25' title="bbox 167 2549 1496 2634; baseline 0 -18"><span class='ocrx_word' id='word_1_213' title='bbox 167 2551 320 2634; x_wconf 92' lang='lat' dir='ltr'><strong>religioso</strong></span> <span class='ocrx_word' id='word_1_214' title='bbox 343 2551 603 2634; x_wconf 87' lang='lat' dir='ltr'><strong>experimentum</strong></span> <span class='ocrx_word' id='word_1_215' title='bbox 627 2550 736 2615; x_wconf 88' lang='lat' dir='ltr'><strong>faeere</strong></span> <span class='ocrx_word' id='word_1_216' title='bbox 759 2549 958 2633; x_wconf 90' lang='lat' dir='ltr'><strong>impossibile</strong></span> <span class='ocrx_word' id='word_1_217' title='bbox 988 2552 1040 2614; x_wconf 89' lang='lat' dir='ltr'><strong>est</strong></span> <span class='ocrx_word' id='word_1_218' title='bbox 1069 2549 1132 2614; x_wconf 89' lang='lat' dir='ltr'><strong>nisi</strong></span> <span class='ocrx_word' id='word_1_219' title='bbox 1160 2549 1194 2613; x_wconf 92' lang='lat' dir='ltr'><strong>in</strong></span> <span class='ocrx_word' id='word_1_220' title='bbox 1217 2550 1387 2616; x_wconf 87' lang='lat' dir='ltr'><strong>Amerioa:</strong></span> <span class='ocrx_word' id='word_1_221' title='bbox 1419 2554 1496 2633; x_wconf 91' lang='lat' dir='ltr'><strong>post</strong></span> 
     </span>
     <span class='ocr_line' id='line_1_26' title="bbox 167 2638 1496 2724; baseline -0.002 -18"><span class='ocrx_word' id='word_1_222' title='bbox 167 2641 298 2722; x_wconf 89' lang='lat' dir='ltr'><strong>aliquod</strong></span> <span class='ocrx_word' id='word_1_223' title='bbox 321 2645 451 2723; x_wconf 92' lang='lat' dir='ltr'><strong>tempus</strong></span> <span class='ocrx_word' id='word_1_224' title='bbox 475 2675 518 2685; x_wconf 94' lang='lat'>—</span> <span class='ocrx_word' id='word_1_225' title='bbox 541 2649 700 2724; x_wconf 82' lang='lat' dir='ltr'><strong>utsupra</strong></span> <span class='ocrx_word' id='word_1_226' title='bbox 725 2642 764 2704; x_wconf 86' lang='lat' dir='ltr'><strong>de</strong></span> <span class='ocrx_word' id='word_1_227' title='bbox 788 2640 865 2704; x_wconf 76' lang='lat' dir='ltr'><strong>Coto</strong></span> <span class='ocrx_word' id='word_1_228' title='bbox 890 2639 961 2703; x_wconf 78' lang='lat' dir='ltr'><strong>dixi</strong></span> <span class='ocrx_word' id='word_1_229' title='bbox 984 2676 1026 2684; x_wconf 97' lang='lat'>—</span> <span class='ocrx_word' id='word_1_230' title='bbox 1050 2638 1128 2704; x_wconf 78' lang='lat' dir='ltr'><strong>Gaia</strong></span> <span class='ocrx_word' id='word_1_231' title='bbox 1158 2660 1179 2704; x_wconf 90' lang='lat' dir='ltr'><strong>a</strong></span> <span class='ocrx_word' id='word_1_232' title='bbox 1201 2638 1270 2704; x_wconf 90' lang='lat' dir='ltr'><strong>voti</strong></span> <span class='ocrx_word' id='word_1_233' title='bbox 1294 2638 1496 2720; x_wconf 89' lang='lat' dir='ltr'><strong>obligatione</strong></span> 
     </span>
     <span class='ocr_line' id='line_1_27' title="bbox 167 2727 1496 2813; baseline -0.002 -17"><span class='ocrx_word' id='word_1_234' title='bbox 167 2751 203 2796; x_wconf 91' lang='lat' dir='ltr'><strong>se</strong></span> <span class='ocrx_word' id='word_1_235' title='bbox 227 2729 363 2795; x_wconf 88' lang='lat' dir='ltr'><strong>liberam</strong></span> <span class='ocrx_word' id='word_1_236' title='bbox 380 2749 513 2794; x_wconf 89' lang='lat' dir='ltr'><strong>censere</strong></span> <span class='ocrx_word' id='word_1_237' title='bbox 528 2730 660 2812; x_wconf 86' lang='lat' dir='ltr'><strong>poterit,</strong></span> <span class='ocrx_word' id='word_1_238' title='bbox 685 2731 840 2794; x_wconf 76' lang='lat' dir='ltr'><strong>ueletiam</strong></span> <span class='ocrx_word' id='word_1_239' title='bbox 860 2731 964 2813; x_wconf 80' lang='lat' dir='ltr'><strong>prius,</strong></span> <span class='ocrx_word' id='word_1_240' title='bbox 989 2727 1017 2792; x_wconf 90' lang='lat' dir='ltr'><strong>si</strong></span> <span class='ocrx_word' id='word_1_241' title='bbox 1040 2728 1153 2793; x_wconf 87' lang='lat' dir='ltr'><strong>ablata</strong></span> <span class='ocrx_word' id='word_1_242' title='bbox 1171 2732 1223 2792; x_wconf 91' lang='lat' dir='ltr'><strong>est</strong></span> <span class='ocrx_word' id='word_1_243' title='bbox 1238 2748 1314 2810; x_wconf 91' lang='lat' dir='ltr'><strong>spes</strong></span> <span class='ocrx_word' id='word_1_244' title='bbox 1336 2728 1496 2794; x_wconf 88' lang='lat' dir='ltr'><strong>moniales</strong></span> 
     </span>
     <span class='ocr_line' id='line_1_28' title="bbox 167 2816 1041 2904; baseline -0.001 -20"><span class='ocrx_word' id='word_1_245' title='bbox 167 2820 256 2886; x_wconf 89' lang='lat' dir='ltr'><strong>intra</strong></span> <span class='ocrx_word' id='word_1_246' title='bbox 278 2839 402 2904; x_wconf 90' lang='lat' dir='ltr'><strong>paucos</strong></span> <span class='ocrx_word' id='word_1_247' title='bbox 425 2839 528 2883; x_wconf 89' lang='lat' dir='ltr'><strong>annos</strong></span> <span class='ocrx_word' id='word_1_248' title='bbox 551 2817 584 2882; x_wconf 92' lang='lat' dir='ltr'><strong>in</strong></span> <span class='ocrx_word' id='word_1_249' title='bbox 608 2816 749 2900; x_wconf 89' lang='lat' dir='ltr'><strong>patriam</strong></span> <span class='ocrx_word' id='word_1_250' title='bbox 773 2817 935 2882; x_wconf 90' lang='lat' dir='ltr'><strong>redituras</strong></span> <span class='ocrx_word' id='word_1_251' title='bbox 959 2837 1041 2883; x_wconf 87' lang='lat' dir='ltr'><strong>esse.</strong></span> 
     </span>
    </p>
   </div>
   <div class='ocr_carea' id='block_1_8' title="bbox 576 3034 1083 3109">
    <p class='ocr_par' dir='ltr' id='par_1_8' title="bbox 576 3034 1083 3109">
     <span class='ocr_line' id='line_1_29' title="bbox 576 3034 1083 3109; baseline 0.002 -1"><span class='ocrx_word' id='word_1_252' title='bbox 576 3035 759 3109; x_wconf 79' lang='lat' dir='ltr'>STATUS</span> <span class='ocrx_word' id='word_1_253' title='bbox 790 3034 1083 3109; x_wconf 77' lang='lat' dir='ltr'><strong>RELIGIOSUS.</strong></span> 
     </span>
    </p>
   </div>
   <div class='ocr_carea' id='block_1_9' title="bbox 276 3215 1388 3440">
    <p class='ocr_par' dir='ltr' id='par_1_9' title="bbox 276 3215 1388 3440">
     <span class='ocr_line' id='line_1_30' title="bbox 276 3215 1388 3283; baseline 0 0"><span class='ocrx_word' id='word_1_254' title='bbox 276 3217 464 3283; x_wconf 81' lang='lat' dir='ltr'><strong>VOCATIO</strong></span> <span class='ocrx_word' id='word_1_255' title='bbox 488 3215 549 3282; x_wconf 82' lang='lat' dir='ltr'><strong>AD</strong></span> <span class='ocrx_word' id='word_1_256' title='bbox 573 3215 715 3282; x_wconf 82' lang='lat' dir='ltr'><strong>VITAM</strong></span> <span class='ocrx_word' id='word_1_257' title='bbox 743 3215 1022 3282; x_wconf 82' lang='lat' dir='ltr'><strong>RELIGIOSAM.</strong></span> <span class='ocrx_word' id='word_1_258' title='bbox 1047 3256 1089 3264; x_wconf 90' lang='lat'>-</span> <span class='ocrx_word' id='word_1_259' title='bbox 1121 3216 1388 3283; x_wconf 81' lang='lat' dir='ltr'><strong>OBSTACULA.</strong></span> 
     </span>
     <span class='ocr_line' id='line_1_31' title="bbox 736 3365 931 3440; baseline -0.015 -10"><span class='ocrx_word' id='word_1_260' title='bbox 736 3365 846 3432; x_wconf 80' lang='lat' dir='ltr'><strong>casus.</strong></span> <span class='ocrx_word' id='word_1_261' title='bbox 874 3372 931 3440; x_wconf 84' lang='lat'>(81)</span> 
     </span>
    </p>
   </div>
   <div class='ocr_carea' id='block_1_10' title="bbox 170 3488 1496 4240">
    <p class='ocr_par' dir='ltr' id='par_1_10' title="bbox 170 3488 1496 3886">
     <span class='ocr_line' id='line_1_32' title="bbox 259 3488 1495 3567; baseline 0.002 -19"><span class='ocrx_word' id='word_1_262' title='bbox 259 3491 402 3548; x_wconf 87' lang='lat' dir='ltr'><strong>Reinerus</strong></span> <span class='ocrx_word' id='word_1_263' title='bbox 424 3490 541 3548; x_wconf 83' lang='lat' dir='ltr'><strong>iuvenis</strong></span> <span class='ocrx_word' id='word_1_264' title='bbox 562 3489 653 3549; x_wconf 88' lang='lat' dir='ltr'><strong>sentit</strong></span> <span class='ocrx_word' id='word_1_265' title='bbox 674 3509 707 3548; x_wconf 92' lang='lat' dir='ltr'><strong>se</strong></span> <span class='ocrx_word' id='word_1_266' title='bbox 728 3509 781 3567; x_wconf 88' lang='lat' dir='ltr'><strong>per</strong></span> <span class='ocrx_word' id='word_1_267' title='bbox 794 3489 850 3547; x_wconf 91' lang='lat' dir='ltr'><strong>Dei</strong></span> <span class='ocrx_word' id='word_1_268' title='bbox 869 3488 995 3564; x_wconf 88' lang='lat' dir='ltr'><strong>gratiam</strong></span> <span class='ocrx_word' id='word_1_269' title='bbox 1010 3489 1121 3546; x_wconf 90' lang='lat' dir='ltr'><strong>attrahi</strong></span> <span class='ocrx_word' id='word_1_270' title='bbox 1143 3488 1287 3548; x_wconf 89' lang='lat' dir='ltr'><strong>advitam</strong></span> <span class='ocrx_word' id='word_1_271' title='bbox 1308 3491 1495 3566; x_wconf 84' lang='lat' dir='ltr'><strong>religiosam3</strong></span> 
     </span>
     <span class='ocr_line' id='line_1_33' title="bbox 170 3569 1496 3649; baseline 0.002 -21"><span class='ocrx_word' id='word_1_272' title='bbox 170 3589 271 3628; x_wconf 87' lang='lat' dir='ltr'><strong>verum</strong></span> <span class='ocrx_word' id='word_1_273' title='bbox 292 3576 448 3647; x_wconf 86' lang='lat' dir='ltr'><strong>parentes,</strong></span> <span class='ocrx_word' id='word_1_274' title='bbox 472 3589 536 3628; x_wconf 90' lang='lat' dir='ltr'><strong>oum</strong></span> <span class='ocrx_word' id='word_1_275' title='bbox 558 3570 613 3628; x_wconf 88' lang='lat' dir='ltr'><strong>hoe</strong></span> <span class='ocrx_word' id='word_1_276' title='bbox 636 3570 773 3640; x_wconf 85' lang='lat' dir='ltr'><strong>audiunt,</strong></span> <span class='ocrx_word' id='word_1_277' title='bbox 796 3589 863 3628; x_wconf 88' lang='lat' dir='ltr'><strong>sese</strong></span> <span class='ocrx_word' id='word_1_278' title='bbox 884 3569 1001 3628; x_wconf 90' lang='lat' dir='ltr'><strong>omnino</strong></span> <span class='ocrx_word' id='word_1_279' title='bbox 1023 3576 1190 3646; x_wconf 90' lang='lat' dir='ltr'><strong>opponunt,</strong></span> <span class='ocrx_word' id='word_1_280' title='bbox 1214 3589 1247 3628; x_wconf 91' lang='lat' dir='ltr'><strong>eo</strong></span> <span class='ocrx_word' id='word_1_281' title='bbox 1269 3570 1346 3645; x_wconf 90' lang='lat' dir='ltr'><strong>quod</strong></span> <span class='ocrx_word' id='word_1_282' title='bbox 1367 3571 1421 3630; x_wconf 89' lang='lat' dir='ltr'><strong>filii</strong></span> <span class='ocrx_word' id='word_1_283' title='bbox 1443 3591 1496 3649; x_wconf 92' lang='lat' dir='ltr'><strong>ope</strong></span> 
     </span>
     <span class='ocr_line' id='line_1_34' title="bbox 170 3648 1496 3726; baseline 0.001 -17"><span class='ocrx_word' id='word_1_284' title='bbox 170 3651 324 3725; x_wconf 86' lang='lat' dir='ltr'><strong>indigeant</strong></span> <span class='ocrx_word' id='word_1_285' title='bbox 345 3657 442 3725; x_wconf 87' lang='lat' dir='ltr'><strong>atque,</strong></span> <span class='ocrx_word' id='word_1_286' title='bbox 464 3649 521 3708; x_wconf 90' lang='lat' dir='ltr'><strong>nisi</strong></span> <span class='ocrx_word' id='word_1_287' title='bbox 543 3650 606 3708; x_wconf 92' lang='lat' dir='ltr'><strong>eius</strong></span> <span class='ocrx_word' id='word_1_288' title='bbox 628 3649 739 3708; x_wconf 88' lang='lat' dir='ltr'><strong>auxilio</strong></span> <span class='ocrx_word' id='word_1_289' title='bbox 760 3650 791 3707; x_wconf 93' lang='lat' dir='ltr'><strong>in</strong></span> <span class='ocrx_word' id='word_1_290' title='bbox 805 3655 947 3726; x_wconf 88' lang='lat' dir='ltr'><strong>proveeta</strong></span> <span class='ocrx_word' id='word_1_291' title='bbox 964 3654 1062 3707; x_wconf 90' lang='lat' dir='ltr'><strong>aetate</strong></span> <span class='ocrx_word' id='word_1_292' title='bbox 1084 3648 1230 3718; x_wconf 82' lang='lat' dir='ltr'><strong>iuvantur,</strong></span> <span class='ocrx_word' id='word_1_293' title='bbox 1252 3649 1345 3709; x_wconf 90' lang='lat' dir='ltr'><strong>vitam</strong></span> <span class='ocrx_word' id='word_1_294' title='bbox 1360 3651 1496 3710; x_wconf 85' lang='lat' dir='ltr'><strong>miseram</strong></span> 
     </span>
     <span class='ocr_line' id='line_1_35' title="bbox 171 3729 1495 3808; baseline 0 -19"><span class='ocrx_word' id='word_1_295' title='bbox 171 3732 278 3804; x_wconf 87' lang='lat' dir='ltr'><strong>degere</strong></span> <span class='ocrx_word' id='word_1_296' title='bbox 299 3730 440 3799; x_wconf 84' lang='lat' dir='ltr'><strong>debeant3</strong></span> <span class='ocrx_word' id='word_1_297' title='bbox 463 3749 496 3788; x_wconf 88' lang='lat' dir='ltr'><strong>se</strong></span> <span class='ocrx_word' id='word_1_298' title='bbox 517 3749 632 3807; x_wconf 90' lang='lat' dir='ltr'><strong>semper</strong></span> <span class='ocrx_word' id='word_1_299' title='bbox 654 3730 683 3789; x_wconf 93' lang='lat' dir='ltr'><strong>id</strong></span> <span class='ocrx_word' id='word_1_300' title='bbox 705 3749 843 3806; x_wconf 85' lang='lat' dir='ltr'><strong>sperasse</strong></span> <span class='ocrx_word' id='word_1_301' title='bbox 863 3730 936 3800; x_wconf 84' lang='lat' dir='ltr'><strong>fore,</strong></span> <span class='ocrx_word' id='word_1_302' title='bbox 959 3735 991 3787; x_wconf 89' lang='lat' dir='ltr'><strong>ut</strong></span> <span class='ocrx_word' id='word_1_303' title='bbox 1012 3729 1135 3788; x_wconf 87' lang='lat' dir='ltr'><strong>senilem</strong></span> <span class='ocrx_word' id='word_1_304' title='bbox 1156 3735 1284 3788; x_wconf 87' lang='lat' dir='ltr'><strong>aetatem</strong></span> <span class='ocrx_word' id='word_1_305' title='bbox 1306 3731 1384 3808; x_wconf 89' lang='lat' dir='ltr'><strong>apud</strong></span> <span class='ocrx_word' id='word_1_306' title='bbox 1406 3732 1495 3791; x_wconf 89' lang='lat' dir='ltr'><strong>filium</strong></span> 
     </span>
     <span class='ocr_line' id='line_1_36' title="bbox 171 3809 1037 3886; baseline -0.002 -16"><span class='ocrx_word' id='word_1_307' title='bbox 171 3831 256 3870; x_wconf 90' lang='lat' dir='ltr'><strong>suum</strong></span> <span class='ocrx_word' id='word_1_308' title='bbox 278 3811 460 3869; x_wconf 86' lang='lat' dir='ltr'><strong>sacerdotem</strong></span> <span class='ocrx_word' id='word_1_309' title='bbox 482 3811 512 3868; x_wconf 92' lang='lat' dir='ltr'><strong>in</strong></span> <span class='ocrx_word' id='word_1_310' title='bbox 534 3830 607 3886; x_wconf 86' lang='lat' dir='ltr'><strong>poce</strong></span> <span class='ocrx_word' id='word_1_311' title='bbox 629 3811 735 3868; x_wconf 89' lang='lat' dir='ltr'><strong>ducere</strong></span> <span class='ocrx_word' id='word_1_312' title='bbox 757 3816 787 3869; x_wconf 90' lang='lat' dir='ltr'><strong>et</strong></span> <span class='ocrx_word' id='word_1_313' title='bbox 807 3810 892 3868; x_wconf 92' lang='lat' dir='ltr'><strong>finire</strong></span> <span class='ocrx_word' id='word_1_314' title='bbox 913 3809 1037 3886; x_wconf 89' lang='lat' dir='ltr'><strong>possint.</strong></span> 
     </span>
    </p>

    <p class='ocr_par' dir='ltr' id='par_1_11' title="bbox 172 3905 1495 4240">
     <span class='ocr_line' id='line_1_37' title="bbox 172 3905 1385 3983; baseline 0.001 -17"><span class='ocrx_word' id='word_1_315' title='bbox 172 3909 349 3981; x_wconf 76' lang='lat' dir='ltr'><strong>Quasmroa</strong></span> <span class='ocrx_word' id='word_1_316' title='bbox 371 3910 399 3964; x_wconf 84' lang='grc' dir='ltr'><strong>1ο</strong></span> <span class='ocrx_word' id='word_1_317' title='bbox 425 3927 501 3983; x_wconf 89' lang='lat' dir='ltr'><strong>quae</strong></span> <span class='ocrx_word' id='word_1_318' title='bbox 523 3907 562 3965; x_wconf 90' lang='lat' dir='ltr'><strong>sit</strong></span> <span class='ocrx_word' id='word_1_319' title='bbox 583 3907 725 3981; x_wconf 84' lang='lat' dir='ltr'><strong>obligatio</strong></span> <span class='ocrx_word' id='word_1_320' title='bbox 747 3907 887 3983; x_wconf 89' lang='lat' dir='ltr'><strong>sequendi</strong></span> <span class='ocrx_word' id='word_1_321' title='bbox 909 3905 1093 3965; x_wconf 89' lang='lat' dir='ltr'><strong>vocationem</strong></span> <span class='ocrx_word' id='word_1_322' title='bbox 1115 3906 1195 3966; x_wconf 89' lang='lat' dir='ltr'><strong>vitae</strong></span> <span class='ocrx_word' id='word_1_323' title='bbox 1217 3907 1385 3982; x_wconf 87' lang='lat' dir='ltr'><strong>religiosae.</strong></span> 
     </span>
     <span class='ocr_line' id='line_1_38' title="bbox 370 3995 1495 4075; baseline 0.001 -21"><span class='ocrx_word' id='word_1_324' title='bbox 370 3998 400 4054; x_wconf 86' lang='grc' dir='ltr'><strong>2ο</strong></span> <span class='ocrx_word' id='word_1_325' title='bbox 426 4016 500 4072; x_wconf 87' lang='lat' dir='ltr'><strong>quae</strong></span> <span class='ocrx_word' id='word_1_326' title='bbox 516 3997 576 4055; x_wconf 89' lang='lat' dir='ltr'><strong>sint</strong></span> <span class='ocrx_word' id='word_1_327' title='bbox 590 3997 731 4066; x_wconf 88' lang='lat' dir='ltr'><strong>rationes,</strong></span> <span class='ocrx_word' id='word_1_328' title='bbox 753 4016 827 4072; x_wconf 89' lang='lat' dir='ltr'><strong>quae</strong></span> <span class='ocrx_word' id='word_1_329' title='bbox 842 3997 1008 4070; x_wconf 88' lang='lat' dir='ltr'><strong>ingressum</strong></span> <span class='ocrx_word' id='word_1_330' title='bbox 1023 3995 1193 4072; x_wconf 88' lang='lat' dir='ltr'><strong>impediant,</strong></span> <span class='ocrx_word' id='word_1_331' title='bbox 1215 4015 1250 4054; x_wconf 86' lang='lat' dir='ltr'><strong>ec</strong></span> <span class='ocrx_word' id='word_1_332' title='bbox 1265 3996 1409 4075; x_wconf 88' lang='lat' dir='ltr'><strong>imprimis</strong></span> <span class='ocrx_word' id='word_1_333' title='bbox 1424 4016 1495 4074; x_wconf 89' lang='lat' dir='ltr'><strong>quae</strong></span> 
     </span>
     <span class='ocr_line' id='line_1_39' title="bbox 427 4077 814 4151; baseline -0.003 -16"><span class='ocrx_word' id='word_1_334' title='bbox 427 4083 619 4151; x_wconf 85' lang='lat' dir='ltr'><strong>cognatorum</strong></span> <span class='ocrx_word' id='word_1_335' title='bbox 640 4077 814 4135; x_wconf 76' lang='lat' dir='ltr'><strong>necessitas</strong></span> 
     </span>
     <span class='ocr_line' id='line_1_40' title="bbox 371 4165 883 4240; baseline 0 -16"><span class='ocrx_word' id='word_1_336' title='bbox 371 4167 401 4224; x_wconf 88' lang='lat'><strong>3⁰</strong></span> <span class='ocrx_word' id='word_1_337' title='bbox 427 4165 494 4240; x_wconf 90' lang='lat' dir='ltr'><strong>quid</strong></span> <span class='ocrx_word' id='word_1_338' title='bbox 515 4165 642 4223; x_wconf 88' lang='lat' dir='ltr'><strong>Reinero</strong></span> <span class='ocrx_word' id='word_1_339' title='bbox 665 4165 883 4225; x_wconf 85' lang='lat' dir='ltr'><strong>consulendum.</strong></span> 
     </span>
    </p>
   </div>
   <div class='ocr_carea' id='block_1_11' title="bbox 371 4254 1320 4331">
    <p class='ocr_par' dir='ltr' id='par_1_12' title="bbox 371 4254 1320 4331">
     <span class='ocr_line' id='line_1_41' title="bbox 371 4254 1320 4331; baseline 0.002 -18"><span class='ocrx_word' id='word_1_340' title='bbox 371 4257 402 4313; x_wconf 77' lang='lat'><strong>4⁰</strong></span> <span class='ocrx_word' id='word_1_341' title='bbox 427 4255 569 4331; x_wconf 93' lang='lat' dir='ltr'><strong>quomodo</strong></span> <span class='ocrx_word' id='word_1_342' title='bbox 591 4261 716 4331; x_wconf 88' lang='lat' dir='ltr'><strong>peccent</strong></span> <span class='ocrx_word' id='word_1_343' title='bbox 737 4255 784 4330; x_wconf 89' lang='lat' dir='ltr'><strong>qui</strong></span> <span class='ocrx_word' id='word_1_344' title='bbox 807 4255 932 4330; x_wconf 87' lang='lat' dir='ltr'><strong>aliquem</strong></span> <span class='ocrx_word' id='word_1_345' title='bbox 954 4274 972 4312; x_wconf 89' lang='lat' dir='ltr'><strong>a</strong></span> <span class='ocrx_word' id='word_1_346' title='bbox 993 4254 1135 4330; x_wconf 89' lang='lat' dir='ltr'><strong>religione</strong></span> <span class='ocrx_word' id='word_1_347' title='bbox 1156 4255 1320 4316; x_wconf 89' lang='lat' dir='ltr'><strong>retrahant.</strong></span> 
     </span>
    </p>
   </div>
   <div class='ocr_carea' id='block_1_12' title="bbox 770 4416 904 4485">
    <p class='ocr_par' dir='ltr' id='par_1_13' title="bbox 770 4416 904 4485">
     <span class='ocr_line' id='line_1_42' title="bbox 770 4416 904 4485; baseline -0.015 0"><span class='ocrx_word' id='word_1_348' title='bbox 770 4416 904 4485; x_wconf 83' lang='lat' dir='ltr'><strong>Salutio.</strong></span> 
     </span>
    </p>
   </div>
   <div class='ocr_carea' id='block_1_13' title="bbox 112 4541 1496 4718">
    <p class='ocr_par' dir='ltr' id='par_1_14' title="bbox 112 4541 1496 4718">
     <span class='ocr_line' id='line_1_43' title="bbox 112 4541 1496 4625; baseline 0.002 -21"><span class='ocrx_word' id='word_1_349' title='bbox 112 4552 164 4605; x_wconf 72' lang='lat'><strong>‘298</strong></span> <span class='ocrx_word' id='word_1_350' title='bbox 262 4541 315 4606; x_wconf 82' lang='lat' dir='ltr'><strong>An</strong></span> <span class='ocrx_word' id='word_1_351' title='bbox 339 4564 530 4618; x_wconf 79' lang='lat' dir='ltr'><strong>quausmuu</strong></span> <span class='ocrx_word' id='word_1_352' title='bbox 556 4547 592 4607; x_wconf 77' lang='lat'><strong>1¹¹¹</strong></span> <span class='ocrx_word' id='word_1_353' title='bbox 616 4545 655 4609; x_wconf 90' lang='lat' dir='ltr'><strong>R.</strong></span> <span class='ocrx_word' id='word_1_354' title='bbox 678 4547 705 4609; x_wconf 92' lang='grc'><strong>1.</strong></span> <span class='ocrx_word' id='word_1_355' title='bbox 745 4543 931 4625; x_wconf 87' lang='lat' dir='ltr'><strong>Religiosae</strong></span> <span class='ocrx_word' id='word_1_356' title='bbox 954 4544 1043 4609; x_wconf 89' lang='lat' dir='ltr'><strong>vitae</strong></span> <span class='ocrx_word' id='word_1_357' title='bbox 1068 4544 1183 4609; x_wconf 89' lang='lat' dir='ltr'><strong>electio</strong></span> <span class='ocrx_word' id='word_1_358' title='bbox 1206 4564 1270 4608; x_wconf 93' lang='lat' dir='ltr'><strong>non</strong></span> <span class='ocrx_word' id='word_1_359' title='bbox 1296 4567 1334 4609; x_wconf 78' lang='lat' dir='ltr'><strong>ea</strong></span> <span class='ocrx_word' id='word_1_360' title='bbox 1356 4568 1390 4611; x_wconf 79' lang='lat' dir='ltr'><strong>ae</strong></span> <span class='ocrx_word' id='word_1_361' title='bbox 1412 4543 1496 4611; x_wconf 89' lang='lat' dir='ltr'><strong>eadit</strong></span> 
     </span>
     <span class='ocr_line' id='line_1_44' title="bbox 175 4632 1495 4718; baseline 0 -22"><span class='ocrx_word' id='word_1_362' title='bbox 175 4634 314 4697; x_wconf 82' lang='lat' dir='ltr'><strong>absolute</strong></span> <span class='ocrx_word' id='word_1_363' title='bbox 337 4633 397 4697; x_wconf 92' lang='lat' dir='ltr'><strong>sub</strong></span> <span class='ocrx_word' id='word_1_364' title='bbox 420 4640 640 4718; x_wconf 89' lang='lat' dir='ltr'><strong>praeceptum,</strong></span> <span class='ocrx_word' id='word_1_365' title='bbox 672 4655 743 4698; x_wconf 90' lang='lat' dir='ltr'><strong>cum</strong></span> <span class='ocrx_word' id='word_1_366' title='bbox 768 4638 919 4699; x_wconf 88' lang='lat' dir='ltr'><strong>versetur</strong></span> <span class='ocrx_word' id='word_1_367' title='bbox 942 4633 1028 4698; x_wconf 87' lang='lat' dir='ltr'><strong>eirea</strong></span> <span class='ocrx_word' id='word_1_368' title='bbox 1052 4632 1187 4698; x_wconf 87' lang='lat' dir='ltr'><strong>consilia</strong></span> <span class='ocrx_word' id='word_1_369' title='bbox 1211 4633 1411 4715; x_wconf 89' lang='lat' dir='ltr'><strong>evangelica,</strong></span> <span class='ocrx_word' id='word_1_370' title='bbox 1434 4654 1495 4699; x_wconf 88' lang='lat' dir='ltr'><strong>non</strong></span> 
     </span>
    </p>
   </div>
   <div class='ocr_carea' id='block_1_14' title="bbox 0 0 1571 5168">
    <p class='ocr_par' dir='ltr' id='par_1_15' title="bbox 0 0 1571 5168">
     <span class='ocr_line' id='line_1_45' title="bbox 0 0 1571 5168; baseline 0 0"><span class='ocrx_word' id='word_1_371' title='bbox 0 0 1571 5168; x_wconf 95' lang='lat' dir='ltr'><strong> </strong></span> 
     </span>
    </p>
   </div>
  </div>
 </body>
</html>
