<?xml version="1.0" encoding="UTF-8"?>
<!DOCTYPE html PUBLIC "-//W3C//DTD XHTML 1.0 Transitional//EN"
    "http://www.w3.org/TR/xhtml1/DTD/xhtml1-transitional.dtd">
<html xmlns="http://www.w3.org/1999/xhtml" xml:lang="en" lang="en">
 <head>
  <title>
</title>
<meta http-equiv="Content-Type" content="text/html;charset=utf-8" />
  <meta name='ocr-system' content='tesseract 3.04.00' />
  <meta name='ocr-capabilities' content='ocr_page ocr_carea ocr_par ocr_line ocrx_word'/>
</head>
<body>
  <div class='ocr_page' id='page_1' title='image "./casusconscienti01lehmgoog_0086.png"; bbox 0 0 3106 5168; ppageno 0'>
   <div class='ocr_carea' id='block_1_1' title="bbox 136 258 893 331">
    <p class='ocr_par' dir='ltr' id='par_1_1' title="bbox 136 258 893 331">
     <span class='ocr_line' id='line_1_1' title="bbox 136 258 893 331; baseline 0.001 -18"><span class='ocrx_word' id='word_1_1' title='bbox 136 264 178 329; x_wconf 84' lang='lat'>70</span> <span class='ocrx_word' id='word_1_2' title='bbox 702 260 743 315; x_wconf 85' lang='lat' dir='ltr'>De</span> <span class='ocrx_word' id='word_1_3' title='bbox 763 258 893 331; x_wconf 79' lang='lat' dir='ltr'>peccatis.</span> 
     </span>
    </p>
   </div>
   <div class='ocr_carea' id='block_1_2' title="bbox 134 436 1466 789">
    <p class='ocr_par' dir='ltr' id='par_1_2' title="bbox 134 436 1466 789">
     <span class='ocr_line' id='line_1_2' title="bbox 225 436 1466 523; baseline 0.004 -22"><span class='ocrx_word' id='word_1_4' title='bbox 225 437 263 504; x_wconf 89' lang='lat' dir='ltr'>R.</span> <span class='ocrx_word' id='word_1_5' title='bbox 289 440 320 504; x_wconf 88' lang='lat'>2.</span> <span class='ocrx_word' id='word_1_6' title='bbox 366 436 521 504; x_wconf 78' lang='lat' dir='ltr'>Fortasse</span> <span class='ocrx_word' id='word_1_7' title='bbox 544 436 644 503; x_wconf 88' lang='lat' dir='ltr'>etiam</span> <span class='ocrx_word' id='word_1_8' title='bbox 668 436 756 502; x_wconf 85' lang='lat' dir='ltr'>aliud</span> <span class='ocrx_word' id='word_1_9' title='bbox 783 440 953 521; x_wconf 90' lang='lat' dir='ltr'>peccatum</span> <span class='ocrx_word' id='word_1_10' title='bbox 976 457 1063 502; x_wconf 90' lang='lat' dir='ltr'>nunc</span> <span class='ocrx_word' id='word_1_11' title='bbox 1085 439 1270 521; x_wconf 90' lang='lat' dir='ltr'>patratum,</span> <span class='ocrx_word' id='word_1_12' title='bbox 1300 438 1466 523; x_wconf 86' lang='lat' dir='ltr'>sacrilega</span> 
     </span>
     <span class='ocr_line' id='line_1_3' title="bbox 135 525 1466 612; baseline 0.002 -19"><span class='ocrx_word' id='word_1_13' title='bbox 135 527 262 612; x_wconf 88' lang='lat' dir='ltr'>peccati</span> <span class='ocrx_word' id='word_1_14' title='bbox 286 525 474 606; x_wconf 81' lang='lat' dir='ltr'>reticentia,</span> <span class='ocrx_word' id='word_1_15' title='bbox 506 526 711 593; x_wconf 90' lang='lat' dir='ltr'>absolutione</span> <span class='ocrx_word' id='word_1_16' title='bbox 734 525 906 591; x_wconf 90' lang='lat' dir='ltr'>delendum</span> <span class='ocrx_word' id='word_1_17' title='bbox 929 529 997 606; x_wconf 88' lang='lat' dir='ltr'>est,</span> <span class='ocrx_word' id='word_1_18' title='bbox 1028 525 1057 591; x_wconf 85' lang='lat' dir='ltr'>si</span> <span class='ocrx_word' id='word_1_19' title='bbox 1083 526 1178 593; x_wconf 91' lang='lat' dir='ltr'>modo</span> <span class='ocrx_word' id='word_1_20' title='bbox 1209 547 1295 593; x_wconf 91' lang='lat' dir='ltr'>nuuc</span> <span class='ocrx_word' id='word_1_21' title='bbox 1317 527 1466 595; x_wconf 89' lang='lat' dir='ltr'>sincerus</span> 
     </span>
     <span class='ocr_line' id='line_1_4' title="bbox 136 614 1465 701; baseline 0.002 -19"><span class='ocrx_word' id='word_1_22' title='bbox 136 617 228 682; x_wconf 92' lang='lat' dir='ltr'>dolor</span> <span class='ocrx_word' id='word_1_23' title='bbox 258 620 437 683; x_wconf 88' lang='lat' dir='ltr'>renovatur</span> <span class='ocrx_word' id='word_1_24' title='bbox 467 616 521 681; x_wconf 92' lang='lat' dir='ltr'>vel</span> <span class='ocrx_word' id='word_1_25' title='bbox 552 616 741 699; x_wconf 89' lang='lat' dir='ltr'>concipitur.</span> <span class='ocrx_word' id='word_1_26' title='bbox 788 614 908 693; x_wconf 87' lang='lat' dir='ltr'><strong>Quodsi</strong></span> <span class='ocrx_word' id='word_1_27' title='bbox 935 635 1053 681; x_wconf 88' lang='lat' dir='ltr'>revera</span> <span class='ocrx_word' id='word_1_28' title='bbox 1075 614 1172 682; x_wconf 82' lang='lat' dir='ltr'>Anna</span> <span class='ocrx_word' id='word_1_29' title='bbox 1195 615 1242 682; x_wconf 91' lang='lat' dir='ltr'>sic</span> <span class='ocrx_word' id='word_1_30' title='bbox 1264 617 1465 701; x_wconf 90' lang='lat' dir='ltr'>peccaverit,</span> 
     </span>
     <span class='ocr_line' id='line_1_5' title="bbox 134 703 1202 789; baseline 0.001 -18"><span class='ocrx_word' id='word_1_31' title='bbox 134 705 233 789; x_wconf 86' lang='lat' dir='ltr'>longe</span> <span class='ocrx_word' id='word_1_32' title='bbox 255 705 362 788; x_wconf 85' lang='lat' dir='ltr'>magis</span> <span class='ocrx_word' id='word_1_33' title='bbox 385 708 483 787; x_wconf 83' lang='lat' dir='ltr'>urget</span> <span class='ocrx_word' id='word_1_34' title='bbox 505 705 695 782; x_wconf 77' lang='lat' dir='ltr'>necessitas,</span> <span class='ocrx_word' id='word_1_35' title='bbox 720 707 758 770; x_wconf 94' lang='lat' dir='ltr'>ut</span> <span class='ocrx_word' id='word_1_36' title='bbox 780 703 943 771; x_wconf 78' lang='lat' dir='ltr'>absolutio</span> <span class='ocrx_word' id='word_1_37' title='bbox 967 704 1064 770; x_wconf 90' lang='lat' dir='ltr'>detur</span> <span class='ocrx_word' id='word_1_38' title='bbox 1087 704 1202 772; x_wconf 90' lang='lat' dir='ltr'>denuo.</span> 
     </span>
    </p>
   </div>
   <div class='ocr_carea' id='block_1_3' title="bbox 81 818 1467 1170">
    <p class='ocr_par' dir='ltr' id='par_1_3' title="bbox 81 818 1467 1170">
     <span class='ocr_line' id='line_1_6' title="bbox 81 818 1465 903; baseline 0.003 -20"><span class='ocrx_word' id='word_1_39' title='bbox 81 828 127 883; x_wconf 82' lang='grc'>139</span> <span class='ocrx_word' id='word_1_40' title='bbox 225 819 278 884; x_wconf 83' lang='lat' dir='ltr'>An</span> <span class='ocrx_word' id='word_1_41' title='bbox 302 839 495 896; x_wconf 77' lang='lat' dir='ltr'>quaesrruu</span> <span class='ocrx_word' id='word_1_42' title='bbox 519 822 557 883; x_wconf 69' lang='lat'>2²²</span> <span class='ocrx_word' id='word_1_43' title='bbox 580 819 619 886; x_wconf 88' lang='lat' dir='ltr'>R.</span> <span class='ocrx_word' id='word_1_44' title='bbox 646 822 674 887; x_wconf 90' lang='lat'>1.</span> <span class='ocrx_word' id='word_1_45' title='bbox 724 818 894 885; x_wconf 88' lang='lat' dir='ltr'>Obiective</span> <span class='ocrx_word' id='word_1_46' title='bbox 924 824 1096 903; x_wconf 89' lang='lat' dir='ltr'>peccatum</span> <span class='ocrx_word' id='word_1_47' title='bbox 1120 839 1225 903; x_wconf 85' lang='lat' dir='ltr'>grave</span> <span class='ocrx_word' id='word_1_48' title='bbox 1254 819 1371 886; x_wconf 86' lang='lat' dir='ltr'>adesse</span> <span class='ocrx_word' id='word_1_49' title='bbox 1394 841 1465 887; x_wconf 88' lang='lat' dir='ltr'>cer·</span> 
     </span>
     <span class='ocr_line' id='line_1_7' title="bbox 135 907 1467 993; baseline 0.002 -19"><span class='ocrx_word' id='word_1_50' title='bbox 135 907 297 974; x_wconf 81' lang='lat' dir='ltr'>tissimum</span> <span class='ocrx_word' id='word_1_51' title='bbox 316 911 378 986; x_wconf 88' lang='lat' dir='ltr'>est,</span> <span class='ocrx_word' id='word_1_52' title='bbox 403 928 476 973; x_wconf 87' lang='lat' dir='ltr'>curn</span> <span class='ocrx_word' id='word_1_53' title='bbox 500 907 545 975; x_wconf 91' lang='lat' dir='ltr'>sit</span> <span class='ocrx_word' id='word_1_54' title='bbox 567 907 770 974; x_wconf 89' lang='lat' dir='ltr'>mendacium</span> <span class='ocrx_word' id='word_1_55' title='bbox 793 928 898 991; x_wconf 83' lang='lat' dir='ltr'>grave</span> <span class='ocrx_word' id='word_1_56' title='bbox 921 907 1128 992; x_wconf 81' lang='lat' dir='ltr'>sacrilegum,</span> <span class='ocrx_word' id='word_1_57' title='bbox 1152 908 1269 992; x_wconf 89' lang='lat' dir='ltr'>siquis</span> <span class='ocrx_word' id='word_1_58' title='bbox 1290 913 1467 993; x_wconf 88' lang='lat' dir='ltr'>peccatum</span> 
     </span>
     <span class='ocr_line' id='line_1_8' title="bbox 136 996 1467 1079; baseline 0.003 -17"><span class='ocrx_word' id='word_1_59' title='bbox 136 997 266 1079; x_wconf 80' lang='lat' dir='ltr'>aliquod</span> <span class='ocrx_word' id='word_1_60' title='bbox 283 997 432 1075; x_wconf 82' lang='lat' dir='ltr'>mortale,</span> <span class='ocrx_word' id='word_1_61' title='bbox 455 997 545 1063; x_wconf 90' lang='lat' dir='ltr'>cuius</span> <span class='ocrx_word' id='word_1_62' title='bbox 562 996 760 1063; x_wconf 87' lang='lat' dir='ltr'>conscientia</span> <span class='ocrx_word' id='word_1_63' title='bbox 777 997 881 1075; x_wconf 88' lang='lat' dir='ltr'>adest,</span> <span class='ocrx_word' id='word_1_64' title='bbox 906 996 976 1062; x_wconf 91' lang='lat' dir='ltr'>sine</span> <span class='ocrx_word' id='word_1_65' title='bbox 991 997 1080 1064; x_wconf 86' lang='lat' dir='ltr'>iusta</span> <span class='ocrx_word' id='word_1_66' title='bbox 1095 1018 1194 1063; x_wconf 87' lang='lat' dir='ltr'>causa</span> <span class='ocrx_word' id='word_1_67' title='bbox 1209 999 1242 1064; x_wconf 95' lang='lat' dir='ltr'>in</span> <span class='ocrx_word' id='word_1_68' title='bbox 1259 998 1467 1066; x_wconf 90' lang='lat' dir='ltr'>confessione</span> 
     </span>
     <span class='ocr_line' id='line_1_9' title="bbox 135 1085 1217 1170; baseline 0.004 -20"><span class='ocrx_word' id='word_1_69' title='bbox 135 1085 290 1164; x_wconf 80' lang='lat' dir='ltr'>reticeat3</span> <span class='ocrx_word' id='word_1_70' title='bbox 314 1106 419 1168; x_wconf 88' lang='lat' dir='ltr'>neque</span> <span class='ocrx_word' id='word_1_71' title='bbox 442 1085 564 1152; x_wconf 85' lang='lat' dir='ltr'>iustam</span> <span class='ocrx_word' id='word_1_72' title='bbox 588 1107 721 1152; x_wconf 87' lang='lat' dir='ltr'>causam</span> <span class='ocrx_word' id='word_1_73' title='bbox 743 1085 889 1151; x_wconf 86' lang='lat' dir='ltr'>adfuisse</span> <span class='ocrx_word' id='word_1_74' title='bbox 912 1085 1092 1152; x_wconf 83' lang='lat' dir='ltr'>clarissime</span> <span class='ocrx_word' id='word_1_75' title='bbox 1115 1091 1217 1170; x_wconf 85' lang='lat' dir='ltr'>patet.</span> 
     </span>
    </p>
   </div>
   <div class='ocr_carea' id='block_1_4' title="bbox 136 1190 1468 1810">
    <p class='ocr_par' dir='ltr' id='par_1_4' title="bbox 136 1190 1468 1810">
     <span class='ocr_line' id='line_1_10' title="bbox 224 1190 1468 1273; baseline 0.003 -18"><span class='ocrx_word' id='word_1_76' title='bbox 224 1190 264 1257; x_wconf 89' lang='lat' dir='ltr'>R.</span> <span class='ocrx_word' id='word_1_77' title='bbox 282 1192 312 1257; x_wconf 81' lang='lat'>2.</span> <span class='ocrx_word' id='word_1_78' title='bbox 352 1191 538 1257; x_wconf 86' lang='lat' dir='ltr'>Subiective</span> <span class='ocrx_word' id='word_1_79' title='bbox 553 1212 590 1256; x_wconf 91' lang='lat' dir='ltr'>re</span> <span class='ocrx_word' id='word_1_80' title='bbox 607 1191 823 1268; x_wconf 87' lang='lat' dir='ltr'>considerata,</span> <span class='ocrx_word' id='word_1_81' title='bbox 848 1210 1002 1273; x_wconf 84' lang='lat' dir='ltr'>peccasse</span> <span class='ocrx_word' id='word_1_82' title='bbox 1017 1191 1148 1257; x_wconf 85' lang='lat' dir='ltr'>Annam</span> <span class='ocrx_word' id='word_1_83' title='bbox 1171 1212 1257 1257; x_wconf 92' lang='lat' dir='ltr'>nunc</span> <span class='ocrx_word' id='word_1_84' title='bbox 1278 1193 1468 1260; x_wconf 81' lang='lat' dir='ltr'>mortaliter</span> 
     </span>
     <span class='ocr_line' id='line_1_11' title="bbox 136 1280 1468 1367; baseline 0.005 -23"><span class='ocrx_word' id='word_1_85' title='bbox 136 1300 201 1345; x_wconf 92' lang='lat' dir='ltr'>non</span> <span class='ocrx_word' id='word_1_86' title='bbox 224 1280 321 1362; x_wconf 91' lang='lat' dir='ltr'>plane</span> <span class='ocrx_word' id='word_1_87' title='bbox 345 1283 470 1346; x_wconf 84' lang='lat' dir='ltr'>certum</span> <span class='ocrx_word' id='word_1_88' title='bbox 494 1285 554 1349; x_wconf 88' lang='lat' dir='ltr'>est.</span> <span class='ocrx_word' id='word_1_89' title='bbox 601 1280 635 1346; x_wconf 86' lang='lat' dir='ltr'>Si</span> <span class='ocrx_word' id='word_1_90' title='bbox 665 1280 769 1345; x_wconf 90' lang='lat' dir='ltr'>solum</span> <span class='ocrx_word' id='word_1_91' title='bbox 800 1300 842 1344; x_wconf 86' lang='lat' dir='ltr'>ex</span> <span class='ocrx_word' id='word_1_92' title='bbox 869 1280 1117 1363; x_wconf 87' lang='lat' dir='ltr'>perturbatione</span> <span class='ocrx_word' id='word_1_93' title='bbox 1147 1284 1182 1346; x_wconf 94' lang='lat' dir='ltr'>et</span> <span class='ocrx_word' id='word_1_94' title='bbox 1211 1282 1468 1367; x_wconf 85' lang='lat' dir='ltr'>praecipitantia</span> 
     </span>
     <span class='ocr_line' id='line_1_12' title="bbox 137 1367 1467 1452; baseline 0.003 -18"><span class='ocrx_word' id='word_1_95' title='bbox 137 1368 257 1435; x_wconf 86' lang='lat' dir='ltr'>dixerit</span> <span class='ocrx_word' id='word_1_96' title='bbox 273 1368 353 1434; x_wconf 94' lang='lat' dir='ltr'>nihil</span> <span class='ocrx_word' id='word_1_97' title='bbox 369 1369 430 1433; x_wconf 92' lang='lat' dir='ltr'>sibi</span> <span class='ocrx_word' id='word_1_98' title='bbox 446 1373 574 1435; x_wconf 89' lang='lat' dir='ltr'>restare</span> <span class='ocrx_word' id='word_1_99' title='bbox 590 1369 757 1452; x_wconf 86' lang='lat' dir='ltr'>singulare</span> <span class='ocrx_word' id='word_1_100' title='bbox 773 1367 953 1447; x_wconf 90' lang='lat' dir='ltr'>dicendum,</span> <span class='ocrx_word' id='word_1_101' title='bbox 976 1369 1181 1452; x_wconf 90' lang='lat' dir='ltr'>volueritque</span> <span class='ocrx_word' id='word_1_102' title='bbox 1196 1370 1309 1438; x_wconf 83' lang='lat' dir='ltr'>statim</span> <span class='ocrx_word' id='word_1_103' title='bbox 1325 1371 1467 1438; x_wconf 88' lang='lat' dir='ltr'>addere:</span> 
     </span>
     <span class='ocr_line' id='line_1_13' title="bbox 139 1456 1468 1545; baseline 0.003 -22"><span class='ocrx_word' id='word_1_104' title='bbox 139 1461 225 1540; x_wconf 78' lang='lat' dir='ltr'>,nisi</span> <span class='ocrx_word' id='word_1_105' title='bbox 248 1466 365 1523; x_wconf 80' lang='lat' dir='ltr'>certum</span> <span class='ocrx_word' id='word_1_106' title='bbox 388 1459 636 1544; x_wconf 67' lang='lat' dir='ltr'>imprecatum,</span> <span class='ocrx_word' id='word_1_107' title='bbox 660 1460 744 1545; x_wconf 84' lang='lat' dir='ltr'>quod</span> <span class='ocrx_word' id='word_1_108' title='bbox 763 1456 912 1542; x_wconf 73' lang='lat' dir='ltr'>proferre</span> <span class='ocrx_word' id='word_1_109' title='bbox 937 1457 1126 1539; x_wconf 80' lang='lat' dir='ltr'>vereretur“,</span> <span class='ocrx_word' id='word_1_110' title='bbox 1150 1463 1250 1542; x_wconf 89' lang='lat' dir='ltr'>atque</span> <span class='ocrx_word' id='word_1_111' title='bbox 1273 1461 1315 1525; x_wconf 90' lang='lat' dir='ltr'>ab</span> <span class='ocrx_word' id='word_1_112' title='bbox 1335 1460 1468 1528; x_wconf 90' lang='lat' dir='ltr'>actione</span> 
     </span>
     <span class='ocr_line' id='line_1_14' title="bbox 136 1545 1467 1635; baseline 0.004 -24"><span class='ocrx_word' id='word_1_113' title='bbox 136 1546 318 1612; x_wconf 86' lang='lat' dir='ltr'>sacerdotis</span> <span class='ocrx_word' id='word_1_114' title='bbox 341 1545 415 1611; x_wconf 94' lang='lat' dir='ltr'>ilico</span> <span class='ocrx_word' id='word_1_115' title='bbox 439 1547 633 1613; x_wconf 89' lang='lat' dir='ltr'>succedente</span> <span class='ocrx_word' id='word_1_116' title='bbox 656 1547 814 1630; x_wconf 86' lang='lat' dir='ltr'>impedita</span> <span class='ocrx_word' id='word_1_117' title='bbox 837 1546 953 1626; x_wconf 86' lang='lat' dir='ltr'>fuerit,</span> <span class='ocrx_word' id='word_1_118' title='bbox 985 1548 1155 1629; x_wconf 89' lang='lat' dir='ltr'>quominus</span> <span class='ocrx_word' id='word_1_119' title='bbox 1189 1548 1221 1613; x_wconf 89' lang='lat' dir='ltr'>id</span> <span class='ocrx_word' id='word_1_120' title='bbox 1249 1547 1283 1613; x_wconf 92' lang='lat' dir='ltr'>in</span> <span class='ocrx_word' id='word_1_121' title='bbox 1306 1570 1368 1616; x_wconf 89' lang='lat' dir='ltr'>sua</span> <span class='ocrx_word' id='word_1_122' title='bbox 1390 1571 1467 1635; x_wconf 90' lang='lat' dir='ltr'>per·</span> 
     </span>
     <span class='ocr_line' id='line_1_15' title="bbox 137 1635 1468 1721; baseline 0.005 -21"><span class='ocrx_word' id='word_1_123' title='bbox 137 1635 298 1720; x_wconf 86' lang='lat' dir='ltr'>plexitate</span> <span class='ocrx_word' id='word_1_124' title='bbox 321 1639 390 1701; x_wconf 91' lang='lat' dir='ltr'>tam</span> <span class='ocrx_word' id='word_1_125' title='bbox 414 1636 480 1703; x_wconf 93' lang='lat' dir='ltr'>cito</span> <span class='ocrx_word' id='word_1_126' title='bbox 504 1636 646 1707; x_wconf 78' lang='lat' dir='ltr'>faceret:</span> <span class='ocrx_word' id='word_1_127' title='bbox 673 1656 789 1701; x_wconf 85' lang='lat' dir='ltr'>censeo</span> <span class='ocrx_word' id='word_1_128' title='bbox 813 1636 943 1701; x_wconf 85' lang='lat' dir='ltr'>Annam</span> <span class='ocrx_word' id='word_1_129' title='bbox 967 1657 987 1701; x_wconf 90' lang='lat' dir='ltr'>a</span> <span class='ocrx_word' id='word_1_130' title='bbox 1011 1636 1107 1718; x_wconf 84' lang='lat' dir='ltr'>gravi</span> <span class='ocrx_word' id='word_1_131' title='bbox 1129 1642 1265 1721; x_wconf 88' lang='lat' dir='ltr'>peccato</span> <span class='ocrx_word' id='word_1_132' title='bbox 1288 1638 1468 1705; x_wconf 90' lang='lat' dir='ltr'>immunem</span> 
     </span>
     <span class='ocr_line' id='line_1_16' title="bbox 137 1724 1420 1810; baseline 0.003 -20"><span class='ocrx_word' id='word_1_133' title='bbox 137 1725 297 1790; x_wconf 86' lang='lat' dir='ltr'>mansisse</span> <span class='ocrx_word' id='word_1_134' title='bbox 320 1729 455 1808; x_wconf 90' lang='lat' dir='ltr'>propter</span> <span class='ocrx_word' id='word_1_135' title='bbox 478 1724 640 1792; x_wconf 87' lang='lat' dir='ltr'>defectum</span> <span class='ocrx_word' id='word_1_136' title='bbox 663 1725 781 1809; x_wconf 90' lang='lat' dir='ltr'>plenae</span> <span class='ocrx_word' id='word_1_137' title='bbox 805 1725 1034 1792; x_wconf 87' lang='lat' dir='ltr'>advertentiae</span> <span class='ocrx_word' id='word_1_138' title='bbox 1056 1726 1209 1810; x_wconf 90' lang='lat' dir='ltr'>plenique</span> <span class='ocrx_word' id='word_1_139' title='bbox 1232 1747 1420 1795; x_wconf 84' lang='lat' dir='ltr'>consensus.</span> 
     </span>
    </p>
   </div>
   <div class='ocr_carea' id='block_1_5' title="bbox 136 1821 1470 2530">
    <p class='ocr_par' dir='ltr' id='par_1_5' title="bbox 136 1821 1470 2530">
     <span class='ocr_line' id='line_1_17' title="bbox 227 1821 1466 1905; baseline 0.002 -17"><span class='ocrx_word' id='word_1_140' title='bbox 227 1822 260 1888; x_wconf 82' lang='lat' dir='ltr'>si</span> <span class='ocrx_word' id='word_1_141' title='bbox 284 1842 362 1887; x_wconf 90' lang='lat' dir='ltr'>vero</span> <span class='ocrx_word' id='word_1_142' title='bbox 378 1821 484 1900; x_wconf 82' lang='lat' dir='ltr'>Anna,</span> <span class='ocrx_word' id='word_1_143' title='bbox 509 1843 581 1887; x_wconf 91' lang='lat' dir='ltr'>cum</span> <span class='ocrx_word' id='word_1_144' title='bbox 607 1822 730 1888; x_wconf 90' lang='lat' dir='ltr'>diceret</span> <span class='ocrx_word' id='word_1_145' title='bbox 754 1822 832 1887; x_wconf 91' lang='lat' dir='ltr'>nihil</span> <span class='ocrx_word' id='word_1_146' title='bbox 856 1822 1023 1905; x_wconf 86' lang='lat' dir='ltr'>singulare</span> <span class='ocrx_word' id='word_1_147' title='bbox 1046 1823 1108 1889; x_wconf 90' lang='lat' dir='ltr'>sibi</span> <span class='ocrx_word' id='word_1_148' title='bbox 1131 1823 1302 1890; x_wconf 90' lang='lat' dir='ltr'>dicendum</span> <span class='ocrx_word' id='word_1_149' title='bbox 1326 1829 1466 1904; x_wconf 87' lang='lat' dir='ltr'>restare,</span> 
     </span>
     <span class='ocr_line' id='line_1_18' title="bbox 139 1910 1468 1999; baseline 0.003 -23"><span class='ocrx_word' id='word_1_150' title='bbox 139 1910 288 1978; x_wconf 88' lang='lat' dir='ltr'>absolute</span> <span class='ocrx_word' id='word_1_151' title='bbox 312 1911 505 1979; x_wconf 88' lang='lat' dir='ltr'>decreverat</span> <span class='ocrx_word' id='word_1_152' title='bbox 490 1916 699 1995; x_wconf 88' lang='lat' dir='ltr'>tpeccatum</span> <span class='ocrx_word' id='word_1_153' title='bbox 722 1911 802 1977; x_wconf 93' lang='lat' dir='ltr'>illud</span> <span class='ocrx_word' id='word_1_154' title='bbox 826 1913 1017 1995; x_wconf 89' lang='lat' dir='ltr'>probrosum</span> <span class='ocrx_word' id='word_1_155' title='bbox 1041 1912 1149 1979; x_wconf 88' lang='lat' dir='ltr'>silent</span> <span class='ocrx_word' id='word_1_156' title='bbox 1125 1918 1172 1979; x_wconf 86' lang='lat' dir='ltr'>tro</span> <span class='ocrx_word' id='word_1_157' title='bbox 1196 1935 1363 1997; x_wconf 87' lang='lat' dir='ltr'>premere,</span> <span class='ocrx_word' id='word_1_158' title='bbox 1391 1935 1468 1999; x_wconf 90' lang='lat' dir='ltr'>pec·</span> 
     </span>
     <span class='ocr_line' id='line_1_19' title="bbox 138 2000 1468 2085; baseline 0.005 -21"><span class='ocrx_word' id='word_1_159' title='bbox 138 2004 248 2066; x_wconf 90' lang='lat' dir='ltr'>catum</span> <span class='ocrx_word' id='word_1_160' title='bbox 278 2002 419 2067; x_wconf 92' lang='lat' dir='ltr'>mortale</span> <span class='ocrx_word' id='word_1_161' title='bbox 445 2000 607 2084; x_wconf 86' lang='lat' dir='ltr'>sacrilegii</span> <span class='ocrx_word' id='word_1_162' title='bbox 632 2000 810 2079; x_wconf 87' lang='lat' dir='ltr'>commisit,</span> <span class='ocrx_word' id='word_1_163' title='bbox 841 2001 905 2067; x_wconf 91' lang='lat' dir='ltr'>etsi</span> <span class='ocrx_word' id='word_1_164' title='bbox 934 2001 1048 2067; x_wconf 89' lang='lat' dir='ltr'>statim</span> <span class='ocrx_word' id='word_1_165' title='bbox 1078 2005 1154 2085; x_wconf 89' lang='lat' dir='ltr'>post</span> <span class='ocrx_word' id='word_1_166' title='bbox 1177 2002 1304 2068; x_wconf 90' lang='lat' dir='ltr'>finitam</span> <span class='ocrx_word' id='word_1_167' title='bbox 1334 2004 1468 2071; x_wconf 89' lang='lat' dir='ltr'>absolu-</span> 
     </span>
     <span class='ocr_line' id='line_1_20' title="bbox 136 2075 1467 2175; baseline 0.004 -20"><span class='ocrx_word' id='word_1_168' title='bbox 136 2089 259 2155; x_wconf 90' lang='lat' dir='ltr'>tionem</span> <span class='ocrx_word' id='word_1_169' title='bbox 290 2093 432 2155; x_wconf 89' lang='lat' dir='ltr'>animum</span> <span class='ocrx_word' id='word_1_170' title='bbox 463 2112 517 2156; x_wconf 93' lang='lat' dir='ltr'>mu</span> <span class='ocrx_word' id='word_1_171' title='bbox 519 2089 651 2156; x_wconf 88' lang='lat' dir='ltr'>taverit.</span> <span class='ocrx_word' id='word_1_172' title='bbox 699 2090 736 2154; x_wconf 91' lang='lat' dir='ltr'>In</span> <span class='ocrx_word' id='word_1_173' title='bbox 760 2090 855 2173; x_wconf 86' lang='lat' dir='ltr'>praxi</span> <span class='ocrx_word' id='word_1_174' title='bbox 879 2091 919 2155; x_wconf 91' lang='lat' dir='ltr'>de</span> <span class='ocrx_word' id='word_1_175' title='bbox 946 2094 1082 2175; x_wconf 90' lang='lat' dir='ltr'>peccato</span> <span class='ocrx_word' id='word_1_176' title='bbox 1105 2090 1270 2174; x_wconf 81' lang='lat' dir='ltr'>sacrilegii</span> <span class='ocrx_word' id='word_1_177' title='bbox 1293 2075 1467 2160; x_wconf 88' lang='lat' dir='ltr'>commisso</span> 
     </span>
     <span class='ocr_line' id='line_1_21' title="bbox 136 2177 1470 2263; baseline 0.005 -21"><span class='ocrx_word' id='word_1_178' title='bbox 136 2177 171 2243; x_wconf 95' lang='lat' dir='ltr'>in</span> <span class='ocrx_word' id='word_1_179' title='bbox 186 2178 246 2244; x_wconf 90' lang='lat' dir='ltr'>tali</span> <span class='ocrx_word' id='word_1_180' title='bbox 265 2199 343 2244; x_wconf 92' lang='lat' dir='ltr'>casu</span> <span class='ocrx_word' id='word_1_181' title='bbox 367 2199 465 2262; x_wconf 90' lang='lat' dir='ltr'>saepe</span> <span class='ocrx_word' id='word_1_182' title='bbox 488 2178 597 2246; x_wconf 90' lang='lat' dir='ltr'>timeri</span> <span class='ocrx_word' id='word_1_183' title='bbox 620 2180 686 2245; x_wconf 86' lang='lat' dir='ltr'>salt</span> <span class='ocrx_word' id='word_1_184' title='bbox 671 2184 738 2245; x_wconf 89' lang='lat' dir='ltr'>tem</span> <span class='ocrx_word' id='word_1_185' title='bbox 755 2178 869 2255; x_wconf 89' lang='lat' dir='ltr'>debet;</span> <span class='ocrx_word' id='word_1_186' title='bbox 837 2184 932 2246; x_wconf 76' lang='lat' dir='ltr'>tac</span> <span class='ocrx_word' id='word_1_187' title='bbox 956 2201 1037 2263; x_wconf 90' lang='lat' dir='ltr'>prop</span> <span class='ocrx_word' id='word_1_188' title='bbox 1039 2185 1132 2246; x_wconf 86' lang='lat' dir='ltr'>terea</span> <span class='ocrx_word' id='word_1_189' title='bbox 1155 2200 1196 2245; x_wconf 92' lang='lat' dir='ltr'>ne</span> <span class='ocrx_word' id='word_1_190' title='bbox 1212 2180 1309 2247; x_wconf 93' lang='lat' dir='ltr'>dubia</span> <span class='ocrx_word' id='word_1_191' title='bbox 1333 2186 1470 2249; x_wconf 89' lang='lat' dir='ltr'>maneat</span> 
     </span>
     <span class='ocr_line' id='line_1_22' title="bbox 137 2267 1467 2372; baseline 0.005 -41"><span class='ocrx_word' id='word_1_192' title='bbox 137 2267 338 2350; x_wconf 86' lang='lat' dir='ltr'>subsequens</span> <span class='ocrx_word' id='word_1_193' title='bbox 354 2268 526 2346; x_wconf 74' lang='lat' dir='ltr'>absolutio</span> <span class='ocrx_word' id='word_1_194' title='bbox 550 2290 570 2333; x_wconf 92' lang='lat' dir='ltr'>a</span> <span class='ocrx_word' id='word_1_195' title='bbox 585 2268 774 2352; x_wconf 91' lang='lat' dir='ltr'>paenitente</span> <span class='ocrx_word' id='word_1_196' title='bbox 790 2289 894 2333; x_wconf 89' lang='lat' dir='ltr'>novus</span> <span class='ocrx_word' id='word_1_197' title='bbox 911 2269 1004 2334; x_wconf 88' lang='lat' dir='ltr'>dolor</span> <span class='ocrx_word' id='word_1_198' title='bbox 1019 2268 1059 2334; x_wconf 90' lang='lat' dir='ltr'>de</span> <span class='ocrx_word' id='word_1_199' title='bbox 1075 2269 1220 2353; x_wconf 88' lang='lat' dir='ltr'>peccatis</span> <span class='ocrx_word' id='word_1_200' title='bbox 1235 2270 1467 2372; x_wconf 82' lang='lat' dir='ltr'>concipiendus</span> 
     </span>
     <span class='ocr_line' id='line_1_23' title="bbox 138 2357 1468 2446; baseline 0.005 -25"><span class='ocrx_word' id='word_1_201' title='bbox 138 2360 190 2422; x_wconf 88' lang='lat' dir='ltr'>est</span> <span class='ocrx_word' id='word_1_202' title='bbox 212 2377 397 2439; x_wconf 91' lang='lat' dir='ltr'>novumque</span> <span class='ocrx_word' id='word_1_203' title='bbox 419 2357 621 2441; x_wconf 89' lang='lat' dir='ltr'>propositum</span> <span class='ocrx_word' id='word_1_204' title='bbox 645 2378 710 2422; x_wconf 91' lang='grc' dir='ltr'>ιιοιι</span> <span class='ocrx_word' id='word_1_205' title='bbox 733 2357 889 2441; x_wconf 89' lang='lat' dir='ltr'>peccandi</span> <span class='ocrx_word' id='word_1_206' title='bbox 912 2357 952 2423; x_wconf 92' lang='lat' dir='ltr'>de</span> <span class='ocrx_word' id='word_1_207' title='bbox 976 2362 1096 2436; x_wconf 88' lang='lat' dir='ltr'>cetero,</span> <span class='ocrx_word' id='word_1_208' title='bbox 1120 2359 1278 2442; x_wconf 88' lang='lat' dir='ltr'>imprimis</span> <span class='ocrx_word' id='word_1_209' title='bbox 1301 2381 1367 2426; x_wconf 91' lang='lat' dir='ltr'>non</span> <span class='ocrx_word' id='word_1_210' title='bbox 1392 2381 1468 2446; x_wconf 89' lang='lat' dir='ltr'>pec·</span> 
     </span>
     <span class='ocr_line' id='line_1_24' title="bbox 139 2445 1239 2530; baseline 0.004 -20"><span class='ocrx_word' id='word_1_211' title='bbox 139 2445 233 2511; x_wconf 93' lang='lat' dir='ltr'>candi</span> <span class='ocrx_word' id='word_1_212' title='bbox 257 2467 411 2529; x_wconf 90' lang='lat' dir='ltr'>umquam</span> <span class='ocrx_word' id='word_1_213' title='bbox 435 2446 598 2529; x_wconf 83' lang='lat' dir='ltr'>sacrilega</span> <span class='ocrx_word' id='word_1_214' title='bbox 620 2446 779 2530; x_wconf 84' lang='lat' dir='ltr'>peccati</span> <span class='ocrx_word' id='word_1_215' title='bbox 771 2467 804 2511; x_wconf 89' lang='grc' dir='ltr'>ιιι</span> <span class='ocrx_word' id='word_1_216' title='bbox 828 2445 1032 2512; x_wconf 89' lang='lat' dir='ltr'>confessione</span> <span class='ocrx_word' id='word_1_217' title='bbox 1055 2446 1239 2514; x_wconf 87' lang='lat' dir='ltr'>reticentia.</span> 
     </span>
    </p>
   </div>
   <div class='ocr_carea' id='block_1_6' title="bbox 296 2689 1210 2757">
    <p class='ocr_par' dir='ltr' id='par_1_6' title="bbox 296 2689 1210 2757">
     <span class='ocr_line' id='line_1_25' title="bbox 296 2689 1210 2757; baseline 0.012 -11"><span class='ocrx_word' id='word_1_218' title='bbox 296 2742 299 2746; x_wconf 78' lang='grc'><strong><em>,</em></strong></span> <span class='ocrx_word' id='word_1_219' title='bbox 393 2689 613 2756; x_wconf 79' lang='lat' dir='ltr'><strong>SPEGIFIGA</strong></span> <span class='ocrx_word' id='word_1_220' title='bbox 636 2689 930 2756; x_wconf 83' lang='lat' dir='ltr'><strong>PECCATORUM</strong></span> <span class='ocrx_word' id='word_1_221' title='bbox 953 2690 1210 2757; x_wconf 84' lang='lat' dir='ltr'><strong>DISTINCTIO.</strong></span> 
     </span>
    </p>
   </div>
   <div class='ocr_carea' id='block_1_7' title="bbox 702 2813 899 2935">
    <p class='ocr_par' dir='ltr' id='par_1_7' title="bbox 702 2813 899 2935">
     <span class='ocr_line' id='line_1_26' title="bbox 702 2813 899 2935; baseline -0.02 -11"><span class='ocrx_word' id='word_1_222' title='bbox 702 2858 833 2926; x_wconf 77' lang='lat' dir='ltr'>Casus.</span> <span class='ocrx_word' id='word_1_223' title='bbox 819 2813 899 2935; x_wconf 66' lang='lat'>(39)</span> 
     </span>
    </p>
   </div>
   <div class='ocr_carea' id='block_1_8' title="bbox 138 2996 1467 3706">
    <p class='ocr_par' dir='ltr' id='par_1_8' title="bbox 138 2996 1467 3698">
     <span class='ocr_line' id='line_1_27' title="bbox 227 2996 1467 3078; baseline 0.007 -24"><span class='ocrx_word' id='word_1_224' title='bbox 227 2996 437 3055; x_wconf 86' lang='lat' dir='ltr'>Dunstanus</span> <span class='ocrx_word' id='word_1_225' title='bbox 429 3016 460 3055; x_wconf 91' lang='grc' dir='ltr'>ιιι</span> <span class='ocrx_word' id='word_1_226' title='bbox 489 2996 677 3056; x_wconf 86' lang='lat' dir='ltr'>confessione</span> <span class='ocrx_word' id='word_1_227' title='bbox 705 2997 747 3056; x_wconf 85' lang='lat' dir='ltr'>ita</span> <span class='ocrx_word' id='word_1_228' title='bbox 775 3018 807 3057; x_wconf 90' lang='lat' dir='ltr'>se</span> <span class='ocrx_word' id='word_1_229' title='bbox 833 3004 970 3058; x_wconf 88' lang='lat' dir='ltr'>accusat:</span> <span class='ocrx_word' id='word_1_230' title='bbox 1003 2998 1073 3070; x_wconf 86' lang='lat' dir='ltr'>,Bis</span> <span class='ocrx_word' id='word_1_231' title='bbox 1101 2998 1188 3058; x_wconf 90' lang='lat' dir='ltr'>omisi</span> <span class='ocrx_word' id='word_1_232' title='bbox 1213 2998 1356 3058; x_wconf 90' lang='lat' dir='ltr'>ieiunium</span> <span class='ocrx_word' id='word_1_233' title='bbox 1383 3021 1467 3078; x_wconf 89' lang='lat' dir='ltr'>prae·</span> 
     </span>
     <span class='ocr_line' id='line_1_28' title="bbox 139 3075 1467 3153; baseline 0.005 -18"><span class='ocrx_word' id='word_1_234' title='bbox 139 3075 293 3153; x_wconf 68' lang='lat' dir='ltr'>scriptum</span> <span class='ocrx_word' id='word_1_235' title='bbox 317 3076 470 3152; x_wconf 88' lang='lat' dir='ltr'>quinquies</span> <span class='ocrx_word' id='word_1_236' title='bbox 491 3096 592 3136; x_wconf 89' lang='lat' dir='ltr'>mense</span> <span class='ocrx_word' id='word_1_237' title='bbox 615 3077 736 3137; x_wconf 90' lang='lat' dir='ltr'>Octobri</span> <span class='ocrx_word' id='word_1_238' title='bbox 757 3079 842 3137; x_wconf 90' lang='lat' dir='ltr'>omisi</span> <span class='ocrx_word' id='word_1_239' title='bbox 864 3079 1007 3138; x_wconf 90' lang='lat' dir='ltr'>rosarium</span> <span class='ocrx_word' id='word_1_240' title='bbox 1029 3079 1228 3150; x_wconf 67' lang='lat' dir='ltr'>recitandum</span> <span class='ocrx_word' id='word_1_241' title='bbox 1251 3081 1342 3139; x_wconf 89' lang='lat' dir='ltr'>semel</span> <span class='ocrx_word' id='word_1_242' title='bbox 1365 3082 1467 3142; x_wconf 89' lang='lat' dir='ltr'>decem</span> 
     </span>
     <span class='ocr_line' id='line_1_29' title="bbox 139 3157 1467 3223; baseline 0.006 -8"><span class='ocrx_word' id='word_1_243' title='bbox 139 3176 255 3216; x_wconf 88' lang='lat' dir='ltr'>marcas</span> <span class='ocrx_word' id='word_1_244' title='bbox 276 3157 393 3216; x_wconf 87' lang='lat' dir='ltr'>furatus</span> <span class='ocrx_word' id='word_1_245' title='bbox 414 3159 505 3217; x_wconf 82' lang='lat' dir='ltr'>sum.“</span> <span class='ocrx_word' id='word_1_246' title='bbox 548 3158 609 3215; x_wconf 89' lang='lat' dir='ltr'>Res</span> <span class='ocrx_word' id='word_1_247' title='bbox 630 3157 766 3217; x_wconf 91' lang='lat' dir='ltr'>nimirum</span> <span class='ocrx_word' id='word_1_248' title='bbox 786 3159 830 3217; x_wconf 91' lang='lat' dir='ltr'>ita</span> <span class='ocrx_word' id='word_1_249' title='bbox 851 3179 884 3218; x_wconf 89' lang='lat' dir='ltr'>se</span> <span class='ocrx_word' id='word_1_250' title='bbox 905 3159 1022 3218; x_wconf 87' lang='lat' dir='ltr'>habuit:</span> <span class='ocrx_word' id='word_1_251' title='bbox 1047 3159 1112 3219; x_wconf 84' lang='lat' dir='ltr'>Fer.</span> <span class='ocrx_word' id='word_1_252' title='bbox 1136 3160 1230 3218; x_wconf 92' lang='lat' dir='ltr'>VIet</span> <span class='ocrx_word' id='word_1_253' title='bbox 1217 3162 1376 3220; x_wconf 88' lang='lat' dir='ltr'>tsabbato</span> <span class='ocrx_word' id='word_1_254' title='bbox 1399 3182 1467 3223; x_wconf 89' lang='lat' dir='ltr'>con·</span> 
     </span>
     <span class='ocr_line' id='line_1_30' title="bbox 138 3237 1466 3316; baseline 0.006 -21"><span class='ocrx_word' id='word_1_255' title='bbox 138 3238 283 3297; x_wconf 81' lang='lat' dir='ltr'>fossarius</span> <span class='ocrx_word' id='word_1_256' title='bbox 304 3238 486 3314; x_wconf 87' lang='lat' dir='ltr'>imposuerat</span> <span class='ocrx_word' id='word_1_257' title='bbox 473 3237 599 3296; x_wconf 87' lang='lat' dir='ltr'>ttDuns</span> <span class='ocrx_word' id='word_1_258' title='bbox 586 3243 657 3297; x_wconf 89' lang='lat' dir='ltr'>tano</span> <span class='ocrx_word' id='word_1_259' title='bbox 671 3238 811 3298; x_wconf 89' lang='lat' dir='ltr'>ieiunium</span> <span class='ocrx_word' id='word_1_260' title='bbox 833 3259 886 3315; x_wconf 89' lang='lat' dir='ltr'>pro</span> <span class='ocrx_word' id='word_1_261' title='bbox 901 3239 1002 3316; x_wconf 89' lang='lat' dir='ltr'>paenit</span> <span class='ocrx_word' id='word_1_262' title='bbox 989 3239 1084 3298; x_wconf 90' lang='lat' dir='ltr'>tentia</span> <span class='ocrx_word' id='word_1_263' title='bbox 1098 3240 1317 3313; x_wconf 87' lang='lat' dir='ltr'>sacramentali,</span> <span class='ocrx_word' id='word_1_264' title='bbox 1339 3243 1466 3303; x_wconf 84' lang='lat' dir='ltr'>sabbato</span> 
     </span>
     <span class='ocr_line' id='line_1_31' title="bbox 138 3317 1465 3394; baseline 0.006 -19"><span class='ocrx_word' id='word_1_265' title='bbox 138 3317 189 3376; x_wconf 94' lang='lat' dir='ltr'>illo</span> <span class='ocrx_word' id='word_1_266' title='bbox 219 3323 271 3376; x_wconf 89' lang='lat' dir='ltr'>aut</span> <span class='ocrx_word' id='word_1_267' title='bbox 272 3337 317 3376; x_wconf 90' lang='lat' dir='ltr'>ern</span> <span class='ocrx_word' id='word_1_268' title='bbox 348 3323 413 3376; x_wconf 87' lang='lat' dir='ltr'>erat</span> <span class='ocrx_word' id='word_1_269' title='bbox 400 3317 529 3376; x_wconf 88' lang='lat' dir='ltr'>tsimul</span> <span class='ocrx_word' id='word_1_270' title='bbox 556 3317 715 3391; x_wconf 79' lang='lat' dir='ltr'>vigiliae</span> <span class='ocrx_word' id='word_1_271' title='bbox 707 3319 862 3389; x_wconf 87' lang='lat' dir='ltr'>reiunium,</span> <span class='ocrx_word' id='word_1_272' title='bbox 894 3320 969 3394; x_wconf 94' lang='lat' dir='ltr'>quod</span> <span class='ocrx_word' id='word_1_273' title='bbox 997 3319 1086 3378; x_wconf 87' lang='lat' dir='ltr'>etiam</span> <span class='ocrx_word' id='word_1_274' title='bbox 1114 3319 1144 3378; x_wconf 84' lang='lat' dir='ltr'>vi</span> <span class='ocrx_word' id='word_1_275' title='bbox 1172 3320 1273 3378; x_wconf 78' lang='grc' dir='ltr'>ιιοιι</span> <span class='ocrx_word' id='word_1_276' title='bbox 1264 3340 1296 3378; x_wconf 90' lang='lat'>111</span> <span class='ocrx_word' id='word_1_277' title='bbox 1323 3321 1465 3383; x_wconf 86' lang='lat' dir='ltr'>honorem</span> 
     </span>
     <span class='ocr_line' id='line_1_32' title="bbox 138 3397 1466 3477; baseline 0.006 -22"><span class='ocrx_word' id='word_1_278' title='bbox 138 3397 173 3455; x_wconf 92' lang='lat' dir='ltr'>B.</span> <span class='ocrx_word' id='word_1_279' title='bbox 194 3398 234 3456; x_wconf 87' lang='lat' dir='ltr'>M</span> <span class='ocrx_word' id='word_1_280' title='bbox 256 3398 291 3456; x_wconf 88' lang='lat' dir='ltr'>V.</span> <span class='ocrx_word' id='word_1_281' title='bbox 319 3417 351 3456; x_wconf 90' lang='lat' dir='ltr'>se</span> <span class='ocrx_word' id='word_1_282' title='bbox 380 3403 484 3474; x_wconf 89' lang='lat' dir='ltr'>perpet</span> <span class='ocrx_word' id='word_1_283' title='bbox 485 3417 522 3456; x_wconf 91' lang='lat' dir='ltr'>uo</span> <span class='ocrx_word' id='word_1_284' title='bbox 550 3404 652 3457; x_wconf 85' lang='lat' dir='ltr'>servat</span> <span class='ocrx_word' id='word_1_285' title='bbox 653 3418 737 3457; x_wconf 89' lang='lat' dir='ltr'>urum</span> <span class='ocrx_word' id='word_1_286' title='bbox 765 3400 939 3458; x_wconf 86' lang='lat' dir='ltr'>Duuatanue</span> <span class='ocrx_word' id='word_1_287' title='bbox 966 3400 1159 3477; x_wconf 87' lang='lat' dir='ltr'>promiserat,</span> <span class='ocrx_word' id='word_1_288' title='bbox 1189 3400 1335 3461; x_wconf 89' lang='lat' dir='ltr'>rosarium</span> <span class='ocrx_word' id='word_1_289' title='bbox 1363 3422 1466 3463; x_wconf 87' lang='lat' dir='ltr'>mense</span> 
     </span>
     <span class='ocr_line' id='line_1_33' title="bbox 140 3476 1467 3551; baseline 0.006 -16"><span class='ocrx_word' id='word_1_290' title='bbox 140 3476 262 3535; x_wconf 90' lang='lat' dir='ltr'>Octobri</span> <span class='ocrx_word' id='word_1_291' title='bbox 283 3477 410 3536; x_wconf 88' lang='lat' dir='ltr'>recitare</span> <span class='ocrx_word' id='word_1_292' title='bbox 431 3479 521 3537; x_wconf 90' lang='lat' dir='ltr'>etiam</span> <span class='ocrx_word' id='word_1_293' title='bbox 542 3479 773 3538; x_wconf 87' lang='lat' dir='ltr'>confessarius</span> <span class='ocrx_word' id='word_1_294' title='bbox 764 3485 908 3551; x_wconf 57' lang='lat' dir='ltr'>iusseram</span> <span class='ocrx_word' id='word_1_295' title='bbox 882 3480 1040 3539; x_wconf 80' lang='lat' dir='ltr'>t=furtum</span> <span class='ocrx_word' id='word_1_296' title='bbox 1061 3479 1141 3539; x_wconf 90' lang='lat' dir='ltr'>istud</span> <span class='ocrx_word' id='word_1_297' title='bbox 1158 3480 1332 3541; x_wconf 87' lang='lat' dir='ltr'>Dunstanua</span> <span class='ocrx_word' id='word_1_298' title='bbox 1352 3482 1467 3543; x_wconf 84' lang='lat' dir='ltr'>fecerat</span> 
     </span>
     <span class='ocr_line' id='line_1_34' title="bbox 139 3555 1466 3696; baseline 0.008 -82"><span class='ocrx_word' id='word_1_299' title='bbox 139 3555 321 3632; x_wconf 80' lang='lat' dir='ltr'>effringendo</span> <span class='ocrx_word' id='word_1_300' title='bbox 343 3577 464 3696; x_wconf 48' lang='grc' dir='ltr'>οιιῐιιειιιιι</span> <span class='ocrx_word' id='word_1_301' title='bbox 484 3558 514 3616; x_wconf 90' lang='lat' dir='ltr'>in</span> <span class='ocrx_word' id='word_1_302' title='bbox 536 3559 664 3617; x_wconf 90' lang='lat' dir='ltr'>ecclesia</span> <span class='ocrx_word' id='word_1_303' title='bbox 684 3578 718 3617; x_wconf 92' lang='lat' dir='ltr'>eo</span> <span class='ocrx_word' id='word_1_304' title='bbox 739 3559 810 3631; x_wconf 88' lang='lat' dir='ltr'>fine,</span> <span class='ocrx_word' id='word_1_305' title='bbox 834 3565 866 3620; x_wconf 89' lang='lat' dir='ltr'>ut</span> <span class='ocrx_word' id='word_1_306' title='bbox 887 3580 953 3619; x_wconf 85' lang='lat' dir='ltr'>sesa</span> <span class='ocrx_word' id='word_1_307' title='bbox 974 3560 1149 3619; x_wconf 88' lang='lat' dir='ltr'>inebriaret:</span> <span class='ocrx_word' id='word_1_308' title='bbox 1121 3561 1263 3637; x_wconf 91' lang='lat' dir='ltr'>tq,uod</span> <span class='ocrx_word' id='word_1_309' title='bbox 1285 3560 1396 3623; x_wconf 84' lang='lat' dir='ltr'>amissa</span> <span class='ocrx_word' id='word_1_310' title='bbox 1418 3583 1466 3641; x_wconf 88' lang='lat' dir='ltr'>pe·</span> 
     </span>
     <span class='ocr_line' id='line_1_35' title="bbox 140 3636 750 3706; baseline 0.005 -12"><span class='ocrx_word' id='word_1_311' title='bbox 140 3636 235 3706; x_wconf 91' lang='lat' dir='ltr'>cunia,</span> <span class='ocrx_word' id='word_1_312' title='bbox 259 3638 443 3696; x_wconf 86' lang='lat' dir='ltr'>exsecutioni</span> <span class='ocrx_word' id='word_1_313' title='bbox 465 3638 565 3697; x_wconf 88' lang='lat' dir='ltr'>datum</span> <span class='ocrx_word' id='word_1_314' title='bbox 586 3658 646 3697; x_wconf 89' lang='lat' dir='ltr'>non</span> <span class='ocrx_word' id='word_1_315' title='bbox 667 3644 750 3698; x_wconf 89' lang='lat' dir='ltr'>est.</span> 
     </span>
    </p>
   </div>
   <div class='ocr_carea' id='block_1_9' title="bbox 140 3741 1268 3918">
    <p class='ocr_par' dir='ltr' id='par_1_9' title="bbox 140 3741 1268 3918">
     <span class='ocr_line' id='line_1_36' title="bbox 140 3741 1268 3830; baseline 0.004 -19"><span class='ocrx_word' id='word_1_316' title='bbox 140 3753 316 3823; x_wconf 75' lang='lat' dir='ltr'>Qunnmrurr</span> <span class='ocrx_word' id='word_1_317' title='bbox 338 3755 367 3809; x_wconf 85' lang='lat'>1⁰</span> <span class='ocrx_word' id='word_1_318' title='bbox 392 3772 467 3828; x_wconf 87' lang='lat' dir='ltr'>quaa</span> <span class='ocrx_word' id='word_1_319' title='bbox 488 3753 529 3811; x_wconf 86' lang='lat' dir='ltr'>sit</span> <span class='ocrx_word' id='word_1_320' title='bbox 549 3741 652 3812; x_wconf 85' lang='lat' dir='ltr'>norma</span> <span class='ocrx_word' id='word_1_321' title='bbox 673 3753 830 3829; x_wconf 87' lang='lat' dir='ltr'>specificae</span> <span class='ocrx_word' id='word_1_322' title='bbox 851 3760 956 3830; x_wconf 90' lang='lat' dir='ltr'>peccat</span> <span class='ocrx_word' id='word_1_323' title='bbox 957 3774 1040 3814; x_wconf 89' lang='lat' dir='ltr'>orum</span> <span class='ocrx_word' id='word_1_324' title='bbox 1061 3754 1268 3815; x_wconf 88' lang='lat' dir='ltr'>distinctionis.</span> 
     </span>
     <span class='ocr_line' id='line_1_37' title="bbox 336 3842 1116 3918; baseline 0.006 -20"><span class='ocrx_word' id='word_1_325' title='bbox 336 3843 367 3898; x_wconf 80' lang='lat'>2⁰</span> <span class='ocrx_word' id='word_1_326' title='bbox 392 3861 461 3899; x_wconf 90' lang='lat' dir='ltr'>num</span> <span class='ocrx_word' id='word_1_327' title='bbox 483 3842 657 3901; x_wconf 86' lang='lat' dir='ltr'>Dunstanus</span> <span class='ocrx_word' id='word_1_328' title='bbox 678 3843 794 3918; x_wconf 87' lang='lat' dir='ltr'>species</span> <span class='ocrx_word' id='word_1_329' title='bbox 815 3844 889 3902; x_wconf 86' lang='lat' dir='ltr'>satis</span> <span class='ocrx_word' id='word_1_330' title='bbox 911 3843 1116 3904; x_wconf 88' lang='lat' dir='ltr'>declaraverit.</span> 
     </span>
    </p>
   </div>
   <div class='ocr_carea' id='block_1_10' title="bbox 735 4025 870 4093">
    <p class='ocr_par' dir='ltr' id='par_1_10' title="bbox 735 4025 870 4093">
     <span class='ocr_line' id='line_1_38' title="bbox 735 4025 870 4093; baseline -0.007 -1"><span class='ocrx_word' id='word_1_331' title='bbox 735 4025 870 4093; x_wconf 81' lang='lat' dir='ltr'>Salutio.</span> 
     </span>
    </p>
   </div>
   <div class='ocr_carea' id='block_1_11' title="bbox 81 4164 1466 4701">
    <p class='ocr_par' dir='ltr' id='par_1_11' title="bbox 81 4164 1466 4701">
     <span class='ocr_line' id='line_1_39' title="bbox 81 4164 1465 4253; baseline 0.007 -25"><span class='ocrx_word' id='word_1_332' title='bbox 81 4184 130 4239; x_wconf 85' lang='lat'>140</span> <span class='ocrx_word' id='word_1_333' title='bbox 228 4164 281 4229; x_wconf 84' lang='lat' dir='ltr'>Ao</span> <span class='ocrx_word' id='word_1_334' title='bbox 304 4171 565 4242; x_wconf 65' lang='grc' dir='ltr'>ριιιιιιειιιιιιΙιιι</span> <span class='ocrx_word' id='word_1_335' title='bbox 595 4167 634 4232; x_wconf 94' lang='lat' dir='ltr'><strong>R</strong></span> <span class='ocrx_word' id='word_1_336' title='bbox 681 4168 808 4250; x_wconf 89' lang='lat' dir='ltr'>Regula</span> <span class='ocrx_word' id='word_1_337' title='bbox 839 4169 903 4235; x_wconf 92' lang='lat' dir='ltr'>dist</span> <span class='ocrx_word' id='word_1_338' title='bbox 889 4168 1087 4253; x_wconf 89' lang='lat' dir='ltr'>tinguendae</span> <span class='ocrx_word' id='word_1_339' title='bbox 1118 4169 1220 4236; x_wconf 89' lang='lat' dir='ltr'>malit</span> <span class='ocrx_word' id='word_1_340' title='bbox 1196 4175 1263 4236; x_wconf 90' lang='lat' dir='ltr'>trae</span> <span class='ocrx_word' id='word_1_341' title='bbox 1292 4170 1465 4253; x_wconf 86' lang='lat' dir='ltr'>specificae</span> 
     </span>
     <span class='ocr_line' id='line_1_40' title="bbox 139 4256 1466 4344; baseline 0.005 -25"><span class='ocrx_word' id='word_1_342' title='bbox 139 4275 205 4320; x_wconf 90' lang='lat' dir='ltr'>una</span> <span class='ocrx_word' id='word_1_343' title='bbox 232 4260 283 4321; x_wconf 88' lang='lat' dir='ltr'>est</span> <span class='ocrx_word' id='word_1_344' title='bbox 312 4256 410 4321; x_wconf 91' lang='lat' dir='ltr'>haec:</span> <span class='ocrx_word' id='word_1_345' title='bbox 445 4256 638 4334; x_wconf 84' lang='lat' dir='ltr'>,Exsistt</span> <span class='ocrx_word' id='word_1_346' title='bbox 564 4261 638 4322; x_wconf 91' lang='lat' dir='ltr'>ttun</span> <span class='ocrx_word' id='word_1_347' title='bbox 668 4257 813 4323; x_wconf 90' lang='lat' dir='ltr'>malitiae</span> <span class='ocrx_word' id='word_1_348' title='bbox 842 4260 992 4342; x_wconf 88' lang='lat' dir='ltr'>specifice</span> <span class='ocrx_word' id='word_1_349' title='bbox 1016 4258 1182 4338; x_wconf 88' lang='lat' dir='ltr'>diversae,</span> <span class='ocrx_word' id='word_1_350' title='bbox 1214 4260 1344 4342; x_wconf 92' lang='lat' dir='ltr'>quando</span> <span class='ocrx_word' id='word_1_351' title='bbox 1374 4261 1466 4344; x_wconf 85' lang='lat' dir='ltr'>leges</span> 
     </span>
     <span class='ocr_line' id='line_1_41' title="bbox 139 4343 1465 4417; baseline 0.008 -10"><span class='ocrx_word' id='word_1_352' title='bbox 139 4343 286 4410; x_wconf 90' lang='lat' dir='ltr'>formalit</span> <span class='ocrx_word' id='word_1_353' title='bbox 271 4348 323 4410; x_wconf 91' lang='lat' dir='ltr'>ter</span> <span class='ocrx_word' id='word_1_354' title='bbox 353 4344 502 4410; x_wconf 89' lang='lat' dir='ltr'>diversae</span> <span class='ocrx_word' id='word_1_355' title='bbox 534 4346 587 4410; x_wconf 88' lang='lat' dir='ltr'>vel</span> <span class='ocrx_word' id='word_1_356' title='bbox 620 4367 662 4411; x_wconf 85' lang='lat' dir='ltr'>ex</span> <span class='ocrx_word' id='word_1_357' title='bbox 693 4346 821 4411; x_wconf 88' lang='lat' dir='ltr'>diverso</span> <span class='ocrx_word' id='word_1_358' title='bbox 860 4348 1050 4414; x_wconf 89' lang='lat' dir='ltr'>motivoet</span> <span class='ocrx_word' id='word_1_359' title='bbox 1035 4350 1144 4414; x_wconf 88' lang='lat' dir='ltr'>tfine</span> <span class='ocrx_word' id='word_1_360' title='bbox 1174 4349 1227 4414; x_wconf 90' lang='lat' dir='ltr'>vel</span> <span class='ocrx_word' id='word_1_361' title='bbox 1260 4370 1303 4414; x_wconf 85' lang='lat' dir='ltr'>ex</span> <span class='ocrx_word' id='word_1_362' title='bbox 1333 4349 1465 4417; x_wconf 89' lang='lat' dir='ltr'>diversa</span> 
     </span>
     <span class='ocr_line' id='line_1_42' title="bbox 141 4433 1466 4522; baseline 0.006 -25"><span class='ocrx_word' id='word_1_363' title='bbox 141 4436 306 4516; x_wconf 83' lang='lat' dir='ltr'>potestate</span> <span class='ocrx_word' id='word_1_364' title='bbox 272 4433 419 4500; x_wconf 87' lang='lat' dir='ltr'>tlatae</span> <span class='ocrx_word' id='word_1_365' title='bbox 443 4434 568 4499; x_wconf 84' lang='lat' dir='ltr'>violant</span> <span class='ocrx_word' id='word_1_366' title='bbox 554 4438 647 4511; x_wconf 81' lang='lat' dir='ltr'>tur“;</span> <span class='ocrx_word' id='word_1_367' title='bbox 673 4435 737 4500; x_wconf 92' lang='lat' dir='ltr'>alia</span> <span class='ocrx_word' id='word_1_368' title='bbox 760 4437 949 4518; x_wconf 86' lang='lat' dir='ltr'>regulet</span> <span class='ocrx_word' id='word_1_369' title='bbox 899 4443 965 4503; x_wconf 88' lang='lat' dir='ltr'>est:</span> <span class='ocrx_word' id='word_1_370' title='bbox 994 4438 1117 4515; x_wconf 83' lang='lat' dir='ltr'>,Melit</span> <span class='ocrx_word' id='word_1_371' title='bbox 1093 4444 1141 4504; x_wconf 89' lang='lat' dir='ltr'>tra</span> <span class='ocrx_word' id='word_1_372' title='bbox 1163 4438 1314 4522; x_wconf 88' lang='lat' dir='ltr'>specifice</span> <span class='ocrx_word' id='word_1_373' title='bbox 1333 4438 1466 4505; x_wconf 89' lang='lat' dir='ltr'>diversa</span> 
     </span>
     <span class='ocr_line' id='line_1_43' title="bbox 139 4523 1466 4606; baseline 0.004 -19"><span class='ocrx_word' id='word_1_374' title='bbox 139 4523 239 4588; x_wconf 90' lang='lat' dir='ltr'>habet</span> <span class='ocrx_word' id='word_1_375' title='bbox 224 4527 293 4602; x_wconf 87' lang='lat' dir='ltr'>tur,</span> <span class='ocrx_word' id='word_1_376' title='bbox 325 4523 453 4606; x_wconf 87' lang='lat' dir='ltr'>quando</span> <span class='ocrx_word' id='word_1_377' title='bbox 477 4524 627 4589; x_wconf 89' lang='lat' dir='ltr'>diversae</span> <span class='ocrx_word' id='word_1_378' title='bbox 652 4524 791 4590; x_wconf 88' lang='lat' dir='ltr'>virtutes</span> <span class='ocrx_word' id='word_1_379' title='bbox 816 4527 865 4590; x_wconf 89' lang='lat' dir='ltr'>vel</span> <span class='ocrx_word' id='word_1_380' title='bbox 898 4526 1010 4591; x_wconf 89' lang='lat' dir='ltr'>eadem</span> <span class='ocrx_word' id='word_1_381' title='bbox 1034 4528 1139 4594; x_wconf 89' lang='lat' dir='ltr'>virtus</span> <span class='ocrx_word' id='word_1_382' title='bbox 1169 4527 1264 4593; x_wconf 89' lang='lat' dir='ltr'>modo</span> <span class='ocrx_word' id='word_1_383' title='bbox 1294 4528 1466 4595; x_wconf 89' lang='lat' dir='ltr'>moraliter</span> 
     </span>
     <span class='ocr_line' id='line_1_44' title="bbox 140 4611 1463 4701; baseline 0.009 -26"><span class='ocrx_word' id='word_1_384' title='bbox 140 4611 270 4679; x_wconf 87' lang='lat' dir='ltr'>diverso</span> <span class='ocrx_word' id='word_1_385' title='bbox 282 4612 476 4680; x_wconf 81' lang='lat' dir='ltr'>violantur.“</span> <span class='ocrx_word' id='word_1_386' title='bbox 509 4613 606 4679; x_wconf 89' lang='lat' dir='ltr'>Modo</span> <span class='ocrx_word' id='word_1_387' title='bbox 623 4635 697 4690; x_wconf 89' lang='lat' dir='ltr'>una,</span> <span class='ocrx_word' id='word_1_388' title='bbox 714 4615 809 4679; x_wconf 89' lang='lat' dir='ltr'>modo</span> <span class='ocrx_word' id='word_1_389' title='bbox 824 4616 930 4683; x_wconf 91' lang='lat' dir='ltr'>altera</span> <span class='ocrx_word' id='word_1_390' title='bbox 945 4616 1060 4697; x_wconf 85' lang='lat' dir='ltr'>regula</span> <span class='ocrx_word' id='word_1_391' title='bbox 1076 4616 1241 4701; x_wconf 90' lang='lat' dir='ltr'>applicatu</span> <span class='ocrx_word' id='word_1_392' title='bbox 1257 4616 1386 4683; x_wconf 84' lang='lat' dir='ltr'>facilior</span> <span class='ocrx_word' id='word_1_393' title='bbox 1402 4623 1463 4687; x_wconf 85' lang='lat' dir='ltr'>est.</span> 
     </span>
    </p>
   </div>
   <div class='ocr_carea' id='block_1_12' title="bbox 0 0 1563 5168">
    <p class='ocr_par' dir='ltr' id='par_1_12' title="bbox 0 0 1563 5168">
     <span class='ocr_line' id='line_1_45' title="bbox 0 0 1563 5168; baseline 0 0"><span class='ocrx_word' id='word_1_394' title='bbox 0 0 1563 5168; x_wconf 95' lang='lat' dir='ltr'> </span> 
     </span>
    </p>
   </div>
  </div>
 </body>
</html>
