3106 5168
351 301 421 356 luris
439 302 507 356 laesi
525 303 661 374 reparatio
679 331 714 340 -
732 320 766 355 ea·
783 304 892 356 tributis
910 320 964 356 non
981 305 1082 358 solutis.
1315 307 1377 371 351

55 480 169 542 tamen
200 499 266 544 non
297 478 503 563 peccaverit;
542 500 618 545 nam
650 479 733 545 levis
765 480 861 563 culpa
900 480 1009 564 potius
1040 479 1227 564 inculpabili
1259 480 1379 546 actioni

55 571 268 650 comparatur
291 588 387 651 quam
411 569 527 652 plenae
551 569 675 652 culpae.

147 673 185 739 It.
211 675 241 742 4.
288 676 334 740 At
357 674 443 757 quid,
468 675 496 739 si
519 689 651 741 revera
673 674 1025 758 graviterpeccaverit
1047 674 1215 741 ueletiam
1237 696 1279 739 ex
1303 697 1380 740 con·
1390 692 1441 746 693

55 762 144 827 aulto
168 762 288 828 falsum
312 768 427 830 contra
443 763 553 829 Caium
578 763 684 829 dixit?
731 763 764 830 Si
788 764 859 829 sola
882 785 988 847 poena
1011 763 1161 841 carceris,
1186 765 1329 829 maxime
1352 764 1380 829 si

55 872 97 916 ea
120 872 162 916 ex
186 856 281 934 parte
304 852 369 917 iam
393 852 492 920 fuerit
516 853 633 931 soluta,
658 853 802 937 spectari
824 853 955 919 liceret:
983 853 1081 917 facile
1104 852 1173 917 fieri
1198 858 1319 936 posset,
1344 857 1380 919 ut

58 941 213 1005 damnum
247 941 353 1007 Tullio
385 942 576 1024 impendens
608 941 703 1007 nimis
735 949 907 1026 superaret
939 942 1090 1008 damnum
1124 941 1245 1007 aCaio
1275 942 1380 1007 adhuc

55 1029 244 1106 ferendum,
276 1051 381 1112 neque
404 1030 483 1095 illud
507 1029 633 1095 Tullius
656 1030 765 1097 subire
789 1032 953 1112 cogendus
983 1034 1080 1096 esset.
1127 1031 1249 1096 Verum
1279 1030 1306 1095 si
1329 1031 1379 1096 in·

56 1140 157 1201 super
180 1119 291 1201 agitur
314 1120 354 1185 de
375 1119 469 1202 foma
485 1119 562 1193 Caii,
587 1140 671 1202 quae
694 1121 877 1201 generatim
901 1141 939 1185 eo
963 1120 1034 1203 ipso
1057 1120 1205 1201 graviter
1227 1119 1378 1192 laeditur,

55 1208 144 1288 quod
168 1208 240 1289 quis
263 1208 305 1273 ad
329 1229 466 1292 poenam
492 1209 631 1274 carceris
654 1212 689 1274 et
704 1208 920 1292 privationem
944 1209 1075 1274 honoris
1098 1208 1203 1274 civilis
1227 1230 1379 1290 umquam

56 1296 158 1361 fuerit
181 1297 431 1363 condemnatus:
456 1297 607 1364 existimo
630 1298 771 1363 Tullium
796 1299 914 1363 debere
937 1297 1024 1364 ferre
1039 1297 1277 1363 incommodum
1299 1297 1378 1362 illud

56 1384 155 1466 longe
178 1385 282 1450 maius
306 1407 348 1450 ex
371 1407 431 1451 sua
454 1387 689 1453 retractatione
712 1391 909 1463 secuturum,
934 1387 997 1451 nisi
1019 1386 1104 1453 forte
1121 1386 1265 1452 condicio
1282 1385 1380 1451 Tullii

55 1473 102 1538 sit
125 1476 213 1558 lonqe
235 1479 382 1560 superior
406 1475 593 1541 condicione
617 1475 694 1542 Caii.
731 1476 851 1541 Verum
877 1476 1026 1542 tentandi
1049 1481 1125 1542 sunt
1149 1475 1202 1540 alii
1227 1476 1314 1540 modi
1337 1475 1379 1540 ad

55 1562 182 1627 famam
206 1563 273 1628 Caii
297 1564 542 1631 restituendam.
574 1565 742 1629 Eiusmodi
759 1565 898 1630 medium
915 1564 1058 1630 fortasse
1081 1564 1185 1639 adest,
1210 1563 1238 1629 si
1254 1564 1380 1629 Tullius

55 1652 170 1733 fugam
195 1652 332 1735 arripiat
355 1658 389 1719 et
412 1674 430 1718 e
453 1654 525 1719 loco
548 1674 663 1719 securo
687 1654 814 1737 publice
838 1654 904 1718 Caii
928 1654 1148 1720 innocentiam
1172 1657 1322 1720 testetur.

147 1774 200 1839 An
216 1796 408 1851 ouansrrux
424 1779 463 1840 2¹²
487 1776 525 1842 R.
546 1780 572 1842 1.
606 1776 637 1843 Si
656 1777 781 1842 Tullius
805 1777 837 1841 in
861 1777 997 1842 dicendo
1020 1777 1208 1844 testimonio
1232 1775 1380 1858 graviter
1389 1793 1441 1846 694

55 1865 254 1947 peccaverit,
278 1864 312 1929 in
336 1865 421 1929 omni
447 1886 523 1930 casu
548 1869 679 1930 tenetur
702 1865 847 1931 familiae
871 1866 938 1931 Caii
962 1866 1116 1932 damnum
1137 1865 1306 1944 resarcire,
1330 1866 1379 1930 id-

56 1953 245 2109 que,hsibvet
273 1953 372 2020 habet
396 1975 527 2019 causam
551 1954 796 2021 retractationis
825 1955 974 2020 formalis
1003 1977 1066 2020 non
1091 1954 1276 2032 faciendae,
1309 1955 1380 2020 sive

55 2063 122 2106 non
169 2062 254 2108 ae.

149 2148 186 2212 R.
212 2151 242 2214 2.
289 2148 323 2213 Si
346 2149 494 2230 graviter
517 2170 581 2214 non
605 2149 770 2232 peccavit,
801 2153 934 2216 tenetur
959 2155 1030 2217 tum
1060 2151 1163 2214 solum
1188 2170 1230 2214 ex
1253 2147 1379 2214 iustitia

56 2236 101 2302 ad
124 2236 277 2301 damnum
299 2237 380 2302 illud
409 2238 553 2303 familiae
582 2238 840 2315 resarciendum,
874 2239 918 2316 si,
949 2260 1022 2305 cum
1052 2244 1165 2323 posset
1188 2242 1222 2304 et
1245 2237 1379 2303 deberet

56 2325 129 2390 sine
151 2347 271 2407 magno
301 2347 360 2390 suo
390 2326 592 2392 incommodo
622 2331 805 2393 retractare
829 2329 881 2393 vel
905 2327 1062 2412 impedire
1094 2326 1169 2393 falsi
1199 2326 1376 2393 testimonii

56 2415 225 2493 effectum,
256 2415 289 2479 id
319 2435 382 2479 non
406 2415 531 2482 fecerit.
578 2416 660 2481 Tum
684 2417 770 2481 enim
793 2438 836 2482 ex
864 2418 926 2482 hac
956 2416 1109 2499 culpabili
1133 2415 1305 2482 omissione
1328 2420 1378 2482 te·

56 2509 155 2569 netur
178 2503 219 2567 de
242 2504 361 2568 damno
384 2525 427 2569 ex
450 2526 490 2570 ea
512 2512 681 2571 secuturo:
709 2527 737 2571 v.
767 2508 822 2572 To.
847 2529 888 2572 m.
913 2507 934 2573 l.
959 2528 986 2571 c.

147 2608 186 2676 R.
211 2612 242 2677 3.
288 2609 444 2676 Attamen
468 2609 497 2675 si
512 2610 637 2675 Tullius
661 2611 752 2676 dives
775 2615 827 2677 est
850 2614 883 2677 et
906 2612 1073 2676 commode
1090 2615 1209 2694 potest,
1234 2609 1378 2676 certain

56 2701 144 2764 omni
167 2719 245 2764 casu
269 2698 364 2764 decet
386 2721 483 2782 quam
506 2701 647 2764 maxime
671 2721 743 2765 eum
767 2701 853 2784 inopi
877 2700 1021 2766 familiae
1036 2700 1214 2765 subsidium
1230 2719 1378 2781 erogare.

148 2822 201 2886 Ao
224 2841 415 2896 anaslrun
440 2824 479 2885 3m
502 2821 541 2888 R.
568 2825 595 2888 1.
642 2823 679 2887 In
704 2823 765 2888 hac
788 2845 874 2888 nova
903 2823 1126 2907 suppositione
1149 2822 1284 2900 Tullius,
1308 2821 1378 2887 sive
1388 2828 1439 2880 695

56 2931 173 2975 verum
196 2909 267 2975 sive
289 2911 408 2975 falsum
433 2911 525 2987 dixit,
556 2912 704 2994 graviter
725 2914 876 2995 peccavit
905 2918 1004 2995 atque
1026 2912 1145 2978 iniuste
1168 2912 1246 2993 egit.
1293 2909 1379 2987 Qua·

57 3003 194 3083 propter
217 2999 336 3064 damna
359 3000 482 3078 omnia,
514 3022 598 3083 quae
622 3001 717 3066 Caius
740 3022 897 3085 passurus
920 3004 973 3066 vel
1005 3022 1121 3084 passus
1144 3005 1211 3079 est,
1243 2999 1378 3074 Tullius,

56 3088 92 3152 in
115 3093 273 3170 quantum
303 3093 440 3172 possunt
468 3089 631 3172 reparari,
664 3111 819 3173 reparare
842 3095 982 3156 tenetur.
1029 3089 1171 3154 Honoris
1202 3092 1313 3154 autem
1345 3092 1380 3153 et

58 3177 168 3242 famae
192 3177 288 3242 Caius
310 3178 343 3242 in
366 3178 425 3243 tali
449 3199 527 3243 casu
550 3178 780 3244 detrimentum
804 3178 889 3262 apud
913 3181 1014 3243 bonos
1047 3199 1162 3262 passus
1186 3199 1249 3242 non
1274 3182 1377 3251 esset3

56 3287 165 3349 poena
187 3266 327 3332 carceris
350 3267 414 3331 iam
438 3267 580 3332 tolerata
610 3267 761 3333 resarciri
793 3269 921 3350 nequit;
955 3272 1061 3333 restat
1091 3266 1194 3348 igitur
1225 3266 1378 3330 damnum

56 3355 250 3439 temporale,
273 3355 302 3420 si
326 3356 411 3438 quod
434 3360 541 3422 ortum
565 3356 618 3423 sit.

148 3462 187 3528 R.
213 3465 243 3530 2.
290 3462 353 3528 Sed
377 3464 404 3529 si
427 3484 481 3528 res
504 3468 555 3529 est
587 3463 691 3528 adhuc
724 3463 853 3545 integra
882 3463 936 3528 vel
965 3484 1071 3546 poena
1100 3461 1241 3527 nondum
1274 3460 1376 3536 finita,

57 3550 196 3626 Tullius,
220 3553 350 3634 quando
364 3552 487 3635 falsum
503 3552 595 3628 dixit,
620 3552 799 3618 efficaciter
813 3552 970 3637 impedire
985 3555 1096 3635 potest
1110 3572 1249 3634 poenam
1266 3550 1377 3632 ejusve

58 3641 354 3718 continuationem
379 3645 478 3722 atque
501 3640 533 3705 id
557 3663 616 3724 per
638 3662 674 3706 se
698 3641 796 3707 etiam
820 3663 892 3707 cum
916 3663 975 3706 auo
991 3640 1085 3724 gravi
1102 3639 1245 3724 periculo
1268 3639 1378 3705 facere

57 3729 202 3795 deberet.
250 3729 384 3806 Quando
415 3753 523 3795 ‘oerum
556 3730 655 3805 dixit,
688 3736 788 3812 atque
820 3730 941 3796 iniusta
973 3729 1041 3796 Caii
1073 3729 1301 3794 condemnatio
1335 3750 1377 3793 ex

56 3818 167 3900 legum
199 3817 372 3900 iniquitate
396 3819 486 3886 facta
518 3824 585 3884 est:
618 3821 736 3884 efficax
768 3821 962 3886 retractatio
994 3841 1036 3884 ex
1069 3825 1163 3902 parte
1186 3818 1283 3883 Tullii
1315 3818 1378 3884 erit

56 3907 283 3992 impossibilis3
317 3928 376 3972 nec
409 3908 584 3990 quidquam
617 3909 772 3985 restabit,
805 3909 868 3974 nisi
900 3914 937 3976 ut
969 3909 1009 3975 de
1042 3907 1174 3973 crimine
1207 3906 1377 3973 commisso

54 3997 177 4063 seriam
201 4001 281 4078 agat
304 3997 537 4080 paenitentiam
562 4002 596 4063 et
619 3999 812 4080 temporalia
828 3998 914 4063 forte
930 3998 1049 4062 damna
1065 4000 1197 4063 studeat
1213 4017 1376 4080 reparare.

476 4216 765 4283 TRIBUTORUM
794 4217 959 4283 ELUSIO.

613 4364 722 4431 Casus.
751 4374 826 4441 (216)

145 4505 291 4580 iugurtha
313 4511 393 4563 artes
415 4505 530 4580 quaerit
551 4505 693 4565 evadendi
716 4506 890 4565 solutionem
919 4506 1092 4564 tributorum
1121 4510 1150 4563 et
1177 4502 1376 4576 vectigalium,

56 4605 122 4644 cum
143 4585 236 4643 nimia
251 4604 286 4644 ea
301 4604 367 4644 esse
382 4585 462 4644 dicat
482 4592 570 4661 atque
591 4586 621 4644 in
636 4587 744 4644 multas
766 4606 813 4644 res
834 4586 954 4644 inutiles
974 4587 1062 4644 immo
1076 4585 1198 4643 nocivas
1213 4583 1376 4658 impensum

55 4666 101 4726 iri
144 4666 301 4725 Redituum
322 4684 485 4724 annuorum
506 4667 558 4724 vix
582 4666 706 4725 mediam
733 4671 848 4743 partem
871 4666 999 4734 indicat,
1027 4684 1121 4741 neque
1149 4663 1311 4740 periculum
1331 4670 1378 4723 est
