3106 5168
147 279 189 343 60
567 275 608 331 De
625 276 722 346 regula
740 279 850 332 2212221
868 277 1056 333 bumanorum.

147 452 229 534 legis
259 453 460 530 vulneratio;
491 474 592 536 quare
622 454 829 520 extendenda
859 454 947 519 nullo
976 454 1072 520 modo
1105 457 1157 520 est
1188 455 1277 521 ultra
1307 454 1357 534 id,
1390 457 1476 540 quod

146 541 256 607 verbis
280 541 531 625 dispensationis
554 543 739 608 necessario
763 543 1067 627 comprehendatur.

235 630 283 698 Cf.
308 631 348 696 de
371 631 421 696 his
445 631 593 696 omnibus
620 634 676 698 Tb.
700 655 742 699 m.
767 632 797 709 1,
825 635 887 698 170
903 653 970 714 sq.;
1003 632 1035 698 S.
1060 631 1176 716 Alph.
1201 631 1230 710 I,
1257 634 1338 711 1943
1371 633 1476 700 Maz-

146 723 281 798 zotta,
304 721 357 786 De
378 721 498 807 lepibus
521 720 603 804 disp.
623 726 653 799 4,
679 741 709 803 q.
729 727 758 789 l.

235 809 321 875 Hinc
350 813 440 874 recte
470 809 628 877 indicavit
657 811 805 876 Liciniae
838 831 874 876 se
908 830 980 876 cum
1016 809 1176 876 facultate
1208 808 1420 893 dispensandi
1451 831 1476 877 a

146 898 265 963 ieiunio
288 899 410 964 habere
434 898 534 964 etiam
564 899 755 965 facultatem
780 898 989 983 dispensandi
1018 899 1050 964 in
1082 898 1299 966 abstinentia:
1323 920 1410 982 quae
1433 900 1475 966 ab

146 987 346 1054 abstinentia
369 986 579 1070 dispensatio,
610 987 639 1053 si
668 989 740 1054 sola
769 990 816 1066 fit,
848 992 900 1054 est
928 988 1078 1073 partialis
1100 991 1232 1054 tantum
1254 987 1365 1054 ieiunii
1391 988 1476 1072 legis

145 1075 325 1150 relaxatim
350 1075 376 1142 si
400 1077 440 1142 fit
462 1097 534 1142 cum
558 1077 765 1144 relaxatione
780 1076 900 1154 ieiunii,
925 1081 977 1143 est
999 1076 1071 1161 ipsa
1087 1077 1288 1156 dispensatio
1311 1098 1333 1144 a
1354 1078 1476 1144 ieiunio

146 1165 241 1248 pleno
265 1187 363 1232 sensu
384 1165 563 1234 intellecta.
598 1166 701 1232 Immo
724 1187 841 1232 censeo
864 1165 978 1231 Licinii
995 1170 1197 1250 potestatem
1221 1167 1321 1233 stiam
1340 1168 1476 1234 extendi

146 1254 189 1320 ad
210 1255 425 1321 relaxandam
448 1255 554 1338 legem
574 1255 793 1322 abstinentiae
815 1255 856 1321 iis
879 1254 1002 1333 diebus,
1026 1255 1081 1337 qui
1104 1277 1168 1322 non
1192 1255 1260 1323 sint
1281 1255 1394 1323 ieiunii
1417 1257 1475 1322 sod

147 1343 247 1409 solius
270 1344 499 1410 abstinentiae.

234 1450 274 1517 R.
298 1453 329 1517 4.
376 1450 498 1515 Verum
528 1450 632 1515 Iulius
661 1450 747 1515 male
776 1448 942 1516 iudicavit.
993 1448 1028 1516 Si
1058 1449 1143 1515 enim
1172 1450 1287 1518 stricte
1316 1450 1475 1518 sumimus

146 1537 314 1616 ieiunium,
345 1538 423 1603 illud
454 1538 496 1604 ab
526 1538 726 1605 abstinentia
756 1538 977 1621 distinguitur,
1010 1542 1110 1622 atque
1138 1560 1238 1606 unum
1267 1540 1338 1606 sine
1368 1541 1475 1609 altero

146 1632 257 1709 potest
280 1627 448 1693 observari
471 1627 729 1709 observaturque
752 1627 848 1693 hodie
871 1648 969 1711 saepe
992 1626 1025 1692 in
1048 1628 1213 1695 Ecclesia:
1237 1649 1339 1710 quare
1362 1630 1476 1698 debuit

146 1716 246 1781 lulius
263 1715 540 1800 dispensationem
556 1725 714 1802 occeptum
738 1716 778 1782 de
793 1717 864 1782 solo
879 1716 998 1781 ieiunio
1013 1716 1215 1800 intellegere,
1240 1717 1475 1785 abstinentiam

147 1810 257 1871 autem
273 1806 458 1884 observare,
476 1806 553 1889 quia
567 1805 709 1870 Licinius
729 1805 769 1871 de
787 1805 1006 1871 abstinentiae
1022 1805 1266 1890 dispensatione
1281 1806 1363 1872 nihil
1378 1808 1474 1876 dixit.

87 1926 136 1982 121
235 1919 288 1984 An
312 1939 503 1996 ouuasrruu
527 1919 679 1985 21111.
727 1918 869 1984 Licinius
891 1919 974 1984 bene
1003 1918 1111 2002 potuit
1141 1919 1190 1986 uti
1218 1918 1380 1987 facultate
1408 1919 1475 1987 dis·

145 2008 304 2091 pensandi
327 2009 431 2075 relate
454 2008 496 2074 ad
519 2008 719 2091 peregrinos.
758 2007 845 2074 Nam
868 2007 1062 2075 facultatem
1077 2009 1192 2074 habuit
1215 2012 1274 2075 aut
1296 2030 1317 2075 a
1340 2009 1474 2076 Summo

145 2096 302 2163 Pontifice
332 2101 391 2163 aut
419 2098 461 2164 ab
491 2096 653 2181 episcopo.
700 2097 733 2162 Si
757 2118 778 2163 a
801 2097 932 2162 Summo
956 2096 1124 2173 Pontifice,
1156 2097 1231 2163 hnic
1255 2096 1335 2163 nulli
1358 2097 1475 2165 fideles

145 2190 222 2252 sunt
244 2185 418 2270 peregrini,
443 2186 562 2270 quippe
579 2187 613 2252 in
629 2206 710 2269 quos
726 2206 838 2251 omnes
860 2186 982 2251 habeat
1001 2185 1256 2253 iurisdictionem
1274 2186 1473 2254 ordinariam

146 2280 180 2341 et
202 2275 441 2351 immediatam
472 2296 577 2359 neque
600 2276 753 2358 delegato
783 2296 843 2341 sno
873 2280 1025 2340 censetur
1053 2276 1254 2359 restringere
1276 2274 1473 2343 facultatem

146 2366 186 2430 ad
210 2385 368 2448 personas
384 2368 502 2443 certas,
527 2365 589 2429 nisi
613 2365 793 2449 exprimat:
818 2364 982 2431 restrictio
998 2385 1087 2443 vero,
1112 2386 1195 2448 quae
1213 2365 1247 2430 in
1263 2370 1377 2432 nostro
1393 2387 1473 2432 casu

145 2454 216 2518 sola
246 2453 277 2517 in
309 2453 531 2535 quaestionem
555 2454 668 2519 venire
698 2458 817 2537 potest,
848 2474 888 2520 ea
917 2458 978 2533 est,
1007 2474 1091 2536 quae
1120 2453 1211 2520 facta
1235 2458 1286 2520 est
1317 2475 1378 2538 pro
1401 2455 1473 2521 iure

145 2541 360 2608 absolutionis
375 2543 635 2621 sacramentalis,
660 2542 815 2608 uidelicet
836 2547 875 2609 ut
897 2542 983 2609 adsit
1006 2543 1200 2626 approbatio
1223 2542 1368 2628 episcopi
1391 2544 1472 2622 loci;

145 2652 242 2713 quam
267 2629 411 2696 adfuisse
434 2653 514 2697 sane
537 2632 703 2700 sumimus.

234 2736 273 2805 R.
294 2739 324 2804 2.
364 2737 398 2803 Si
421 2737 562 2803 Licinius
581 2737 774 2803 facultatem
798 2736 913 2803 habuit
935 2738 976 2803 ab
1000 2737 1162 2820 episcopa,
1187 2736 1377 2802 etiamtum
1399 2759 1473 2804 oum

144 2826 326 2909 peregrinis
356 2826 545 2911 dispensare
574 2827 691 2910 potuit.
738 2827 919 2910 Episcopus
949 2825 1034 2890 enim
1065 2829 1217 2891 censetur
1246 2847 1336 2892 suam
1367 2825 1474 2894 facul·

144 2920 248 2981 tatem
272 2917 521 2995 communicare,
545 2937 643 2998 quam
671 2917 739 2982 late
768 2916 839 2998 ipse
869 2936 941 2981 eam
965 2916 1096 2982 habeat.
1142 2914 1206 2980 Sed
1230 2914 1375 2999 practice
1397 2920 1473 2983 tuta

145 3009 197 3071 est
219 3005 315 3071 hodie
338 3006 518 3085 sententia,
549 3005 735 3089 episcopum
763 3024 876 3087 posse,
906 3002 1064 3087 imprimis
1094 3003 1127 3068 in
1151 3024 1229 3069 casu
1253 3004 1472 3084 necessitatis,

145 3094 243 3161 stiam
268 3116 341 3160 cum
364 3094 545 3179 peregrinis
572 3094 605 3160 in
628 3093 755 3177 legibus
779 3092 1010 3159 ecclesiasticis
1034 3092 1258 3158 communibus
1282 3093 1473 3177 dispensare

147 3185 380 3269 disponsatione
394 3187 567 3270 pascuali,
584 3184 674 3249 cuius
690 3203 790 3249 causa
806 3204 871 3248 non
887 3203 929 3247 ex
944 3181 1042 3248 alieni
1058 3181 1120 3247 loci
1137 3182 1394 3262 circumstantia,
1415 3183 1473 3249 sed

145 3294 187 3339 ex
211 3273 459 3340 circumstantia
480 3293 640 3358 personas
658 3271 797 3338 ducitur.
837 3271 939 3347 Quam
963 3271 1157 3337 facultatem
1181 3269 1341 3355 episcopis
1364 3272 1473 3337 inesse

145 3362 254 3446 potius
270 3383 313 3428 ex
329 3384 497 3439 consensu,
521 3363 639 3429 saltem
658 3361 767 3444 legali,
791 3359 934 3443 supremi
951 3359 1119 3425 Ecclesiae
1137 3359 1290 3443 pastoris,
1315 3381 1414 3442 quam
1430 3381 1473 3426 ex

146 3472 305 3516 consensu
329 3450 470 3535 episcopi
493 3451 739 3536 peregrinorum
763 3449 960 3533 repetierim.
1000 3449 1151 3514 Ceterum
1168 3454 1265 3515 extra
1280 3469 1393 3514 casum
1415 3470 1474 3516 ne-

146 3540 321 3618 cessitatis,
345 3541 474 3622 quando
498 3540 689 3624 peregrinus
705 3539 747 3605 ad
763 3560 856 3604 suam
871 3537 1014 3622 patriam
1030 3537 1174 3616 redierit,
1199 3539 1382 3604 consultum
1399 3559 1474 3606 esse

145 3634 256 3712 potest
285 3650 442 3712 quaerere
473 3629 748 3713 dispensationem
779 3649 799 3692 a
824 3631 958 3714 proprio
989 3627 1140 3710 episcopo
1171 3626 1282 3692 eiusve
1307 3626 1472 3710 delegato.

146 3717 193 3784 Cf.
223 3720 279 3785 Tlr.
298 3741 340 3783 m.
365 3718 390 3796 l,
418 3721 496 3793 164ς
522 3719 553 3783 S.
570 3717 687 3802 Alph.
711 3717 737 3796 I,
764 3719 843 3796 1583
867 3716 1077 3782 Mazzotta
1102 3716 1186 3789 1.2.;
1211 3715 1322 3782 Marc
1345 3737 1377 3784 n.
1395 3718 1473 3785 235.

87 3849 138 3905 122
235 3834 288 3896 An
311 3852 502 3908 2222212211
527 3835 566 3896 3¹¹¹
589 3831 628 3897 R.
651 3835 679 3897 1.
726 3829 896 3896 Difficilius
927 3829 1066 3895 solvitur
1092 3828 1240 3911 quaestio
1271 3829 1311 3895 de
1340 3829 1473 3915 dispen-

146 3921 284 3999 satione,
309 3942 404 4003 quam
430 3921 519 3987 dedit
542 3920 683 3985 Licinius
705 3920 792 3984 socio
816 3923 851 3985 et
872 3918 934 3984 sibi
958 3919 1029 4002 ipsi.
1076 3919 1179 3984 Nam:
1213 3917 1245 4000 1)
1272 3917 1300 3984 21
1331 3918 1372 3984 ab
1403 3920 1473 4004 epi·

146 4031 245 4094 scopo
268 4014 376 4076 ortum
401 4009 495 4076 duxit
517 4010 670 4088 facultas,
693 4009 774 4074 haec
796 4008 890 4074 finita
911 4007 1065 4073 missione
1089 4006 1241 4085 cessavit,
1273 4028 1378 4090 neque
1406 4008 1472 4074 iam

147 4102 188 4166 ab
212 4100 317 4166 altero
341 4099 492 4183 episcopo
516 4101 658 4166 facultas
682 4099 798 4163 aderat
820 4118 877 4162 seu
901 4097 968 4162 vim
997 4101 1202 4164 exercuerat.
1226 4133 1270 4141 —
1299 4097 1402 4163 Immo
1434 4119 1472 4164 eo

146 4190 227 4275 ipso,
250 4189 337 4272 quod
358 4190 500 4255 Licinius
524 4190 615 4254 finita
638 4187 791 4253 missione
813 4186 928 4270 pedem
952 4208 995 4251 ex
1018 4186 1158 4252 dioecesi
1181 4185 1289 4270 priore
1304 4187 1472 4267 extulerit,

147 4279 326 4345 iurisdictio
350 4279 501 4345 cessavit.

236 4368 299 4433 Sed
322 4367 464 4433 facultas
489 4364 695 4450 dispensandi
719 4363 745 4428 si
770 4363 800 4429 ei
823 4383 887 4446 qna
911 4363 1110 4429 confessario
1134 4364 1214 4428 data
1236 4367 1297 4442 est,
1326 4364 1474 4431 exerceri

147 4478 210 4521 non
240 4460 351 4541 potest
385 4456 445 4521 nisi
480 4456 512 4521 in
548 4475 620 4531 222,
655 4453 689 4518 12
719 4474 800 4536 quos
829 4452 1083 4518 iurisdictionem
1113 4453 1232 4518 interni
1262 4452 1325 4518 lori
1354 4453 1472 4521 habet:

147 4566 344 4628 quamquam
368 4545 528 4611 confessio
552 4542 800 4631 sacramentalis
829 4563 866 4608 re
895 4543 967 4626 ipsa
989 4542 1079 4608 facta
1111 4564 1175 4608 non
1198 4542 1386 4624 requiritur,
1410 4544 1474 4610 nisi

23 4690 27 4705 ,
148 4633 368 4716 restringatur
391 4657 468 4700 usus
491 4633 659 4700 facultatis
682 4633 725 4698 ad
745 4633 854 4716 forum
877 4633 1115 4698 sacramentale.
