3106 5168
149 257 190 321 76
715 255 756 311 De
777 257 905 327 pcccatis.

148 428 297 514 specifice
321 428 495 495 distinctae
518 430 654 497 adsunt:
681 429 713 513 l)
737 427 890 512 gloriatio
914 432 954 497 de
977 434 1102 499 offensa
1125 433 1201 511 Dei;
1226 435 1261 518 2)
1284 436 1477 502 scandalum

148 518 285 583 aliorum
317 516 374 584 seu
404 519 584 603 pertractio
607 520 658 584 vel
691 519 873 586 stimulatio
903 522 946 587 ad
975 526 1163 606 peccatum:
1194 521 1229 605 3)
1258 524 1414 606 gaudium
1443 531 1478 592 et

148 607 340 691 approbatio
356 608 483 691 peccati
499 608 680 692 praeteriti,
704 609 733 674 si
756 609 902 675 narratio
918 631 999 676 vera
1021 633 1081 678 nec
1097 611 1238 679 mendax
1254 618 1322 690 est;
1347 614 1477 681 deside·

147 697 231 761 n'nm
254 696 391 780 peccati,
419 697 447 762 si
470 698 612 763 mendax
635 702 687 764 est
709 697 865 765 narratio.
916 701 973 767 Tb.
997 723 1037 767 m.
1062 701 1087 779 I,
1112 703 1192 777 251;
1223 701 1265 769 cf.
1290 702 1321 770 S.
1347 703 1476 788 Alph,

149 786 250 852 Homo
275 796 371 873 oport.
396 785 452 865 IX,
477 789 507 852 9.

90 911 140 966 149
236 901 290 967 An
313 921 505 976 quarsrruu
529 904 568 966 3¹¹²
591 901 630 969 R.
654 905 681 968 1.
729 901 816 967 Rufa
845 923 932 968 vana
962 923 1023 969 sua
1052 903 1158 985 gloria
1187 904 1359 971 innumera
1388 926 1478 972 oom-

148 989 248 1055 mittit
272 995 419 1073 peccata,
445 989 507 1057 etsi
530 1011 572 1055 ex
596 1012 631 1056 se
655 990 807 1058 venialia.

235 1087 275 1154 R.
301 1089 331 1152 2.
378 1087 411 1153 Si
445 1093 556 1154 antem
587 1087 828 1172 pulchritudine
860 1089 1032 1168 abutatur,
1067 1094 1105 1156 ut
1138 1088 1173 1155 in
1203 1110 1240 1156 se
1270 1094 1478 1158 commoveat

148 1175 284 1241 aliorum
314 1175 497 1254 libidinem,
528 1177 659 1243 mortali
689 1177 843 1243 scandalo
874 1183 999 1262 peccat.
1052 1178 1091 1243 In
1120 1199 1238 1263 aspero
1269 1184 1305 1246 et
1335 1181 1477 1265 superbo

147 1265 284 1330 aliorum
315 1265 458 1348 alloquio
481 1265 656 1331 videndum
687 1270 754 1345 est,
785 1288 862 1331 num
892 1288 1029 1350 gravem
1060 1268 1291 1335 contumeliam
1313 1268 1369 1335 vel
1398 1291 1477 1337 con-

147 1353 233 1420 vicia
262 1353 295 1418 in
326 1376 383 1421 eos
412 1354 576 1422 intulerit:
607 1355 723 1438 quodsi
752 1355 841 1435 fecit,
871 1355 1021 1438 graviter
1049 1355 1217 1440 peccavit;
1250 1357 1333 1424 aliae
1364 1378 1408 1424 ex
1440 1380 1477 1426 se

147 1443 331 1510 venialiter.

236 1540 274 1606 R.
300 1543 330 1607 3.
377 1540 469 1618 Quod
492 1561 571 1606 vero
596 1562 640 1606 ex
668 1541 853 1624 frequentia
882 1545 1161 1608 sacramentorum
1185 1563 1304 1610 vanarn
1335 1543 1477 1627 gloriam

148 1629 277 1711 quaerit
307 1634 341 1696 et
371 1631 485 1707 nutrit,
516 1651 595 1696 sane
625 1630 852 1715 peccaminosa
875 1630 1078 1698 deordinatio
1109 1636 1176 1708 est;
1208 1652 1322 1715 eaque,
1353 1632 1382 1698 si
1412 1655 1478 1701 non

147 1720 251 1784 solum
268 1720 405 1784 affectus
422 1719 679 1786 concomitanter
691 1740 864 1785 occurrens
880 1725 980 1802 atque
995 1720 1166 1798 admissus,
1182 1722 1241 1787 sed
1256 1743 1298 1787 ex
1312 1721 1477 1790 industria

148 1807 273 1874 accitus
296 1812 331 1874 et
353 1808 577 1892 principaliter
592 1809 764 1894 impellens
787 1812 848 1887 est,
871 1830 931 1893 per
946 1831 982 1874 se
998 1829 1039 1874 ex
1056 1809 1238 1876 venialibus
1254 1809 1337 1877 satis
1351 1811 1476 1894 gravis.

147 1896 250 1962 Immo
273 1895 306 1962 in
330 1897 389 1963 tali
413 1919 490 1963 casu
507 1897 681 1963 videndum
705 1902 766 1977 est,
792 1903 899 1965 utrum
916 1897 1003 1964 Rufa
1025 1899 1184 1965 accedens
1205 1900 1247 1965 ad
1265 1905 1476 1968 sacramenta

148 1985 246 2051 etiam
271 1985 456 2052 necessaria
480 1987 597 2052 saltem
621 1986 834 2072 dispositione
856 1987 1007 2071 praedita
1033 1987 1087 2066 eit,
1111 2008 1191 2054 vero
1213 1987 1341 2056 scilicet
1363 1989 1477 2057 dolore

148 2074 188 2139 de
210 2075 355 2160 peccatis
371 2076 574 2155 mortalibus,
598 2076 624 2141 si
650 2098 733 2158 quae
749 2081 899 2153 accusat3
924 2097 967 2142 an
985 2077 1170 2143 necessario
1186 2076 1298 2145 dolore
1314 2079 1476 2146 destituta

147 2163 369 2231 Sacramentis
392 2165 489 2249 plane
513 2167 678 2233 abutatur.
725 2165 815 2242 Quod
847 2164 873 2230 si
905 2164 1012 2231 sciens
1035 2166 1220 2247 committit,
1251 2166 1348 2251 gravi
1372 2169 1476 2235 sacri·

146 2253 233 2336 legio
256 2257 381 2338 peccat.
428 2253 529 2336 quue
558 2254 591 2319 in
622 2253 778 2320 eiusmodi
803 2254 925 2319 femina
947 2254 1127 2320 timendum
1156 2260 1218 2333 eet,
1250 2256 1279 2322 si
1308 2255 1389 2323 nihil
1412 2257 1476 2323 nisi

148 2343 312 2409 cotidiana
341 2347 479 2428 peccata
509 2342 652 2409 venialia
681 2347 832 2422 accusat,
869 2343 909 2408 de
938 2344 1055 2425 quibus
1086 2343 1172 2410 hano
1200 2345 1357 2411 feminam
1392 2346 1475 2414 adeo

147 2452 267 2587 van92n71
293 2433 414 2587 sgfflum
437 2432 581 2498 dolorem
606 2431 775 2516 concipere
798 2431 895 2498 valde
925 2431 1138 2518 improbabile
1161 2438 1222 2501 est.
1269 2434 1317 2500 cf.
1341 2435 1407 2503 vol.
1431 2435 1474 2515 Π,

146 2543 177 2587 n.
204 2567 222 2586 .
271 2575 278 2588 .
372 2574 379 2588 .

87 2623 138 2678 150
236 2619 275 2687 R.
299 2621 331 2687 4.
370 2618 483 2697 Quoad
501 2618 653 2684 Rufinum
677 2618 837 2685 committi
857 2622 970 2702 potest
991 2618 1169 2685 ambitione
1191 2618 1250 2685 illa
1272 2640 1374 2703 grave
1397 2641 1475 2705 pec-

148 2712 266 2786 catum,
290 2707 319 2773 ei
342 2729 382 2774 ea
405 2707 513 2773 officia
529 2708 618 2792 cupit
641 2712 675 2774 εὴ
698 2708 836 2790 quaerit,
861 2707 977 2790 quibus
992 2708 1145 2790 gerendis
1168 2729 1204 2774 ee
1226 2708 1385 2794 imparem
1401 2731 1475 2777 esse

147 2797 247 2863 sciat:
271 2797 357 2879 quod
380 2797 414 2862 in
438 2818 516 2862 casu
538 2801 673 2863 narrato
697 2818 761 2862 non
785 2797 915 2863 videtur
936 2796 1093 2864 obtinere.
1126 2797 1347 2865 Immoderata
1362 2803 1474 2864 tamen

146 2886 203 2952 illa
219 2886 419 2970 appetentia,
436 2907 612 2969 numquam
628 2907 692 2951 non
708 2885 900 2971 periculosa,
925 2886 957 2950 in
981 2907 1017 2951 se
1036 2885 1102 2951 iam
1117 2886 1292 2953 venialiter
1306 2888 1395 2954 mala
1411 2894 1473 2956 est.

235 2992 274 3058 R.
300 2994 329 3058 5.
370 2992 492 3058 Verum
515 2991 549 3057 in
572 2992 629 3057 illa
651 2991 779 3057 malitia
801 2991 1008 3057 immoderati
1032 2991 1247 3059 excellentiae
1278 2997 1312 3059 et
1342 2993 1475 3059 honoris

147 3081 313 3167 appetitus
337 3082 472 3146 Rufinus
501 3103 567 3147 non
597 3081 701 3156 sistit3
733 3102 809 3146 nam
834 3083 971 3147 affectus
1000 3080 1056 3147 ille
1086 3103 1158 3147 eum
1183 3081 1313 3166 impulit
1336 3081 1379 3148 ad
1409 3083 1475 3150 alia

146 3177 283 3256 peccata
307 3170 435 3237 omnino
460 3170 621 3237 mortalia.
669 3170 754 3235 Nam
784 3170 937 3252 gloriatio
965 3170 1023 3235 illa
1053 3172 1194 3254 superba
1226 3172 1266 3237 de
1289 3172 1408 3250 duello,
1433 3173 1473 3238 de

147 3262 296 3343 neglecto
321 3260 410 3326 cultu
435 3260 559 3339 divino,
591 3260 632 3325 de
654 3259 863 3338 infidelitate,
895 3260 935 3325 de
964 3259 1071 3326 finalis
1100 3260 1367 3344 impaenitentiae
1396 3282 1474 3345 pro·

147 3351 252 3434 posito
277 3353 366 3415 certe
391 3350 536 3416 continet
558 3350 591 3413 in
615 3369 651 3413 se
674 3352 811 3432 peccata
834 3348 996 3425 mortalia,
1028 3370 1101 3415 cum
1123 3350 1215 3434 ipsae
1244 3349 1322 3416 illae
1344 3371 1409 3429 res,
1433 3351 1474 3416 de

147 3439 263 3520 quibus
292 3441 352 3505 fiat
381 3438 544 3520 gloriatio,
576 3437 643 3503 sint
665 3437 850 3504 mortaliter
872 3439 988 3503 malae.
1036 3438 1122 3503 Nam
1145 3439 1178 3505 in
1206 3460 1245 3504 eo
1269 3459 1347 3505 casu
1370 3439 1473 3506 habes

146 3533 328 3612 peccatum,
352 3527 450 3609 idque
473 3547 593 3609 grave:
620 3525 652 3609 1)
676 3548 718 3592 ex
742 3547 780 3592 eo
804 3526 889 3609 quod
913 3526 1018 3609 gloria
1042 3532 1220 3610 quaeratur
1243 3549 1344 3593 exre
1367 3529 1473 3608 mala3

148 3618 181 3699 2)
206 3617 290 3698 qnod
310 3616 534 3682 committatur
550 3615 786 3699 complacentia
810 3620 844 3682 et
867 3616 1060 3701 approbatio
1075 3621 1285 3701 pcccatorum
1300 3621 1473 3702 perpetra·

146 3709 264 3783 torum,
289 3726 425 3787 quorum
448 3705 595 3771 malitiae
625 3725 737 3770 omnes
760 3704 865 3770 denuo
888 3705 1135 3773 contrahuntur.
1182 3706 1347 3772 Accedere
1373 3715 1474 3794 potest

146 3796 335 3861 scandalum
351 3794 489 3860 aliorum
505 3799 539 3861 et
554 3792 681 3860 similia.
711 3795 767 3860 Ta.
781 3816 822 3862 on.
834 3795 859 3871 1,
871 3797 950 3869 251;
965 3794 996 3863 S.
1010 3795 1130 3878 Alph,
1145 3796 1246 3860 Homo
1258 3803 1358 3881 apost.
1370 3795 1428 3874 IX,
1441 3800 1472 3863 9.

236 3901 274 3966 R.
301 3904 330 3968 6.
377 3900 595 3966 Nihilominus
617 3900 670 3966 hio
693 3921 758 3965 non
781 3902 833 3966 est
856 3901 915 3966 abs
938 3921 974 3965 re
998 3901 1171 3967 advertere
1195 3901 1293 3967 aliter
1315 3922 1473 3967 nonnum-

147 4011 245 4073 quam
261 4012 320 4074 per
335 3990 485 4056 accidens
500 3989 708 4055 iudicandum
724 4011 797 4055 esse
814 3989 853 4054 de
872 4011 921 4069 eo,
946 3990 1000 4072 qni
1016 4014 1101 4056 norro
1117 3990 1245 4072 quidem
1262 3990 1304 4056 ad
1320 3991 1472 4057 meliores

147 4100 254 4145 mores
270 4101 306 4145 se
321 4079 548 4163 composuerit,
562 4079 669 4162 quoad
685 4079 896 4162 praeteritum
914 4085 1023 4145 autem
1040 4079 1209 4162 gloriando
1225 4083 1341 4146 narrat
1355 4081 1472 4162 gravia

147 4189 207 4234 sua
230 4174 366 4253 peccata
390 4167 460 4233 sive
482 4189 563 4233 vera
585 4168 656 4234 sive
678 4168 803 4235 fictitia.
821 4207 861 4217 —
881 4168 971 4246 Quod
995 4172 1029 4233 in
1053 4190 1086 4233 se
1107 4168 1237 4250 quidem
1254 4188 1375 4252 graves
1396 4191 1472 4235 con·

147 4258 231 4325 tinet
254 4257 407 4337 malitias,
432 4262 469 4324 ut
491 4257 612 4324 dictum
638 4262 706 4335 est3
730 4258 787 4323 sed
810 4257 881 4323 fieri
904 4262 1024 4342 potest,
1055 4260 1093 4322 ut
1122 4256 1265 4324 iactator
1287 4257 1344 4323 ille
1366 4279 1472 4340 neque

147 4348 188 4413 ad
213 4348 402 4414 scandalum
419 4368 524 4430 neque
547 4345 590 4413 ad
612 4347 695 4412 alias
710 4346 854 4413 malitias
870 4347 1031 4425 attendat,
1056 4367 1160 4428 neque
1176 4368 1255 4413 vere
1278 4347 1472 4433 inpeccatis

147 4437 212 4502 illis
228 4437 498 4521 complacentiam
516 4436 647 4514 habeat,
671 4436 728 4502 sed
752 4436 856 4502 solum
879 4456 1000 4501 vanam
1023 4435 1162 4517 gloriam
1186 4440 1325 4519 quaerat
1348 4437 1389 4503 de
1412 4457 1472 4503 sua

148 4527 240 4608 quasi
264 4526 402 4593 audacia
425 4531 459 4593 et
482 4526 523 4591 de
545 4525 675 4608 iugenio
700 4525 740 4590 ad
765 4546 818 4590 res
834 4524 1114 4591 extraordinarias
1130 4525 1267 4609 proclivi
1290 4529 1325 4591 et
1342 4531 1470 4609 parato.

148 4614 184 4680 In
214 4616 272 4682 tali
304 4637 382 4682 casn
406 4614 585 4682 subiective
609 4614 759 4681 excusari
782 4618 893 4699 potest
922 4618 1100 4699 apeccato
1124 4614 1230 4697 gravi.
1277 4614 1324 4681 cf.
1350 4615 1472 4682 Elbel
