3106 5168
207 282 361 338 Dominium
380 285 408 337 et
425 281 486 336 iura
503 280 672 349 singulorum
690 280 829 335 hominnm
848 310 881 319 -
901 283 969 336 bona
987 284 1107 348 filiorum
1123 284 1254 350 fanium.
1328 287 1391 351 287

64 459 164 525 rebus
186 459 373 526 domesticis
397 457 554 524 auxilium
576 462 764 542 praestare;
788 479 893 541 neque
916 480 975 542 pro
999 460 1060 525 boc
1083 460 1196 539 labore
1217 459 1392 542 quidquam

65 548 290 615 retributionis
318 548 388 613 iure
418 569 477 613 suo
507 547 675 631 postulare
704 552 825 632 potest.
873 548 961 614 Satis
991 548 1076 614 enim
1103 549 1134 614 ei
1156 570 1230 614 esse
1252 548 1393 617 debeta

64 638 257 722 parentibus
281 637 412 703 educari
435 643 470 704 et
492 637 681 704 sustentari.

154 728 207 794 Ita
228 727 280 792 ius
304 727 412 793 Germ.
430 725 447 809 ἕ
466 728 551 791 1609
575 747 731 809 expresse
755 725 883 804 statuit,
907 725 1004 809 idque
1027 726 1157 792 omnino
1181 727 1392 795 conformiter

64 817 208 882 naturali
231 815 299 898 legi
320 815 455 900 pietatis
478 813 586 880 filialis
610 836 689 898 erga
713 820 877 899 parentes.

153 921 191 987 a.
217 924 248 986 2.
295 920 367 986 Hac
390 920 423 985 in
446 941 482 986 re
505 941 585 986 sane
607 942 672 985 non
696 924 806 1003 potest
829 920 1002 986 discrimen
1025 919 1104 985 illud
1128 921 1265 999 attendi,
1293 923 1389 1004 qnod,

61 1010 90 1074 si
114 1010 225 1093 plures
248 1009 358 1076 adsint
380 1009 448 1085 filii,
472 1008 529 1075 alii
551 1009 624 1076 aliis
648 1009 721 1094 plus
744 1009 887 1075 fortasse
910 1010 1061 1076 laborent
1084 1015 1119 1077 et
1136 1010 1169 1075 in
1186 1032 1388 1077 communem

63 1098 241 1166 utilitatem
269 1099 449 1165 conferant.
497 1099 588 1175 Quod
612 1098 640 1163 si
663 1097 795 1182 reipsa
818 1098 1007 1165 notabiliter
1030 1099 1187 1177 obt-inuit,
1216 1104 1390 1183 parentum

63 1193 124 1266 est,
150 1210 192 1253 ex
210 1188 379 1270 aequitate
402 1188 544 1269 quadam
562 1187 744 1272 providere,
770 1193 807 1253 ut
822 1187 915 1252 donis
932 1188 985 1252 vel
1008 1188 1210 1270 praelegatis
1225 1188 1390 1271 quandam

62 1277 298 1360 aequalitatem
328 1276 493 1343 inducant.
541 1277 663 1343 Stricta
693 1281 805 1342 tamen
829 1281 929 1359 atque
952 1276 1099 1344 iustitiae
1122 1277 1278 1360 obligatio
1308 1278 1390 1343 haee

63 1388 129 1432 non
152 1371 213 1433 est.

152 1465 190 1530 a.
209 1467 239 1530 3.
271 1463 305 1530 Si
328 1463 405 1546 quid
427 1463 609 1547 impensum
626 1467 677 1529 est
695 1462 727 1527 in
753 1462 979 1529 educationem
1003 1463 1098 1528 unius
1120 1462 1179 1528 filii
1201 1484 1281 1548 prae
1305 1464 1387 1543 aliis,

61 1553 159 1635 idque
196 1552 385 1619 notabiliter
414 1554 554 1618 excedat
586 1573 788 1623 communem
819 1553 1039 1618 condicionem
1068 1556 1258 1637 parentum:
1297 1554 1389 1635 leges

61 1642 223 1725 positivae
246 1642 427 1725 generatim
451 1642 687 1727 praescribunt,
712 1647 749 1708 ut
765 1642 819 1706 ille
835 1663 991 1707 excessus
1007 1646 1223 1725 computetur,
1247 1644 1387 1724 quando,

61 1732 226 1798 defunctis
260 1730 469 1814 parentibus,
508 1730 660 1796 facienda
693 1731 737 1797 sit
772 1731 929 1796 bonorum
961 1730 1096 1809 divisio,
1136 1730 1198 1796 nisi
1233 1737 1388 1814 parentes

60 1820 92 1885 id
123 1820 290 1886 vetuerint
321 1821 466 1902 adeoque
496 1820 677 1886 liberaliter
706 1820 762 1885 uni
791 1821 857 1886 filio
890 1820 963 1902 plus
993 1840 1089 1901 quam
1121 1819 1194 1885 aliis
1224 1821 1388 1887 voluerint

61 1911 185 1976 favere.

150 2006 189 2073 R.
209 2010 239 2073 4.
273 2006 306 2072 Si
330 2007 459 2088 quando
481 2006 568 2072 filius
590 2009 695 2071 νησίον
716 2006 826 2088 pergit
849 2005 998 2070 laborare
1021 2005 1055 2070 in
1079 2005 1174 2070 domo
1198 2009 1231 2071 et
1254 2006 1387 2091 negotio

59 2100 208 2179 paterno,
233 2096 288 2161 ille
312 2103 401 2162 certe
425 2096 573 2161 mercede
597 2096 714 2178 dignus
738 2100 798 2168 est,
823 2093 884 2159 nisi
908 2095 1022 2160 volens
1045 2095 1274 2177 resignaverit.
1316 2096 1387 2174 Qua

59 2185 93 2249 in
109 2206 145 2251 re
167 2186 237 2251 fieri
254 2189 374 2269 potest,
399 2189 436 2251 ut
451 2185 541 2268 leges
555 2192 764 2270 praesumunt
780 2183 1034 2265 resignationem
1051 2188 1085 2251 et
1101 2184 1268 2250 liberalem
1285 2184 1387 2251 dona·

60 2274 181 2340 tionem
213 2295 255 2339 ex
285 2280 381 2359 parte
406 2274 463 2339 filii
493 2273 593 2340 etiam
616 2273 650 2338 in
672 2273 713 2338 iis
737 2272 880 2350 casibus,
911 2272 1084 2355 inquibus
1115 2273 1147 2338 id
1181 2295 1385 2356 nequaquam

59 2363 173 2439 voluit,
198 2365 255 2428 sed
279 2364 382 2428 solum
407 2384 449 2427 ex
474 2367 624 2446 respectu
647 2383 727 2444 erga
750 2366 904 2445 parentes
928 2383 1083 2446 expresse
1106 2383 1170 2428 non
1194 2364 1385 2446 postulavit,

60 2454 99 2518 de
124 2458 233 2520 cetero
258 2457 454 2535 exspectans
478 2452 558 2529 fore,
583 2456 619 2517 ut
642 2451 704 2516 sibi
727 2451 948 2535 compensatio
972 2472 992 2516 a
1015 2452 1205 2535 parentibus
1227 2453 1295 2519 fiat.

148 2567 202 2632 An
225 2587 417 2642 queremur
442 2569 481 2630 2¹¹²
504 2566 542 2632 R.
563 2570 590 2632 1.
624 2565 807 2630 Videndum
832 2570 909 2632 ante
932 2566 1041 2631 omnia
1064 2569 1126 2643 est,
1150 2587 1226 2631 num
1250 2567 1385 2633 Carolus
1395 2581 1447 2636 564

58 2655 187 2721 labores
218 2676 295 2721 suos
325 2654 521 2740 impenderit
552 2676 616 2737 qua
646 2655 731 2720 filins
763 2654 959 2720 maiorennis
994 2687 1037 2698 -
1074 2654 1106 2719 id
1138 2656 1223 2738 quod
1255 2656 1385 2722 videtur

60 2746 189 2810 omnino
221 2766 263 2810 ex
296 2767 373 2810 casn
408 2745 545 2810 elucere.
602 2743 688 2808 Nam
722 2765 781 2828 pro
813 2743 998 2821 laboribus,
1034 2765 1115 2827 quos
1150 2745 1317 2829 praestitit
1351 2746 1384 2811 in

59 2837 170 2901 aetate
200 2833 343 2912 minore,
375 2833 404 2898 si
435 2833 566 2918 proprio
595 2837 702 2899 marte
732 2832 794 2898 sibi
824 2838 933 2900 sumat
963 2835 1280 2917 compensationem,
1314 2835 1385 2918 agit

58 2923 187 2989 iniuste.

148 3022 186 3087 R..
204 3024 234 3087 2.
267 3020 350 3086 Dein
366 3019 468 3085 videri
492 3021 598 3096 debet,
623 3040 698 3082 num
722 3023 817 3103 pater
833 3019 948 3084 Carolo
965 3020 1143 3085 maiorenni
1160 3042 1250 3104 spem
1267 3020 1384 3087 fecerit

58 3116 168 3176 certae
198 3110 334 3175 alicuius
363 3130 526 3185 summae,
559 3129 656 3190 quam
686 3129 765 3191 prae
789 3107 862 3173 aliis
885 3108 960 3172 filiis
983 3109 1013 3173 ei
1036 3130 1095 3192 pro
1119 3110 1383 3192 compensatione

58 3199 136 3265 dare
152 3200 304 3274 voluerit,
328 3199 385 3264 sed
403 3221 422 3264 a
438 3219 502 3279 qua
518 3198 697 3263 efficaciter
713 3197 830 3275 danda,
855 3203 959 3264 morte
974 3205 1184 3280 praeventus,
1208 3197 1383 3282 impeditus

57 3289 109 3355 sit.
144 3290 177 3354 Si
200 3290 249 3355 ita
272 3293 333 3362 est,
358 3288 439 3352 haec
462 3286 633 3370 promissio
656 3291 767 3368 potest
790 3286 987 3352 considerari
1013 3292 1050 3353 nt
1073 3308 1211 3353 onerosa
1232 3292 1266 3353 et
1289 3290 1381 3370 qnasi

57 3398 98 3442 ex
128 3378 254 3445 iustitia
285 3378 339 3442 vel
368 3383 405 3443 ut
435 3376 607 3442 conventio
637 3376 797 3457 quaedam
825 3375 926 3441 filium
956 3376 1042 3442 inter
1072 3380 1106 3441 et
1136 3381 1282 3459 patrem,
1318 3398 1381 3459 qno

60 3467 340 3534 determinabatur
363 3465 595 3549 compensatio,
620 3487 717 3547 quam
741 3465 876 3529 Carolus
900 3465 1067 3547 postulare
1090 3465 1161 3530 iure
1183 3469 1325 3548 poterat.

146 3557 215 3634 Quo
245 3557 277 3621 in
305 3578 400 3633 casu,
430 3555 493 3621 etsi
516 3556 607 3636 leges
629 3554 792 3637 positivae
815 3554 930 3620 Carolo
954 3576 1019 3619 non
1041 3555 1090 3621 ita
1112 3555 1280 3632 faverent,
1311 3556 1381 3639 ipse

56 3645 264 3710 nihilominus
287 3646 319 3710 in
343 3646 415 3710 foro
439 3643 657 3710 conscientiae
680 3646 806 3727 posset,
831 3643 931 3708 etiam
954 3645 1083 3710 occulta
1106 3643 1380 3728 compensatione,

57 3756 99 3799 ex
122 3735 215 3800 bonis
237 3733 384 3818 paternis
407 3738 536 3800 tantum
559 3753 698 3811 sumere,
727 3737 884 3815 quantum
908 3737 1003 3816 pater
1025 3732 1229 3800 iudicaverit.

145 3839 184 3905 R.
209 3842 239 3906 3.
286 3838 406 3915 Quodsi
435 3838 514 3903 nibil
544 3837 678 3921 positivi
701 3841 810 3902 actum
834 3838 879 3904 sit
901 3838 987 3904 inter
1010 3838 1161 3904 Carolum
1185 3842 1219 3903 et
1242 3842 1379 3921 patrem,

56 3949 161 4011 neque
192 3933 303 3995 tamen
334 3932 431 4011 pater
461 3927 636 4010 positivam
668 3927 874 3992 voluntatem
907 3927 1051 3993 ostendit
1088 3927 1162 3993 aliis
1194 3927 1269 3992 liliis
1301 3949 1380 4012 prae

56 4017 172 4082 Carolo
210 4018 282 4101 plus
320 4017 453 4093 favere,
492 4016 544 4080 vel
580 4014 729 4081 Carolum
761 4015 843 4081 satis
873 4036 1034 4100 superque
1063 4020 1306 4083 remuneratum
1340 4017 1382 4081 iri

56 4107 140 4173 dixit
172 4107 300 4188 aequali
332 4127 405 4172 cnm
436 4104 509 4170 aliie
541 4105 733 4171 hereditatis
763 4104 928 4189 portione:
966 4105 1100 4171 Carolus
1128 4105 1248 4171 iniuste
1280 4126 1379 4188 agere

56 4218 120 4261 non
137 4195 275 4273 videtur,
300 4196 327 4260 si
351 4199 429 4261 ante
453 4194 623 4276 aequalem
641 4194 799 4259 bonorum
815 4199 1025 4276 paternorum
1042 4193 1233 4260 divisionem
1248 4199 1378 4260 tantum

55 4289 174 4363 sumat,
199 4285 313 4367 quanti
335 4285 379 4350 sit
402 4282 642 4349 rationabiliter
665 4288 699 4348 et
722 4284 890 4349 moderate
913 4283 1135 4349 aestimandus
1157 4282 1251 4348 labor
1273 4288 1307 4349 et
1329 4283 1379 4346 in-

55 4374 190 4451 dustria,
215 4395 311 4456 quam
335 4374 405 4457 ipae
428 4392 508 4457 prae
532 4371 605 4436 aliis
619 4372 652 4436 in
669 4392 870 4437 communem
887 4372 1063 4439 utilitatem
1081 4372 1271 4439 contulerit:
1295 4392 1379 4453 quae

55 4464 241 4530 aestimatio
265 4462 361 4529 facile
385 4463 426 4527 ad
450 4461 576 4544 aliquot
599 4460 689 4526 milia
704 4481 888 4527 marcarum
912 4466 1022 4544 potest
1045 4461 1240 4544 pertingere.
1271 4460 1378 4525 Nemo

54 4574 134 4619 sane
150 4558 326 4619 extranens
342 4573 373 4618 v,
387 4574 418 4635 g.
433 4572 540 4616 annuo
553 4550 673 4615 salario
687 4550 810 4632 aliquot
823 4556 1033 4616 centenarum
1052 4571 1236 4615 marcarum
1250 4547 1379 4614 videtur

55 4647 228 4710 contentus
251 4641 368 4717 fuisse;
393 4640 479 4706 tilius
503 4646 613 4706 autem
637 4639 779 4704 familias
801 4661 867 4704 non
890 4643 942 4705 est
965 4644 1122 4706 extraneo
1145 4638 1297 4705 deterior.
