3106 5168
361 302 504 357 Cessurae.
524 333 559 340 —
581 276 757 358 Excemmun.
777 304 805 358 in
818 307 996 373 permetientes
1013 307 1145 359 clericum.
1348 310 1412 374 535

183 479 415 544 Contradicuut
439 479 695 555 Pennacchi,
721 480 900 562 Commeat,
924 480 1226 546 Bellen-Palm.
1250 485 1293 547 tr.
1311 483 1330 547 9
1347 483 1412 548 c.2

93 591 127 635 n.
151 571 233 642 343;
258 567 527 635 D'Annibale.
560 567 624 633 Sed
646 589 711 633 nen
727 567 831 645 video,
856 569 1015 651 quomode
1031 568 1092 634 sibi
1109 573 1270 647 constent,
1293 569 1327 634 in
1342 570 1412 635 sele

92 658 155 722 bec
179 663 300 740 puncto
323 657 472 723 strictam
502 656 807 741 interpretationem
830 660 1021 738 sequentes,
1053 679 1125 723 eum
1147 657 1181 722 in
1204 659 1275 742 ipso
1299 659 1412 724 eedem

94 746 233 813 articulo
261 747 363 811 verba
392 746 450 811 illa
473 747 651 828 ,Violentus
680 768 796 810 munus
827 746 1006 813 inicientes“
1031 748 1085 812 vel
1112 750 1294 832 ,utriusque
1319 769 1412 814 secas

92 834 280 900 nteneches“
314 836 381 901 late
410 835 675 918 interpretentur.
722 834 854 901 Scilicet
883 858 919 900 eu
951 835 1066 902 stricte
1095 836 1288 918 intellegere
1317 856 1411 902 neme

95 945 247 1006 umquam
271 945 370 988 ausus
393 928 453 990 est.
500 924 706 1007 Consequens
730 927 794 1002 est,
826 928 862 989 ut
891 933 954 990 tete
984 925 1078 989 huius
1101 924 1231 990 articuli
1253 925 1413 1010 interpre-

92 1013 177 1080 tatio
201 1012 343 1079 retiueat
366 1033 496 1077 sensum
519 1034 613 1077 suum
636 1013 749 1091 latum,
774 1033 870 1095 quem
885 1013 1048 1096 privilegii
1070 1018 1190 1080 natura
1212 1014 1367 1097 postulat.

184 1102 304 1167 Fateor
326 1106 436 1167 tamen
459 1107 594 1186 prepter
615 1101 676 1167 bas
692 1102 933 1168 controversias
949 1123 1017 1167 rem
1033 1103 1081 1169 ita
1104 1103 1249 1169 evasisse
1272 1103 1412 1182 dubiam,

93 1193 132 1256 ut
159 1192 408 1273 ,cooperantes“
436 1211 499 1255 non
523 1190 662 1274 amplius
686 1190 748 1255 dici
771 1190 898 1274 possint
920 1195 1126 1257 reservatieni
1149 1192 1331 1269 subiacere,
1355 1191 1414 1258 sed

94 1281 132 1344 ut
156 1301 301 1354 censura,
326 1301 422 1362 quam
446 1279 501 1345 ulii
524 1280 639 1345 adesse
661 1283 795 1361 negant,
820 1280 986 1347 affirmant
1009 1281 1073 1359 alii,
1099 1284 1213 1365 utpote
1236 1281 1333 1346 dubia
1356 1281 1414 1346 ab·

93 1367 179 1433 solvi
202 1368 305 1451 possit
328 1389 348 1433 a
371 1368 570 1434 confessario
594 1369 748 1451 quelibet.

184 1473 223 1539 R.
248 1476 278 1538 4.
309 1475 487 1554 ,Violentes
510 1496 625 1539 uranus
647 1473 783 1540 inicerc“
808 1473 1013 1557 intelligetur
1035 1474 1077 1541 ab
1102 1475 1250 1541 omuibus
1272 1475 1312 1540 de
1336 1486 1470 1562 qao-104

94 1564 168 1627 libet
191 1565 315 1628 irriurie
336 1567 429 1647 preci
451 1566 534 1628 real-i
555 1585 609 1629 seu
631 1565 811 1648 corpereli;
831 1564 977 1630 actiones
992 1569 1218 1631 recensentur:
1243 1568 1413 1649 percutere

94 1652 234 1730 (baculo,
258 1651 351 1735 pede,
374 1651 482 1734 lapide
499 1651 586 1731 ete),
611 1673 799 1735 conspuere,
823 1653 936 1718 sordes
952 1653 985 1718 in
1006 1674 1079 1718 eum
1104 1653 1261 1732 conicere,
1286 1673 1412 1737 capere,

94 1740 253 1818 detinere,
277 1739 438 1822 (etiamid
455 1744 588 1821 cesserit,
613 1740 646 1804 in
662 1762 790 1822 equum,
808 1741 859 1806 eui
875 1741 995 1808 insidet
1007 1742 1152 1821 clericus,
1177 1742 1244 1807 vim
1260 1743 1414 1808 adhibere

94 1849 233 1909 eumque
256 1829 407 1906 retinere,
432 1829 583 1895 clericum
596 1831 756 1913 persequi,
781 1829 828 1894 ita
844 1835 881 1896 ut
892 1831 1022 1913 fugiens
1037 1835 1170 1897 corruat
1185 1852 1243 1897 seu
1266 1832 1413 1908 labatur;

94 1919 209 2001 paucis
232 1918 384 1983 clericum
408 1917 489 1983 reali
512 1917 640 1984 actione
664 1919 711 1984 ita
734 1919 882 1996 laedere,
906 1924 943 1984 ut
966 1920 1093 2003 corpori
1116 1921 1169 1985 vel
1193 1920 1337 1986 libertati
1361 1921 1414 1985 vel

95 2006 249 2160 dig13ri4tgti
279 2007 386 2072 clerici
417 2012 644 2074 nocumentum
674 2009 841 2075 afferatur.
897 2007 943 2074 cf.
975 2008 1308 2074 Bellen-Palm.
1339 2009 1359 2076 l.
1386 2030 1412 2076 c.

95 2117 127 2161 n.
220 2148 227 2162 .

184 2192 222 2259 R.
248 2195 278 2258 5.
327 2194 466 2258 tterr'cus
495 2192 697 2274 intellegitur
726 2193 919 2275 quicumque
949 2202 1082 2258 tonsura
1111 2193 1259 2260 initiatus
1287 2198 1354 2272 est,
1385 2194 1414 2259 si

96 2282 192 2346 mede
216 2280 352 2346 alicuius
376 2280 533 2346 ecclesiae
558 2282 692 2348 servitio
709 2286 760 2347 est
786 2282 969 2366 adscriptus
992 2303 1097 2364 neque
1112 2288 1246 2366 prepter
1269 2283 1414 2349 enormia

95 2370 232 2436 erimina
254 2369 425 2454 privilegio
448 2370 607 2454 privatus.
631 2407 674 2415 —
698 2373 849 2436 Menoetii
871 2369 1106 2453 intelleguntur
1122 2371 1315 2455 quicumque
1337 2371 1414 2437 reli·

95 2459 180 2541 giesi
203 2459 273 2523 sive
296 2459 358 2523 viri
381 2459 452 2524 sive
475 2459 631 2537 feminae,
664 2459 762 2525 etiam
786 2481 884 2526 sensu
907 2461 991 2538 lato,
1024 2461 1077 2526 vel
1100 2461 1240 2527 tertiarii
1269 2461 1302 2526 in
1326 2482 1414 2525 cem-

96 2548 311 2614 muuitatibus
335 2548 501 2625 viventes,
536 2549 636 2614 etiam
668 2549 789 2615 fratres
819 2550 872 2614 vel
902 2570 1031 2615 soreres
1060 2553 1152 2634 laici,
1184 2554 1284 2631 atque
1314 2549 1414 2616 etiam

96 2640 228 2720 nouitii,
258 2637 356 2703 etiam
381 2637 554 2715 eremitae,
585 2637 640 2719 qui
663 2638 717 2702 vel
739 2639 799 2703 sub
823 2643 914 2705 certa
937 2640 1051 2721 regula
1076 2644 1110 2706 et
1134 2638 1338 2705 oboedientia
1361 2639 1415 2704 vel

94 2727 129 2791 in
153 2726 287 2790 servitio
311 2725 468 2791 ecclesiae
492 2726 616 2793 vivunt.
670 2728 724 2795 Tb.
749 2750 789 2793 re.
814 2727 854 2804 ΙΙ,
881 2730 955 2794 944.

185 2833 223 2898 R.
250 2836 279 2897 6.
327 2831 441 2913 Neque
464 2836 544 2915 pute
566 2832 728 2897 rationem
751 2833 967 2898 sufficientem
983 2832 1067 2897 sumi
1091 2854 1186 2916 pesse
1210 2853 1252 2898 ex
1276 2833 1413 2899 articulo

96 2920 204 2986 bullae
228 2924 335 3006 Apost.
361 2922 452 3002 Sed,
477 2942 535 2986 eur
558 2921 681 2988 abolita
704 2922 748 2986 sit
771 2921 940 3005 dispositio
964 2921 1044 2986 ioris
1068 2921 1205 2998 veteris,
1237 2923 1414 2988 seeundum

96 3030 193 3091 quam
223 3010 307 3074 hanc
337 3031 506 3074 censuram
537 3009 636 3076 etiam
668 3012 841 3095 impuberes
871 3010 998 3093 possint
1026 3009 1209 3076 incurrere:
1243 3010 1283 3077 cf.
1315 3031 1414 3094 supra

95 3121 127 3165 n.
152 3101 215 3164 999
233 3120 280 3180 sq.

188 3187 344 3252 Similiter
366 3187 421 3267 qui
444 3186 505 3251 hec
529 3185 663 3251 crimine
686 3186 733 3251 rei
758 3191 791 3252 et
814 3208 970 3252 censurae
994 3186 1124 3251 obnoxii
1148 3192 1234 3265 sunt,
1258 3191 1295 3253 ut
1319 3190 1415 3253 ederi

96 3277 246 3352 debeant,
263 3298 327 3342 nen
344 3275 519 3356 requiritur
536 3275 737 3341 denuntiatio
754 3275 1097 3341 excommunicationis
1110 3275 1300 3341 nominatim
1312 3277 1412 3354 facta,

98 3364 156 3429 sed
188 3365 309 3430 suflicit
343 3364 391 3429 rei
421 3365 617 3441 neterietas‚
651 3364 699 3430 ita
730 3369 766 3430 ut
800 3364 926 3429 notorie
957 3371 991 3430 et
1021 3364 1151 3429 indubie
1181 3368 1309 3431 constet
1341 3385 1415 3430 eum

96 3460 232 3538 prepter
247 3454 314 3521 tale
330 3452 535 3534 sacrilegium
552 3453 584 3518 in
601 3453 965 3519 excommunicationem
982 3452 1150 3519 incidisse:
1167 3453 1200 3518 id
1216 3453 1302 3535 qued
1318 3475 1412 3532 nunc,

96 3543 124 3608 si
149 3544 187 3607 de
212 3544 276 3608 reis
299 3542 535 3626 impuberibus,
567 3543 618 3607 vel
648 3542 687 3606 de
717 3541 795 3607 selis
825 3543 1090 3626 cooperatoribus
1120 3563 1227 3607 sermo
1251 3547 1319 3622 est,
1350 3565 1414 3608 nen

97 3632 236 3714 amplius
260 3631 496 3711 verificabitur,
528 3653 566 3696 ee
590 3632 675 3713 quod
699 3631 799 3713 aliqui
827 3630 971 3713 theologi
995 3632 1035 3696 de
1059 3652 1170 3696 eorum
1194 3631 1414 3697 excommuni-

98 3722 227 3786 catione
250 3721 408 3787 dubitent.

186 3837 239 3901 Ae
263 3856 454 3912 eusnsrruu
478 3839 516 3899 2¹²
538 3835 577 3901 R.
603 3838 630 3901 l.
663 3834 774 3909 Quoad
797 3834 1054 3899 reservationem
1076 3833 1171 3898 huius
1194 3835 1415 3900 exeommuni·
1426 3852 1470 3906 104

97 3925 235 3990 cationis
260 3924 423 3991 distinctio
453 3926 492 3990 fit
524 3925 557 3988 in
590 3923 830 4007 percussionem
852 3926 964 4006 leuem,
995 3945 1138 4008 precem,
1171 3946 1344 3989 enerrncm:
1367 3924 1415 3990 ita

97 4019 226 4092 tamen,
251 4018 288 4079 ut
311 4014 344 4078 in
368 4014 513 4094 qualibet
543 4034 642 4078 causa
671 4012 788 4077 iniuria
810 4012 923 4094 gravis
947 4018 981 4078 et
1004 4016 1173 4096 peccatum
1204 4012 1342 4078 mortale
1365 4012 1415 4076 in·

97 4104 283 4185 tellegatur.

187 4194 280 4257 Leuis
304 4190 437 4266 dicitur,
471 4211 555 4272 quae
585 4191 737 4255 damnum
760 4210 824 4254 nen
850 4188 962 4255 intulit
985 4209 1087 4270 grave
1122 4189 1174 4254 vel
1197 4210 1261 4253 nen
1284 4189 1416 4272 reliquit

97 4281 147 4345 sui
170 4280 362 4362 vestigium:
388 4283 532 4356 morenis,
557 4300 641 4361 quae
665 4281 838 4345 coniuncta
854 4281 906 4343 est
929 4299 1001 4343 cum
1024 4280 1221 4344 mutilatione
1242 4279 1294 4342 vel
1317 4278 1415 4344 simili

98 4370 192 4451 gravi
224 4371 340 4435 damno
373 4370 426 4434 vel
457 4368 556 4433 etiam
588 4389 659 4433 cum
688 4367 784 4433 valde
816 4366 920 4432 atroci
949 4367 1067 4432 iniuria
1099 4366 1225 4432 ratione
1257 4388 1415 4449 personae

97 4460 224 4536 laesae;
249 4459 344 4525 aliter
368 4458 486 4524 dicitur
509 4456 698 4540 simpliciter
717 4459 836 4541 praeis.

187 4566 226 4630 It.
252 4566 281 4630 2.
329 4564 380 4628 Ex
403 4563 474 4629 iure
498 4562 658 4628 communi
675 4564 850 4647 Episcopus
866 4562 1038 4627 absolvere
1054 4566 1180 4644 petest:
1207 4562 1239 4642 l)
1263 4560 1415 4641 squavia

98 4653 306 4738 percussione
330 4655 412 4732 leei,·
435 4653 469 4733 2)
493 4672 514 4716 a
536 4651 745 4735 percussione
766 4654 861 4734 praei
883 4672 949 4722 eos.
974 4650 1028 4732 qui
1051 4651 1085 4715 in
1109 4649 1342 4716 communitate
1365 4649 1415 4714 vi·

1464 4786 1470 4865 i
