3106 5168
328 299 485 355 luris'laesi
502 301 637 370 reparatio
656 331 690 338 -
709 301 870 356 restituendi
889 304 982 356 »nodus
1000 310 1023 355 et
1042 304 1115 357 ordo.
1318 305 1383 369 383

61 476 228 543 rest'tutio
260 476 477 560 primogenito
509 478 574 542 filio
607 477 697 544 factu
727 478 871 545 debitum
904 477 1117 555 exstinxerit,
1151 477 1178 542 si
1210 478 1265 542 ille
1297 478 1383 543 filius

60 564 298 649 primogenitus
321 566 421 633 fuerit
443 567 532 631 solus
555 566 650 631 heres
674 588 714 632 ex
739 589 829 645 asse,
861 568 916 649 qui
939 567 1012 632 aliis
1035 566 1193 633 fratribus
1215 567 1269 632 vel
1292 589 1383 633 soro-

59 656 151 720 ribus
175 660 299 720 certum
322 659 450 721 tantum
475 675 514 719 ac
530 655 781 722 determinatam
805 677 964 722 summam
988 677 1047 740 pro
1070 656 1190 737 legatis
1214 678 1255 721 ex
1278 661 1383 722 testa·

59 747 172 809 mento
196 744 332 809 reddere
349 745 482 810 debeat:
508 744 593 826 quod
617 746 831 812 communiter
853 767 917 811 non
940 746 1025 811 solet
1048 744 1188 811 evenire.
1225 745 1259 811 Si
1282 745 1383 827 igitur

60 834 159 898 aliter
182 833 237 898 alii
268 833 367 899 etiam
394 834 452 898 filii
475 854 514 898 ac
537 833 624 899 filiae
648 839 780 915 quotam
812 839 942 918 partem
971 833 1165 900 hereditatis
1195 835 1382 918 acceperint

60 924 114 988 vel
146 923 312 1006 accepturi
342 922 424 999 sint,
456 922 489 987 in
519 923 666 1005 singulos
696 945 754 1006 pro
784 928 860 990 rata
887 929 1042 1008 acceptae
1071 923 1264 989 hereditatis
1294 924 1382 988 mille

59 1034 192 1079 marcae
216 1017 250 1078 et
277 1011 416 1095 amplius
440 1011 589 1077 distribui
614 1012 742 1078 debent.

247 1216 251 1225 ¹
349 1230 460 1295 MODI
485 1228 783 1296 RESTITUENDI
807 1229 999 1296 OCCULTE
1024 1229 1092 1313 (ll).

617 1387 727 1454 Casus.
754 1396 830 1463 (234)

151 1525 286 1585 Getulius
314 1525 420 1600 igitur,
449 1525 556 1601 prioris
580 1545 668 1586 casus
690 1527 818 1597 debitor,
848 1547 912 1586 cum
937 1527 1113 1586 confessarii
1140 1526 1383 1603 approbationem

59 1607 155 1682 quoad
178 1626 262 1665 suum
283 1606 459 1665 restituendi
479 1606 596 1665 modum
617 1626 676 1666 non
697 1607 839 1684 accipiat,
862 1608 1043 1666 confessario
1066 1626 1208 1666 summam
1229 1605 1328 1676 tradit,
1350 1612 1384 1665 ut

58 1687 179 1745 meliore
201 1705 257 1761 quo
285 1684 381 1762 possit
407 1687 493 1745 modo
514 1688 598 1762 quasi
627 1707 664 1745 ex
685 1687 845 1763 longinquo
873 1707 1014 1746 summam
1042 1687 1123 1746 illam
1145 1686 1259 1747 domino
1287 1692 1382 1746 trans·

58 1768 166 1826 mittat.
210 1766 265 1836 Qui
294 1766 521 1842 chirographum
549 1767 628 1826 mille
655 1787 818 1827 marcarum
843 1768 949 1828 litteris
971 1768 1115 1827 inclusum
1139 1767 1169 1826 iu
1191 1767 1295 1826 dissito
1317 1767 1382 1826 loco

58 1867 112 1924 per
126 1847 255 1905 officium
276 1847 392 1922 postule
413 1846 578 1922 expedivit3
600 1866 712 1919 verum,
734 1855 766 1907 ut
787 1854 892 1925 postea
908 1848 1060 1925 comperit,
1081 1848 1199 1906 litterae
1219 1847 1289 1905 illae
1303 1848 1383 1906 furto

58 1928 196 1985 sublatae
217 1932 301 1996 suut,
330 1946 440 2002 neque,
470 1945 536 1984 curn
563 1936 753 1986 assecuratae
774 1947 834 1987 uon
856 1928 981 2001 fuerint,
1009 1928 1074 2004 ipse
1096 1930 1132 1986 ab
1154 1927 1251 1986 officio
1273 1927 1383 2003 postali

57 2014 233 2083 recepturus
254 2016 301 2066 est
321 2007 552 2067 indemnitatem.

59 2114 237 2185 Quanarrua
255 2116 292 2184 1⁰,
312 2112 338 2170 si
359 2112 508 2172 restitutio
529 2114 563 2172 fit
589 2133 642 2189 per
662 2114 851 2174 intermedias
872 2133 1031 2190 personas,
1060 2112 1246 2189 quandonam
1268 2112 1383 2172 debitor

313 2197 470 2251 censeatur
491 2213 562 2252 suae
584 2194 757 2269 obligationi
778 2195 970 2253 satisfecisse.

254 2283 284 2339 2ο
314 2283 447 2357 possitne
472 2281 607 2342 Getuliue
635 2283 671 2342 de
699 2284 844 2343 solutione
872 2289 906 2342 ut
933 2282 1070 2342 absoluta
1097 2301 1219 2341 securus
1248 2299 1314 2339 esse
1341 2300 1381 2339 an

312 2362 419 2421 debeat
440 2361 533 2421 denuo
555 2363 720 2424 restituere.

651 2545 787 2613 Solutio.

148 2681 201 2746 An
217 2703 407 2758 Qunasrrun
426 2686 463 2746 1¹³²
487 2683 525 2748 R.
546 2685 573 2751 1.
622 2683 655 2749 Si
678 2683 797 2750 solutio
821 2685 873 2749 vel
896 2683 1063 2751 restitutio
1086 2685 1124 2748 fit
1147 2703 1205 2765 per
1229 2682 1442 2761 alterum,760

56 2772 173 2852 regula
196 2792 255 2855 per
275 2793 311 2836 se
334 2773 449 2837 valens
472 2772 553 2838 haec
577 2775 637 2848 est,
662 2776 699 2838 ut
722 2773 925 2857 respiciatur,
951 2773 1041 2838 cuius
1065 2771 1194 2837 nomine
1217 2771 1272 2837 ille
1296 2772 1381 2837 alter

56 2861 277 2926 restitutionis
307 2882 466 2925 summam
496 2862 676 2945 receperit:
708 2866 816 2928 utrum
840 2862 969 2927 nomine
993 2860 1150 2927 debitoris
1179 2882 1221 2925 au
1251 2860 1380 2925 nomine

57 2950 239 3016 creditoris.
279 2950 313 3015 Si
336 2950 465 3014 nomine
482 2950 651 3016 creditoris
667 2952 810 3034 potuerit
830 2973 988 3016 summam
1006 2950 1150 3034 recipere
1169 2955 1203 3016 et
1219 2949 1380 3033 receperit

56 3060 92 3103 re
123 3039 212 3122 ipsa,
244 3061 303 3122 per
332 3039 423 3104 illam
452 3040 672 3123 receptionem
702 3040 894 3106 liberabitur
917 3040 1044 3105 debitor
1067 3061 1088 3104 a
1111 3060 1169 3102 suo
1194 3038 1320 3113 dehit0;
1352 3039 1379 3101 si

57 3149 136 3192 vero
161 3128 215 3192 ille
239 3128 450 3194 intermedius
473 3129 602 3194 nomine
626 3129 782 3194 debitoris
806 3130 903 3195 debet
927 3128 1079 3194 creditori
1109 3148 1177 3191 rem
1203 3127 1254 3190 vel
1281 3148 1379 3210 pecu-

56 3217 145 3282 niam
168 3218 367 3294 transferre,
392 3218 520 3283 debitor
543 3224 612 3284 tum
637 3220 765 3283 demum
788 3217 989 3294 liberabitur,
1015 3216 1143 3299 quaudo
1167 3214 1379 3281 intermedius

56 3306 212 3371 creditori
236 3327 289 3371 res
312 3306 495 3373 tradiderit.

148 3404 186 3470 R.
212 3408 241 3469 2.
288 3403 493 3487 Quapropter
516 3404 543 3469 si
566 3426 619 3469 res
649 3404 852 3470 restituenda
875 3409 1022 3488 tempore
1046 3401 1254 3478 intermedie,
1286 3403 1379 3466 aute-

56 3514 155 3575 quam
180 3493 222 3558 ud
245 3493 408 3559 domiuum
433 3516 490 3559 seu
515 3493 708 3561 creditorem
733 3494 935 3577 pervenerit,
959 3492 1061 3577 perit,
1087 3491 1266 3567 amittitur,
1290 3489 1379 3555 furto

56 3581 223 3647 aufertur:
247 3582 280 3645 in
296 3582 477 3665 posteriore
493 3583 665 3666 hypothesi
682 3583 843 3667 Responsi
862 3583 905 3647 1⁰²¹
921 3583 1098 3666 periculum
1115 3585 1150 3646 et
1165 3580 1213 3645 rei
1228 3579 1380 3646 interitus

55 3671 194 3736 ferenda
217 3675 293 3736 sunt
317 3672 509 3749 adehitore,
533 3674 566 3736 in
590 3672 697 3755 priore
720 3672 893 3756 hypothesi
917 3694 937 3738 a
958 3671 1134 3747 creditore;
1159 3691 1218 3754 pro
1243 3670 1380 3735 circum·

56 3760 189 3825 stantiis
206 3760 344 3825 diversis
367 3765 401 3826 et
425 3762 555 3827 diversa
578 3761 638 3826 viri
663 3761 847 3826 intermedii
870 3762 966 3845 culpa
982 3760 1050 3826 sive
1066 3760 1194 3826 debitor
1216 3759 1286 3826 sive
1310 3780 1381 3824 cre-

56 3849 145 3916 ditor
167 3850 208 3915 ad
233 3871 304 3914 eum
330 3849 459 3932 quidem
482 3871 648 3916 recursum
673 3851 804 3917 hubent.

147 3946 186 4012 R.
204 3949 233 4012 3.
275 3947 461 4013 Generatim
479 3949 579 4029 igitur
595 3948 657 4013 dici
674 3949 779 4025 debet,
804 3947 831 4013 si
848 3947 976 4030 quando
993 3946 1110 4012 solutio
1130 3968 1188 4031 per
1204 3947 1381 4028 quemlibet

56 4033 128 4101 fieri
152 4040 270 4118 potest,
295 4037 423 4102 debitor
446 4058 524 4101 vero
548 4059 606 4121 pro
630 4058 688 4102 suo
713 4037 847 4104 arbitrio
871 4042 905 4103 ct
928 4056 988 4100 sua
1010 4040 1126 4120 sponte
1150 4035 1290 4117 aliquem
1314 4036 1380 4099 ele·

56 4124 154 4206 gerit,
175 4125 354 4191 debitorem
371 4126 550 4210 periculum
566 4127 662 4204 ferre,
682 4127 784 4192 donec
800 4127 919 4192 solutio
935 4147 993 4209 per
1007 4125 1234 4190 intermedium
1251 4124 1379 4187 domino

56 4213 149 4280 facta
172 4213 280 4282 fuerit.
327 4215 361 4279 Si
385 4237 463 4280 vero
496 4215 637 4281 creditor
661 4215 801 4297 aliquem
826 4215 963 4297 elegerit
990 4215 1042 4279 vel
1067 4213 1205 4278 debitori
1237 4212 1379 4292 aliquem

57 4303 244 4385 eligendum
274 4305 496 4382 mandaverit,
527 4309 602 4388 post
631 4325 699 4368 rem
730 4305 778 4368 illi
805 4303 997 4370 intermedio
1021 4302 1091 4366 viro
1115 4301 1271 4366 traditam
1294 4300 1379 4383 peri-

57 4393 165 4457 culum
196 4413 216 4457 a
247 4392 391 4460 debitore
421 4394 454 4458 iu
485 4394 678 4459 creditorem
709 4394 917 4459 transfertur.
964 4392 1149 4456 Difficultas
1179 4389 1379 4453 solummodo

57 4480 172 4559 oritur,
196 4482 325 4564 quando
348 4484 468 4548 solutio
492 4483 562 4548 fieri
586 4483 698 4564 nequit
722 4483 905 4559 manifeste,
929 4486 1029 4564 atque
1048 4480 1140 4562 quasi
1164 4482 1282 4543 natura
1299 4477 1380 4542 duce

57 4570 176 4652 aliquis
200 4571 389 4653 designatus
414 4576 465 4637 est
488 4573 539 4636 cui
563 4572 622 4637 soli
646 4593 763 4636 munus
786 4571 969 4637 intermedii
1000 4574 1071 4635 tuto
1096 4567 1254 4633 committi
1284 4586 1380 4649 posse

37 4660 152 4739 solet.
200 4661 249 4726 De
273 4682 336 4743 quo
361 4662 394 4725 in
417 4662 565 4743 quaesito
589 4661 740 4726 secundo.
