3106 5168
216 292 369 347 ’1199919119
387 293 437 346 1111.
457 310 482 362 p.
503 295 658 346 conmeatus
676 324 709 332 -
730 293 813 345 contr.
833 289 969 344 defectus:
989 307 1068 344 error
1086 297 1109 344 et
1125 292 1216 357 fraus.
1311 293 1376 357 405

55 473 108 535 est
131 490 170 533 ac
194 490 249 533 999
273 473 419 534 statuere
442 468 566 544 nullos;
598 472 697 549 atque
727 488 784 532 eos
814 466 943 549 quidem
973 466 1019 530 sic
1048 466 1271 531 rescindibiles
1301 487 1377 550 pro·

55 559 196 633 nuntiat,
221 557 252 621 in
278 557 393 639 quibus
418 577 509 622 error
525 556 713 628 occurrerit,
738 559 793 641 qui
817 559 850 620 ia
873 554 1053 620 iomiaerico
1069 557 1207 620 19199119
1223 556 1379 621 habeatur

51 670 115 734 pro
138 649 316 728 essentiali,
347 646 476 729 quando
500 646 583 710 sumi
607 645 725 710 debeat
747 644 833 709 111199
857 644 977 710 9119119
1000 643 1218 725 cognitionem
1242 643 1377 726 impedi·

56 744 167 802 turam
192 735 293 799 fuisse
317 735 565 800 contrahentem
590 755 610 798 a
633 738 813 800 contractu.

146 833 201 896 lus
229 832 436 897 Gallicum
468 831 588 896 rectius
624 832 726 896 991199
762 829 953 913 1199991191
983 833 1172 895 9991199199
1204 830 1304 894 initos
1336 852 1379 895 ex

55 943 167 986 errore
192 921 243 985 vel
267 921 307 985 de
331 930 451 986 natura
475 924 663 985 contractus
686 920 738 984 vel
762 920 801 984 19
833 919 901 984 9199
931 921 1065 1000 obiecta·
1092 919 1118 983 si
1149 939 1241 984 error
1269 919 1380 984 iuerat

56 1012 97 1075 de
122 1010 283 1091 qualitate
307 1008 514 1074 substantiali
539 1009 656 1075 obiecti
680 1008 746 1089 (vel
772 1009 810 1072 de
835 1028 974 1091 persona
991 1007 1224 1083 contrahentia,
1249 1009 1379 1090 quando

56 1101 90 1163 in
114 1098 337 1164 contractibus
360 1119 500 1181 persona
524 1098 612 1181 ipsa,
637 1119 774 1179 quacum
806 1097 877 1178 quis
907 1097 1101 1162 contrahere
1132 1097 1285 1178 putabat,
1316 1097 1380 1162 fuit

56 1210 157 1252 99999
173 1187 385 1252 contrahendi
401 1186 603 1270 principalis)
619 1186 766 1252 declarat
783 1207 839 1251 eos
855 1187 1073 1251 resciadibiles
1097 1182 1131 1265 (l.
1149 1206 1175 1251 9.
1200 1190 1262 1252 911.
1282 1187 1378 1264 1108,

59 1280 155 1351 1119,
184 1279 291 1357 11111.

147 1398 200 1462 An
216 1419 408 1474 9999911911
425 1398 518 1463 2111.
539 1400 566 1464 1.
592 1397 626 1464 Si
641 1397 802 1463 Arcadius
815 1396 976 1463 venditori
1002 1399 1154 1462 indicarit
1171 1418 1206 1463 se
1222 1418 1381 1479 quaerere
1390 1407 1442 1462 803

57 1509 201 1570 pannum
232 1492 378 1572 ciprum,
401 1487 581 1552 venditoris
611 1492 684 1552 erat
708 1487 825 1552 vitium
847 1487 927 1552 illud
951 1486 1092 1551 Arcadio
1116 1487 1276 1563 indicare,
1308 1508 1379 1551 cum

57 1577 111 1641 hic
135 1577 318 1660 postularet
341 1580 464 1641 certam
488 1575 582 1640 119199
605 1575 703 1659 panni
728 1596 924 1642 mensuram.
963 1575 1067 1640 Novit
1089 1576 1174 1639 enim
1198 1577 1251 1641 vel
1275 1575 1383 1660 potuit

57 1670 93 1730 et
117 1665 229 1731 debuit
252 1686 347 1730 nosse
372 1686 514 1730 errorem
541 1666 603 1729 hac
626 1665 658 1729 in
675 1686 711 1730 re
733 1686 792 1748 pro
808 1665 951 1730 Arcadio
968 1685 1040 1729 esse
1063 1665 1280 1730 essentialem.
1321 1666 1382 1730 At-

58 1775 121 1836 que
153 1754 185 1818 in
219 1754 279 1819 hoc
310 1776 387 1820 casu
418 1755 516 1818 etiam
549 1753 600 1817 ius
630 1753 756 1831 Germ,
790 1754 851 1818 etsi
882 1754 985 1818 solam
1016 1753 1318 1819 rescindibilitatem
1348 1754 1381 1818 in

57 1864 137 1907 casu
170 1843 289 1907 erroris
321 1842 547 1908 substantialis
580 1846 726 1920 statuat,
762 1843 841 1908 dicit
874 1864 934 1926 per
965 1842 1190 1908 rescissionem
1224 1865 1288 1907 non
1321 1843 1383 1907 im·

57 1932 134 2014 poni
167 1932 363 1997 rescindenti
394 1932 625 2014 obligationem
658 1932 831 2015 reparandi
865 1930 962 1997 alt-eri
992 1932 1198 1998 contrahenti
1230 1932 1382 1997 damnum

58 2020 228 2086 oriturum.

148 2127 186 2192 R.
212 2130 241 2191 2.
289 2126 324 2192 Si
347 2125 508 2190 Arcadius
531 2127 615 2191 hanc
639 2147 731 2191 suam
763 2125 978 2191 intentionem
1008 2125 1149 2190 habendi
1172 2126 1271 2210 panni
1295 2130 1383 2209 nipri

57 2237 124 2280 non
147 2215 320 2289 indicavit;
345 2236 436 2279 error
459 2215 588 2297 quidem
612 2219 725 2281 manet
748 2236 806 2297 pro
830 2214 1010 2291 sacerdote,
1036 2214 1090 2296 qui
1113 2236 1221 2298 panno
1245 2215 1383 2280 alterius

59 2304 178 2369 coloris
201 2325 265 2369 non
289 2304 408 2381 ut'tur,
440 2324 532 2368 91191
555 2303 781 2369 substantialis
814 2308 914 2385 atque
936 2303 1019 2367 facit
1041 2303 1111 2367 iure
1142 2308 1280 2369 naturae
1304 2324 1383 2368 con·

58 2399 204 2458 tractum
228 2392 356 2474 quidem
380 2391 518 2458 11111919.
565 2393 610 2459 Et
640 2393 666 2456 si
693 2393 926 2479 inculpabiliter
949 2392 1135 2474 neglexerit
1164 2392 1197 2457 id
1220 2392 1382 2458 venditori

58 2482 204 2546 indicare
236 2487 270 2547 et
301 2481 542 2565 inculpabiliter
574 2481 751 2558 erraverit,
788 2503 829 2546 ex
861 2502 897 2546 se
929 2502 987 2546 seu
1022 2481 1241 2547 abstrahendo
1265 2502 1285 2547 a
1308 2482 1383 2565 lege

57 2570 202 2654 positiva
231 2571 289 2634 vix
321 2574 452 2635 tenetur
482 2571 523 2635 91
553 2570 663 2635 191991
692 2570 943 2654 reparationem.
968 2605 1011 2615 —
1034 2570 1156 2635 Verum
1180 2571 1271 2652 leges
1295 2570 1383 2655 posi·

58 2660 149 2724 11199
179 2664 259 2724 iuste
286 2662 452 2744 imponant
475 2663 707 2745 rapu-rationem
732 2661 843 2724 199191
873 2659 926 2723 vel
956 2663 1091 2743 propter
1119 2660 1223 2724 solam
1253 2661 1382 2744 culpam

56 2748 243 2824 iuridicam,
273 2769 356 2830 quae
386 2747 526 2812 habetur
555 2768 593 2812 eo
624 2749 694 2832 ipso
725 2749 809 2830 quod
837 2748 998 2813 Arcadius
1027 2748 1211 2828 neglexerit
1241 2749 1383 2814 colorem

57 2859 79 2901 9
109 2858 145 2901 99
170 2837 353 2918 quaesitum
383 2836 543 2914 indicare,
574 2837 626 2901 vel
657 2841 792 2921 propter
821 2842 991 2903 externam
1022 2836 1161 2920 speciem
1193 2842 1382 2904 contractus

58 2926 168 2992 validi.

150 3032 187 3096 R.
214 3034 243 3095 3.
291 3029 496 3113 Quapropter
519 3035 682 3096 mercator
705 3029 731 3094 91
756 3030 837 3095 99111
860 3031 1077 3112 acquiescere,
1097 3034 1262 3115 postolare
1283 3040 1445 3114 polesl804

58 3122 197 3184 iuridici
212 3119 321 3184 damni
338 3120 397 3183 sibi
416 3119 530 3184 orituri
547 3119 854 3202 compensationem.
887 3119 976 3195 Quae
993 3120 1214 3201 compensatio
1229 3119 1381 3185 facienda

56 3210 90 3273 in
115 3208 184 3273 iure
201 3209 328 3274 Germ.
353 3209 528 3272 secundum
552 3208 569 3289 1
597 3211 669 3285 122,
694 3230 724 3291 p.
743 3211 762 3271 2
779 3208 956 3291 imponitur
978 3207 1186 3285 rescindenti,
1210 3207 1272 3272 nisi
1296 3208 1382 3274 alter

58 3318 203 3363 errorem
227 3297 281 3362 vel
306 3298 498 3378 cognoverit
513 3297 565 3361 vel
590 3318 631 3361 ex
648 3318 707 3361 sua
731 3296 941 3378 neglegentia
957 3317 1021 3360 non
1038 3296 1238 3377 cognoverit.
1271 3298 1381 3379 Atque

56 3388 139 3451 haec
162 3386 242 3451 iuris
265 3386 435 3468 dispositio
459 3407 531 3450 curn
558 3386 631 3450 iura
653 3389 768 3450 mutua
791 3385 919 3451 ordinet
942 3407 984 3450 ex
1008 3389 1178 3451 contractu
1202 3386 1380 3451 secundum

56 3476 284 3558 apparentiam
309 3478 478 3540 externam
502 3475 621 3551 valido,
646 3495 725 3539 sane
742 3480 794 3541 991
809 3475 1023 3550 observanda,
1047 3474 1144 3557 idque
1167 3475 1382 3541 communiter

56 3564 159 3628 etiam
183 3570 259 3629 ante
283 3565 456 3628 inridicula
481 3564 653 3641 actionem,
680 3564 799 3647 quippe
823 3584 887 3646 qua
910 3563 1069 3629 inutiliter
1092 3585 1145 3629 199
1168 3565 1382 3649 protrahatur

56 3659 158 3735 atque
182 3673 348 3735 expensae
372 3657 564 3733 augeantur.

146 3749 268 3814 Verum
292 3756 420 3832 emptor
442 3749 468 3813 si
493 3750 645 3814 videatur
667 3749 727 3814 sibi
751 3751 872 3815 habere
894 3749 1071 3829 rationem,
1096 3773 1154 3816 cur
1176 3754 1270 3834 putet
1293 3773 1379 3817 mer-

56 3842 201 3904 catorem
227 3860 268 3904 ex
296 3839 367 3921 ipsa
394 3838 581 3904 condicione
611 3839 792 3904 sacerdotis
822 3839 959 3904 ementis
990 3839 1072 3904 scire
1096 3839 1245 3905 debuisse
1275 3842 1379 3906 solum

56 3949 200 4012 pannum
231 3928 356 4009 nigrum
382 3949 401 3992 a
425 3949 460 3991 99
484 3929 567 4010 peti,
599 3949 678 3993 sane
708 3926 849 4011 experiri
878 3932 990 4011 potest
1020 3928 1180 3994 actionem
1210 3930 1378 3995 inridicam

55 4023 157 4099 atque
180 4016 293 4080 iudicis
316 4017 513 4082 sententiam
537 4021 739 4100 exspectare.

146 4121 184 4186 R.
210 4125 240 4186 4.
287 4121 324 4184 19
347 4142 385 4185 99
409 4127 520 4186 tamen
543 4127 706 4186 mercator
729 4120 858 4186 omnino
882 4122 1024 4200 excedit,
1058 4123 1142 4203 qnod
1173 4126 1377 4187 contractum

55 4209 255 4275 venditionis
278 4210 469 4293 simpliciter
485 4210 556 4276 vult
579 4210 742 4276 sustineri.
771 4211 849 4275 Cum
874 4210 958 4275 enim
982 4212 1178 4277 naturaliter
1193 4211 1236 4276 sit
1258 4209 1376 4288 nullus,

55 4300 175 4365 9911991
199 4298 411 4364 1999191111119
436 4320 476 4363 ex
500 4299 622 4363 iuribus
645 4297 807 4382 positivis,
839 4299 909 4383 ipse
933 4299 1045 4381 nequit
1068 4300 1137 4364 eius
1160 4299 1376 4363 omnimodam

54 4389 245 4454 firmitatem
270 4386 441 4454 sustinere.
479 4389 605 4454 Sufficit
628 4388 728 4469 igitur
751 4389 878 4466 saltem,
904 4394 940 4453 ut
963 4389 1122 4452 Arcadius
1145 4387 1177 4451 id
1201 4386 1318 4462 solvat,
1343 4387 1376 4450 in

55 4499 119 4560 quo
143 4498 203 4560 per
226 4476 453 4541 dissectionem
477 4477 575 4560 panni
600 4482 711 4542 certae
728 4497 899 4542 mensurae
915 4482 1078 4541 mercator
1093 4477 1245 4541 damnum
1268 4475 1376 4558 patia-

54 4572 119 4643 tur,
145 4566 302 4649 siquidem
328 4587 430 4647 aeque
454 4566 535 4630 bene
559 4587 622 4630 non
648 4566 786 4648 amplius
809 4586 883 4630 eum
907 4566 1010 4648 possit
1033 4565 1186 4632 vendere.
