3106 5168
470 277 585 333 Votum:
605 278 665 333 eiua
683 277 821 333 relaxatio
839 307 873 316 -
893 279 1023 332 irritatio.
1356 282 1419 347 135

91 456 229 532 habeat;
246 455 405 522 indirecte
421 455 521 521 etiam
538 476 622 534 eum,
639 455 695 539 qui
710 457 910 540 potestatem
925 476 984 520 seu
999 456 1049 520 ius
1065 455 1187 521 babeat
1202 454 1235 520 in
1247 454 1420 533 obiectum,

91 545 179 628 quod
198 545 285 612 alter
300 544 403 611 vovit.
442 545 489 612 uf.
506 544 872 611 Ballerini·Palm.
896 547 939 611 tr.
957 547 987 622 6,
1004 549 1084 611 sect.
1103 546 1133 622 2,
1151 566 1178 612 c.
1196 547 1227 622 3,
1244 565 1275 610 n.
1294 545 1334 610 87
1348 564 1420 627 sqq.

181 675 236 741 An
260 696 451 753 onaxsrruu
476 678 515 740 2¹¹¹
537 676 577 743 R.
600 679 628 744 1.
667 676 872 743 Potestatem
892 676 1014 742 directe
1034 674 1186 742 irritandi
1201 679 1281 742 vota
1299 675 1483 744 babent269

91 765 279 849 superiores
308 763 454 847 religiosi
482 765 587 831 relate
617 765 659 831 ad
691 769 771 833 vota
800 786 933 832 suorum
963 764 1166 832 subditorum
1195 764 1421 848 religiosorum

91 857 169 938 post
203 853 440 938 professionem
475 854 663 939 religiosam
698 853 827 921 emissa.
888 853 1010 932 Quibus
1044 853 1259 920 communiter
1290 854 1422 920 additur

93 944 126 1009 S.
143 942 299 1010 Pontifex
322 948 360 1009 ut
382 963 553 1028 supremus
569 944 711 1009 omnium
728 942 953 1027 religiosorum
976 944 1155 1027 praelatus.
1194 943 1320 1008 Horum
1336 942 1422 1008 enim

91 1033 249 1098 voluutas
265 1031 299 1096 vi
314 1032 383 1097 voti
405 1032 631 1099 oboedientiae
652 1033 702 1100 ita
723 1032 757 1097 in
774 1032 923 1098 omuibus
945 1032 1093 1099 subiecta
1116 1038 1169 1099 est
1191 1032 1421 1117 superioribus,

92 1126 132 1188 ut
155 1121 196 1187 ab
219 1121 261 1186 iis
283 1120 476 1206 dependeat.
523 1122 570 1189 Of.
595 1121 959 1188 Ballerini-Palm.
983 1122 1005 1189 l.
1030 1143 1057 1188 c.
1081 1143 1113 1189 n.
1132 1124 1206 1188 102.
1226 1124 1289 1187 104
1305 1142 1377 1204 sqq.

184 1236 224 1305 R.
249 1239 279 1304 2.
326 1236 450 1303 Eadem
480 1240 629 1323 potestas
659 1235 849 1304 conceditur
877 1236 1070 1322 parentibus
1098 1238 1150 1302 vel
1182 1236 1239 1316 iis,
1269 1236 1311 1302 ad
1341 1255 1423 1318 quos

91 1329 234 1411 paterna
263 1328 413 1410 potestas
442 1325 590 1403 transiit,
620 1326 726 1393 relate
757 1325 800 1391 ad
830 1329 909 1392 vota
938 1325 1078 1392 filiorum
1108 1330 1187 1393 ante
1215 1326 1423 1411 pubertatem

93 1414 216 1480 emissa
238 1435 344 1497 neque
365 1419 482 1499 postea
505 1417 713 1490 confirmata:
744 1414 842 1480 immo
872 1415 1085 1498 probabiliter
1106 1414 1226 1482 marito
1252 1415 1357 1482 relate
1381 1414 1423 1480 ad

93 1509 175 1657 fota
190 1503 303 1658 uxogi8s
318 1503 574 1658 irlnlmatrimouio
591 1505 720 1570 emissa.
764 1505 820 1570 ub.
836 1527 877 1570 m.
902 1505 927 1582 Ι,
952 1506 1034 1580 458;
1058 1504 1422 1571 Ballerini·Palm.

109 1613 170 1662 .c.
194 1614 225 1658 n.
297 1645 304 1659 .
397 1646 405 1662 .

185 1697 225 1764 R.
250 1701 280 1764 3.
327 1698 461 1765 Directa
484 1698 626 1765 irritatio
650 1697 839 1766 extenditur
868 1698 911 1765 ad
934 1703 1013 1765 vota
1043 1698 1168 1776 omnia,
1200 1698 1424 1781 quodcumque
1433 1712 1485 1766 270

96 1791 150 1853 est
177 1807 288 1853 eorum
319 1786 499 1866 obiectum
530 1787 691 1855 indirecta
719 1787 862 1854 irritatio
892 1787 934 1854 ad
964 1809 1004 1853 ea
1027 1792 1106 1853 vota
1136 1787 1206 1853 sola
1235 1786 1424 1871 porrigitur,

95 1896 232 1958 quorum
258 1875 419 1942 obiectum
443 1876 494 1941 ius
517 1876 608 1943 tertii
631 1876 749 1959 tangit.
796 1877 848 1943 Ita
872 1898 955 1943 uxor
978 1876 1109 1943 irritare
1132 1875 1290 1942 indirecte
1312 1879 1424 1960 potest

94 1969 211 2031 votum
234 1964 354 2043 mariti,
378 1966 463 2048 quod
487 1965 549 2031 iuri
564 1971 635 2033 mat
620 1965 798 2033 trimoniali
814 1965 1065 2050 praeiudicaret,
1040 1966 1187 2032 thorus
1203 1970 1283 2032 vota
1299 1965 1423 2043 famuli,

94 2054 213 2136 quibus
228 2054 332 2120 servit
333 2054 398 2119 ium
414 2054 493 2120 bero
510 2055 599 2121 debit
584 2059 654 2120 tum
671 2055 855 2138 impeditur,
880 2059 915 2121 et
937 2055 985 2122 ita
1000 2054 1220 2121 similiter.—
1244 2054 1424 2120 Praeterea

95 2142 292 2225 quicumque
307 2143 481 2210 habett
422 2147 532 2227 potest
533 2149 621 2211 atem
638 2143 778 2210 alterum
795 2144 917 2228 aliquid
940 2143 1081 2222 iubendi,
1110 2143 1137 2208 si
1156 2143 1252 2209 iuste
1257 2143 1348 2208 iubet
1363 2143 1424 2209 ali·

95 2232 184 2315 quid,
209 2232 295 2314 quod
311 2238 389 2299 voto
406 2233 543 2299 alterius
566 2238 618 2300 est
640 2233 850 2311 contrarium,
875 2233 1031 2299 illudt
973 2238 1031 2299 vot
1032 2254 1085 2297 um
1109 2253 1147 2298 eo
1170 2232 1242 2317 ipso
1266 2232 1424 2300 indirecte

96 2321 263 2387 irritatum
287 2322 433 2400 exsistit,
462 2327 624 2405 quatenus
652 2344 724 2388 cum
748 2323 866 2389 voto
856 2321 956 2388 iussio
985 2321 1114 2406 impleri
1142 2342 1207 2386 uon
1236 2325 1425 2406 potest.—

95 2410 233 2476 Directa
255 2410 397 2478 irritatio
421 2411 521 2477 etiam
543 2416 704 2497 perpetua
726 2417 808 2479 vota
831 2412 928 2496 plane
951 2411 1149 2493 exstinguit;
1182 2411 1343 2477 indirecta
1365 2432 1425 2497 pro

97 2498 168 2564 solo
199 2503 290 2566 statu
320 2500 546 2578 subiectionis,
577 2501 625 2568 ita
655 2505 692 2566 ut
721 2506 849 2568 mutata
873 2501 1024 2568 voventis
1055 2500 1242 2567 condicione
1265 2504 1344 2567 vota
1374 2521 1425 2566 re·

96 2589 273 2656 viviscent.

188 2694 226 2761 R.
252 2698 282 2760 4.
329 2694 449 2771 iussio,
481 2715 565 2777 quae
598 2717 662 2759 non
695 2695 830 2781 respicit
862 2697 1001 2762 debitum
1032 2698 1212 2781 seruitium,
1245 2700 1282 2763 ιιι
1311 2699 1423 2763 votum

96 2782 170 2849 irrit
172 2786 222 2860 e,t
255 2783 352 2850 debet
337 2788 417 2850 tex
440 2788 494 2850 rat
479 2783 627 2850 itonabili
651 2805 750 2850 causa
772 2785 965 2868 procedere,
999 2783 1020 2850 i.
1045 2805 1073 2853 e.
1097 2784 1195 2851 debet
1180 2789 1296 2851 tesse
1326 2784 1425 2851 iussio

96 2872 219 2938 salida.
273 2872 349 2938 Alia
378 2875 488 2938 autem
519 2871 662 2939 irritatio
693 2873 763 2938 sive
795 2873 955 2941 indirecta
986 2873 1073 2952 sive,
1106 2874 1203 2957 idque
1235 2896 1255 2940 a
1287 2874 1425 2951 fortiori,

98 2961 227 3027 directa
249 2983 314 3027 non
337 2960 463 3043 indiget
478 2962 628 3064 speciali
628 2983 737 3040 causa,
762 2966 799 3027 ut
784 2963 925 3029 tvalide
941 2968 1095 3030 exerceat
1096 2985 1150 3039 ιιι;
1175 2963 1300 3074 indiget
1316 2963 1425 3046 aliquo

97 3051 205 3128 modo,
231 3054 268 3117 ut
289 3050 361 3116 fieri
382 3051 484 3118 liceat
506 3052 580 3116 ab
572 3073 629 3117 ιιιι
621 3050 734 3117 taant

188 3182 242 3248 An
261 3185 516 3259 ouarsrruu3¹⁰
539 3182 577 3249 R.
600 3185 628 3250 1.
668 3181 784 3248 Omnia
800 3185 880 3247 vota
895 3181 1005 3248 Alexii
1023 3186 1177 3265 parentes
1196 3182 1327 3248 irritare
1349 3200 1485 3268 pos-271

97 3275 193 3350 suut,
225 3292 298 3336 cum
322 3271 459 3336 Alexius
489 3276 566 3338 ante
596 3272 802 3355 pubertatem
833 3293 874 3337 ea
897 3270 1058 3347 emiserit3
1088 3269 1185 3352 idque
1212 3271 1311 3337 etiam
1335 3275 1426 3355 post·

98 3382 197 3444 quam
233 3364 378 3426 aetatem
416 3364 455 3425 14
491 3382 649 3426 annorum
684 3367 915 3444 supergressus
949 3359 1066 3436 fuerit,
1105 3360 1168 3424 nisi
1202 3360 1309 3426 sciens
1343 3361 1427 3427 hanc

99 3448 405 3516 rescindibilitatem
429 3452 505 3533 post
528 3471 648 3515 annum
675 3453 747 3514 14³²
770 3450 967 3535 completum
990 3449 1242 3516 confirmaverit.

190 3564 229 3630 R.
255 3567 285 3630 2.
325 3563 373 3631 Ut
395 3564 452 3630 illa
468 3564 592 3631 directa
608 3564 750 3630 irritatio
767 3566 834 3643 fiat,
858 3569 1013 3648 parentes
1036 3563 1120 3631 scire
1139 3565 1259 3631 debent
1274 3563 1427 3631 Alexium

99 3658 180 3720 vota
204 3652 361 3720 emisisse.
407 3653 455 3720 Ut
483 3658 559 3737 post
582 3654 732 3720 notitiam
757 3653 895 3737 primurn
925 3653 1004 3719 illud
1029 3659 1142 3720 votum
1171 3653 1261 3719 licite
1284 3655 1427 3733 solvant,

99 3743 268 3809 habebunt
291 3742 412 3808 iustam
435 3742 596 3809 rationem
626 3764 668 3808 ex
692 3744 761 3808 solo
784 3743 854 3810 voti
878 3742 1015 3821 obiecto,
1046 3743 1142 3826 quod,
1166 3749 1318 3827 spectata
1341 3765 1428 3809 com·

98 3831 191 3898 muni
214 3831 380 3897 hominum
404 3832 607 3910 condicione,
638 3831 842 3898 excessivum
873 3835 934 3901 est.
980 3832 1057 3899 Alia
1079 3839 1159 3899 vota
1188 3854 1248 3916 per
1277 3854 1313 3899 se
1342 3833 1429 3900 bona

99 3926 189 3999 eunt,
214 3919 275 3985 nisi
299 3920 386 3986 forte
405 3920 550 4005 excipias
573 3921 606 3986 in
629 3926 744 3987 tenera
760 3920 817 3987 illa
833 3926 944 3989 aetate
959 3921 1114 3988 ieiunium
1129 3922 1428 3989 hebdomadarium.

100 4011 210 4089 Quare
232 4031 292 4095 pro
315 4014 479 4094 tempore,
508 4031 571 4092 quo
595 4010 733 4075 Alexius
763 4015 814 4077 est
843 4011 875 4075 iu
906 4011 1001 4077 domo
1024 4013 1164 4095 paterna
1187 4033 1292 4095 neque
1316 4033 1428 4076 neces-

100 4100 199 4166 sariis
221 4098 387 4164 laboribus
411 4099 483 4164 aliis
508 4099 687 4177 detinetur,
718 4099 763 4183 pii
791 4106 944 4184 parentes
973 4101 1127 4185 scrupulo
1157 4100 1219 4166 sibi
1244 4101 1365 4165 ducant
1389 4121 1429 4166 aa

100 4195 183 4257 vota
206 4188 355 4266 irritare,
386 4189 446 4253 nisi
471 4194 582 4254 tamen
606 4187 743 4254 Alexius
766 4188 799 4254 iu
822 4190 862 4253 iis
884 4189 1055 4274 implendis
1079 4190 1305 4256 difficultatem
1330 4188 1429 4254 babet

101 4276 155 4346 vel
179 4277 340 4362 scrupulis
364 4277 547 4361 exponitur.
590 4279 642 4343 Ex
666 4299 869 4360 quacumque
893 4284 1003 4345 autem
1027 4300 1128 4345 causa
1151 4299 1191 4344 ea
1213 4278 1427 4351 irritaverint,

101 4372 130 4435 si
153 4366 369 4445 irritaverint,
394 4367 531 4432 Alexius
554 4367 595 4432 ad
618 4367 697 4432 nibil
721 4368 861 4451 amplius
879 4370 1045 4450 obliquior.
1064 4405 1109 4414 -
1131 4367 1195 4432 Pro
1218 4365 1428 4448 subsequenti

102 4458 193 4523 vitae
209 4461 367 4539 tempore,
392 4455 420 4520 si
439 4455 576 4521 Alexius
599 4457 649 4521 sui
672 4456 751 4521 iuris
774 4478 838 4522 non
862 4457 970 4533 fuerit,
995 4458 1076 4522 baec
1098 4456 1183 4522 ratio
1207 4455 1278 4520 sola
1296 4453 1427 4531 sufficit,

101 4552 144 4614 ut
161 4550 319 4630 parentes
334 4549 414 4610 vota
428 4544 570 4621 irritent,
594 4544 706 4612 addita
722 4546 909 4623 monitione,
934 4551 971 4611 ut
988 4546 1083 4623 filius,
1101 4549 1255 4627 quantum
1273 4543 1427 4627 potuerit,

102 4636 219 4702 eadem
242 4635 313 4699 sine
336 4634 404 4700 voti
430 4635 629 4717 obligatione
652 4635 815 4701 observet.
