3106 5168
288 278 442 333 Translatio
461 280 512 334 iur.
530 298 556 350 p.
576 283 731 334 contractus
751 309 785 318 -
804 283 919 335 venditio
937 284 1043 350 circaque
1061 283 1184 348 defectus.
1334 285 1399 348 439

75 456 257 522 omittenda
281 460 332 522 est
355 455 388 520 in
412 456 568 521 eiusmodi
583 456 781 540 paenitentis
805 456 1003 535 condicione,
1028 457 1056 522 si
1079 457 1190 538 agitur
1213 457 1252 522 de
1275 477 1312 522 re
1335 477 1400 521 ιιοιι

75 545 240 630 prohibita
263 545 321 609 sed
351 566 434 627 quae
457 545 550 611 utin
579 548 745 629 posterum
769 545 996 629 prohibeatur,
1027 546 1180 629 possibile
1203 551 1263 612 est.
1310 547 1400 629 Ergo

76 634 268 719 saepissime
301 634 483 716 praestabit
513 638 701 701 contentum
725 654 807 712 esse,
832 635 1053 718 sipaeuiteus
1083 634 1116 699 in
1140 656 1261 717 genere
1284 636 1400 700 volun·

76 730 181 791 tatem
206 722 397 789 manifestet
420 722 604 789 abstinendi
635 723 676 789 ab
707 723 793 788 omui
817 723 913 805 gravi
935 729 1071 808 peccato
1095 745 1152 789 seu
1176 724 1217 789 ab
1242 725 1329 788 omni
1353 745 1398 801 re,

77 811 262 967 quassbstige
292 811 366 893 lege
395 816 454 878 nat
439 812 561 878 turali·
570 811 680 877 divina
710 811 781 878 sive
811 813 866 894 leg
846 833 885 877 ve
915 813 1057 897 positiva
1087 814 1147 877 sub
1177 813 1270 895 gravi
1299 813 1400 879 fuerit
1467 910 1471 917 ²

76 923 136 986 pro
160 923 170 965 1
193 923 202 965 ι

166 1008 205 1074 R.
231 1011 260 1073 2.
308 1006 404 1072 Peius
420 1007 519 1073 etiam
536 1008 688 1073 Vorenus
703 1008 795 1074 addit
780 1007 1111 1092 tinterrogationem
1136 1030 1212 1073 num
1229 1008 1399 1092 paenitens

77 1101 214 1182 paratus
238 1096 282 1162 sit
304 1096 399 1161 fenus
421 1101 610 1180 perceptum
634 1097 784 1175 reddere,
809 1097 836 1162 si
867 1098 953 1164 forte
976 1097 1124 1163 Ecclesia
1154 1097 1398 1181 permissionem

77 1207 170 1251 suam
195 1188 320 1251 retract
321 1185 437 1251 averit.
413 1186 570 1251 tNam
594 1185 743 1252 Ecclesia
775 1206 854 1252 sane
884 1186 967 1252 hanc
996 1191 1114 1252 restru
1051 1185 1237 1252 titutionem
1268 1186 1400 1269 imposi-

78 1279 155 1341 tura
178 1295 243 1339 ιιοιι
267 1279 327 1340 est.
361 1274 440 1339 Cum
452 1274 630 1429 thucusque
653 1275 769 1343 titulus
792 1275 969 1357 legitimus,
993 1275 1111 1342 saltem
1128 1275 1315 1377 probabilis,
1341 1274 1400 1339 ad·

78 1363 190 1441 fuerit,
214 1365 307 1429 lucra
331 1367 488 1447 percepta
511 1364 706 1460 restituendi
722 1364 880 1430 uullat
828 1368 880 1430 est
903 1365 998 1443 ratio,
1024 1364 1185 1432 etiamsi'
1176 1386 1209 1429 ιιι
1233 1368 1400 1465 posterum

78 1453 121 1519 tit
107 1452 194 1518 tulus
224 1451 390 1534 legitimus
422 1431 676 1520 defectu'rust
633 1458 686 1520 sit.
732 1453 820 1519 Nam
844 1453 993 1520 Ecclesia
1015 1475 1080 1519 non
1103 1453 1266 1537 permisit,
1291 1452 1360 1518 ut
1350 1473 1403 1516 ιιι·

79 1543 166 1607 iusta
189 1541 435 1625 perciperentur
458 1547 493 1608 et
515 1541 557 1607 ad
580 1546 710 1626 tempus
733 1542 969 1618 retinerentur;
1005 1544 1062 1608 sed
1085 1542 1242 1610 iudicavit
1272 1562 1313 1606 ex
1338 1540 1400 1606 cir·

79 1630 266 1696 cumstant''
230 1634 285 1696 tus
308 1629 472 1695 hodiernis
495 1631 612 1697 saltem
636 1631 803 1714 probabile
827 1653 948 1697 esse
922 1632 948 1698 t
949 1632 1052 1698 tulum
1077 1631 1237 1698 exsistere
1268 1631 1400 1709 iustum,

80 1719 217 1801 ideoque
241 1740 326 1784 nunc
350 1719 473 1784 lucrum
497 1719 671 1804 percipiet
693 1720 826 1786 retineri
851 1742 961 1805 posse;
986 1722 1210 1804 quandovero
1234 1721 1266 1785 in
1290 1719 1402 1785 futuro

79 1829 139 1893 per
161 1807 313 1873 iudicium
339 1808 505 1873 Ecclesiae
538 1808 724 1876 constiterit
752 1829 795 1874 ex
827 1810 962 1876 mutatis
992 1809 1246 1876 circumstantiis
1277 1809 1402 1874 lucrum

80 1896 320 1981 percipiendum
355 1897 499 1963 evasisse
532 1898 636 1963 denuo
662 1898 841 1975 iniustum,
876 1899 999 1964 lucrum
1033 1901 1072 1964 ab
1105 1921 1138 1964 eo
1170 1906 1305 1984 tempore
1337 1918 1403 1962 non

80 1986 221 2069 amplius
245 1985 366 2070 percipi
391 2007 495 2070 posse.

596 2152 808 2218 VENDITIO
833 2152 886 2233 (Ι).

638 2307 747 2374 Casus.
775 2315 851 2384 (269)

171 2456 318 2531 Euagrius
340 2475 444 2530 equum
467 2456 619 2514 emendum
641 2455 763 2532 quaerit.
794 2456 866 2515 Gum
886 2455 917 2515 in
932 2457 996 2515 foro
1017 2456 1134 2533 publico
1156 2475 1193 2514 ex
1214 2455 1314 2515 multis
1336 2474 1402 2515 eum

81 2535 221 2611 elegerit,
251 2536 300 2611 qui
327 2535 384 2594 sibi
411 2535 568 2594 uidebatur
594 2542 681 2612 aptus
710 2556 792 2608 esse,
821 2537 857 2595 de
884 2536 979 2613 pret-io
1006 2541 1125 2597 tractat.
1166 2535 1326 2607 Venditor,
1354 2535 1404 2612 qui

81 2616 292 2674 animadvertit
312 2615 474 2690 Evagrium
497 2616 564 2691 equi
586 2617 685 2693 specie
706 2622 824 2693 captum
840 2636 915 2688 esse,
937 2616 1063 2694 pretium
1082 2616 1152 2676 boni
1172 2617 1238 2692 equi
1260 2635 1403 2676 summum

81 2697 215 2773 postulat
242 2703 329 2772 atque
357 2696 445 2755 facile
473 2697 604 2765 obtinet,
633 2716 806 2772 quamquam
836 2716 928 2773 equus
954 2698 1048 2756 altero
1076 2697 1160 2756 oculo
1189 2715 1295 2755 caecus
1324 2703 1403 2769 erat;

81 2796 167 2851 quem
183 2776 329 2834 defectum
350 2776 487 2835 venditor
507 2797 564 2836 non
587 2777 712 2852 aperuit,
734 2778 786 2837 sed
807 2778 905 2854 potius
927 2797 1033 2853 equum
1052 2778 1096 2836 ita
1118 2777 1282 2847 coustituit,
1303 2782 1337 2836 ιιι
1357 2778 1404 2836 de·

81 2858 180 2915 fectus
208 2855 257 2914 ille
284 2857 314 2915 in
343 2857 444 2915 oculos
471 2876 530 2916 non
557 2856 698 2918 incurrat.
740 2858 799 2916 Vix
827 2877 842 2915 e
870 2859 934 2917 foro
962 2877 1117 2933 egressus,
1146 2857 1292 2932 Euagrius
1314 2857 1404 2929 videt,

81 2937 198 3012 qualem
221 2956 324 3012 equum
346 2937 470 3008 habeat3
500 2955 590 3013 quare
618 2937 771 2996 contendit
794 2957 826 2996 se
856 2944 958 3014 utpote
981 2939 1134 3014 deceptum
1156 2943 1340 2997 contractum
1361 2956 1405 2996 re·

81 3017 219 3076 scindere
242 3035 338 3093 posse.

82 3121 261 3193 Quaaarrua
283 3124 311 3182 1⁰
337 3123 374 3182 ad
396 3123 462 3199 quid
484 3129 622 3183 teneatur
642 3125 778 3184 venditor
799 3125 894 3200 quoad
915 3125 1147 3184 manifestandos
1169 3125 1311 3184 defectus.

282 3213 313 3270 2ο
337 3212 483 3288 quodnam
504 3212 551 3271 ius
573 3217 721 3289 competat
742 3214 866 3291 emptori
887 3219 1006 3291 propter
1027 3213 1069 3273 rei
1091 3218 1207 3290 emptae
1229 3213 1371 3271 defectus.

282 3302 312 3360 3⁰
338 3301 405 3376 quid
428 3302 464 3360 ad
487 3321 587 3360 casum
609 3302 649 3360 sit
670 3302 832 3362 dicendum.

678 3485 813 3552 Salutio.

174 3639 226 3701 Au
258 3656 449 3711 uuaesmuu
483 3638 520 3698 1¹²¹
555 3636 593 3702 R.
622 3639 649 3701 l.
705 3635 862 3701 Defectus
895 3634 1129 3700 substantiales
1167 3634 1318 3701 dicuntur
1351 3633 1405 3717 qui
1415 3647 1467 3705 866

82 3747 153 3791 rem
177 3724 315 3808 emptori
346 3725 487 3789 reddunt
516 3725 665 3789 nocivam
690 3725 741 3789 vel
766 3724 956 3791 notabiliter
978 3724 1143 3800 inutilem3
1175 3724 1231 3789 alii
1255 3723 1406 3790 dicuntur

83 3813 313 3881 accidentales.
361 3814 503 3879 Possunt
532 3817 641 3879 autem
673 3813 848 3896 aliquando
879 3813 1026 3878 defectus
1048 3813 1081 3878 in
1105 3834 1141 3877 se
1165 3835 1229 3878 non
1253 3814 1406 3880 substan-

83 3904 289 4059 liilesdilales
312 3903 382 3967 fieri
405 3902 509 3968 relate
532 3903 573 3968 ad
602 3908 727 3969 certum
752 3904 848 3967 finem
872 3902 1135 3979 manifestatum,
1159 3924 1254 3987 quem
1279 3907 1407 3986 emptor

82 4016 117 4060 ιιι
133 4014 174 4059 en
226 4045 233 4059 .

174 4099 212 4164 R.
239 4101 268 4165 2.
322 4097 457 4175 Quando
488 4098 657 4180 quaeritur
686 4098 727 4162 de
758 4098 998 4164 manifestando
1028 4097 1175 4174 defectu,
1214 4096 1408 4180 supponitur

84 4189 249 4255 defectum
273 4208 336 4251 non
361 4207 432 4252 esse
457 4207 498 4251 ex
528 4207 602 4252 sese
632 4187 851 4253 manifestum.
900 4188 1019 4252 Verum
1043 4186 1140 4264 illud,
1179 4185 1404 4262 „manifestum

83 4279 138 4343 vel
162 4298 226 4342 ιιοιι
249 4276 459 4341 manifestum
483 4280 572 4341 esse“
594 4277 776 4358 complures
799 4276 899 4342 habet
922 4276 1052 4357 gradus.
1085 4275 1296 4340 Manifestum
1321 4275 1405 4339 enim

83 4386 184 4451 saepe
208 4365 347 4431 sumitur
370 4385 442 4429 esse
466 4387 529 4429 nou
553 4365 658 4430 solum
681 4365 776 4442 illud,
808 4365 894 4448 quod
925 4363 1036 4431 statim
1067 4364 1099 4427 iu
1124 4364 1235 4428 oculos
1258 4363 1405 4436 incurrit.

83 4457 142 4522 sed
167 4454 339 4531 etiamid,
371 4453 456 4535 quod
489 4454 586 4519 facile
623 4457 732 4537 potest
762 4453 924 4536 cognosci.
971 4453 1016 4517 At
1046 4453 1107 4517 hac
1137 4452 1170 4515 in
1194 4473 1229 4515 re
1261 4452 1407 4518 homines

82 4545 181 4630 periti
196 4543 294 4610 facile
311 4543 470 4626 quaedam
495 4547 705 4625 cognoscunt,
729 4563 814 4626 quae
838 4564 902 4607 non
925 4541 972 4607 ita
989 4541 1084 4606 facile
1108 4544 1310 4622 cognoscunt
1332 4540 1405 4617 alii;

83 4637 182 4701 immo
206 4632 353 4698 homiues
378 4633 475 4697 valde
502 4631 645 4715 imperiti
669 4653 708 4696 ne
733 4631 765 4695 id
789 4632 916 4713 quidem
941 4631 1038 4696 facile
1068 4633 1285 4712 cognoscunt,
1321 4630 1407 4712 quod
