3106 5168
315 287 411 343 Cultus
428 288 479 344 Dei
497 287 637 360 publicus:
659 289 819 343 abstinentia
837 307 854 341 a
873 289 1010 343 laboribus
1026 289 1172 345 servilibus.
1344 292 1406 356 175

79 464 212 531 tertiam
244 464 441 531 matutinam
473 464 603 532 circiter
632 464 791 548 producat
821 464 960 530 labores.
1007 464 1094 529 Nam
1118 464 1181 530 etsi
1204 468 1296 530 licoat
1319 484 1408 528 ccm-

80 557 198 638 putare
221 553 361 620 mediam
385 557 515 619 noctem
538 553 684 636 adeoque
707 553 835 619 initium
859 553 921 619 diei
943 552 1054 631 festivi
1078 554 1252 618 secundum
1278 553 1409 637 publica

79 642 261 726 horologia,
284 642 319 708 id
340 645 452 709 tamen
475 663 609 709 necesse
632 665 697 709 uon
720 646 781 720 est,
805 642 862 708 sed
886 664 945 725 pro
969 641 1103 709 arbitrio
1121 642 1322 726 computatio
1337 641 1408 707 fieri

80 735 192 816 potest
221 731 399 797 secundum
426 736 556 816 tempus
583 752 696 798 verum
719 731 773 797 vel
803 730 944 797 medium
967 731 1040 797 loci.
1065 769 1109 778 -
1132 732 1256 797 Verum
1279 731 1408 796 veniale

80 824 253 905 peccatum
277 821 377 887 toties
400 820 584 901 committit,
609 820 737 904 quoties
760 819 831 886 siue
855 841 1013 887 causare
1036 818 1108 905 ipsa
1124 823 1304 886 excusante
1320 820 1409 887 ultra

81 909 222 976 mediam
246 914 376 976 noctem
398 910 538 977 laborat.

170 1016 210 1084 R.
227 1019 258 1085 3.
298 1016 469 1100 Exempla,
494 1037 578 1099 quae
601 1017 708 1094 affert,
732 1038 806 1083 eum
830 1037 894 1082 nou
911 1020 1080 1084 excusant.
1104 1014 1193 1081 Nam
1211 1015 1243 1098 1)
1266 1015 1408 1099 pistores
1418 1021 1469 1075 346

81 1127 146 1170 non
170 1105 290 1189 ubique
314 1110 532 1180 excusantur;
563 1105 617 1171 ubi
647 1126 727 1171 vero
751 1107 951 1172 consuetudo
978 1105 1085 1188 legem
1110 1104 1216 1188 quoad
1241 1124 1297 1168 eos
1320 1101 1408 1169 miti-

81 1194 186 1277 gavit,
210 1194 416 1261 rationabilis
439 1215 540 1261 causa
561 1195 711 1280 publicae
735 1195 828 1278 quasi
851 1194 1060 1261 necessitatis
1076 1215 1132 1260 eos
1156 1193 1285 1275 quidem
1303 1191 1406 1270 iuvat,

81 1284 197 1349 iuvare
212 1283 392 1349 Macarium
409 1283 532 1366 nequit,
556 1283 633 1366 quia
648 1305 707 1368 pro
719 1284 862 1350 sartoris
878 1289 951 1351 arte
966 1303 1072 1366 neque
1088 1281 1292 1349 rationabilis
1309 1299 1409 1346 causa

82 1393 188 1455 neque
210 1371 341 1456 publica
363 1372 458 1438 adest
481 1373 661 1439 necessitas
684 1373 738 1438 vel
762 1373 962 1441 consuetudo
985 1372 1179 1456 generatim,
1202 1374 1313 1456 potest
1336 1389 1408 1435 esse

82 1482 183 1527 causa
207 1482 369 1528 excusans
398 1462 431 1527 iu
456 1482 533 1527 casu
556 1462 757 1546 particulari.
805 1463 839 1546 2)
869 1462 983 1540 Quoad
1006 1465 1111 1529 artem
1135 1459 1407 1544 typographicam

82 1554 159 1616 suut
182 1550 238 1632 qui
261 1571 333 1629 eos,
365 1551 419 1633 qui
443 1551 606 1617 collocant
629 1551 853 1629 characteres,
885 1555 1044 1617 excusent
1067 1552 1129 1617 hac
1152 1550 1297 1628 ratione,
1322 1548 1408 1631 quod

81 1640 136 1704 ille
159 1639 255 1705 labor
277 1639 474 1706 mentalibus
496 1641 606 1724 potius
629 1661 725 1723 quam
752 1641 974 1725 corporalibus
997 1641 1042 1706 sit
1064 1639 1286 1706 accensendus
1308 1641 1408 1719 atque

83 1728 251 1813 scriptioni
275 1728 405 1794 similis:
431 1750 531 1812 quare
548 1730 601 1813 qui
618 1751 660 1795 ex
676 1731 738 1794 hac
754 1729 914 1814 opinione,
936 1751 1032 1812 quam
1050 1729 1198 1813 equidem
1215 1749 1280 1793 non
1296 1726 1407 1810 probo,

82 1823 251 1900 tamquam
275 1817 435 1903 probabili
459 1817 539 1901 agit,
563 1840 629 1883 non
651 1823 776 1903 peccat.
816 1819 996 1885 Evidenter
1019 1822 1129 1885 autem
1152 1817 1234 1883 haec
1257 1816 1343 1882 ratio
1367 1815 1408 1881 ad

83 1906 259 1973 samariam
289 1912 395 1973 artem
426 1907 583 1991 applicari
614 1907 735 1990 nequit.
782 1907 848 1973 Alii
872 1911 981 1974 autem
1006 1907 1160 1992 operarii,
1191 1905 1247 1989 qui
1276 1905 1310 1970 in
1337 1907 1409 1970 arte

83 1994 322 2080 typographica
345 1999 379 2062 et
402 1995 611 2080 impressoria
628 1999 838 2080 occupantur,
862 1997 987 2080 prelum
1003 2000 1137 2063 versant
1156 1996 1286 2077 aliaque
1308 2013 1410 2079 opera

84 2105 172 2150 mere
202 2084 393 2150 mechanica
423 2089 542 2167 agunt,
574 2087 644 2150 sine
674 2085 769 2151 dubio
798 2086 962 2153 serviliter
984 2086 1153 2161 laborant;
1183 2084 1321 2166 ideoque
1344 2103 1408 2148 non

84 2174 212 2240 ratione
235 2173 354 2258 speciei
377 2174 498 2239 laboris
521 2175 578 2240 sed
601 2174 730 2240 ratione
748 2173 885 2240 alicuius
908 2195 1027 2241 causae
1051 2174 1249 2252 excusantis,
1274 2172 1301 2238 si
1325 2192 1409 2254 quae

84 2263 189 2339 adest,
214 2282 235 2327 a
258 2265 393 2346 peccato
416 2262 576 2329 immunes
600 2268 736 2347 possunt
760 2263 931 2331 exsistere.
978 2264 1012 2347 3)
1036 2264 1211 2341 Moniales,
1236 2281 1320 2344 quae
1343 2261 1410 2327 sint

83 2354 115 2417 in
131 2350 237 2417 sacris
252 2353 398 2418 vestibus
414 2353 619 2418 conficiendis
635 2357 824 2436 occupatae,
845 2352 873 2418 si
889 2352 1065 2420 artificioso
1081 2373 1180 2438 opere
1196 2353 1407 2434 occupantur,

85 2463 115 2507 v,
141 2462 173 2523 g.
198 2440 309 2507 subtili
342 2444 414 2506 arte
443 2462 505 2507 acu
528 2441 681 2525 pingendi
708 2441 869 2524 imagines
892 2441 1150 2524 artificiosasque
1173 2443 1313 2524 figuras,
1344 2460 1409 2504 non

85 2529 248 2606 servilem,
270 2531 328 2595 sed
344 2530 511 2596 liberalem
528 2535 626 2613 atque
642 2531 768 2597 licitum
783 2531 928 2596 laborem
945 2535 1117 2609 exercent3
1141 2530 1264 2597 sivero
1280 2527 1410 2594 rudiore

85 2620 181 2686 modo
211 2617 265 2682 vel
294 2618 481 2685 mechanica
510 2620 715 2699 laborarent,
746 2640 826 2685 sane
857 2642 921 2685 nou
945 2640 988 2686 ex
1017 2642 1053 2686 se
1076 2641 1134 2685 seu
1157 2619 1285 2685 ratione
1308 2617 1410 2700 ipsius

85 2707 208 2774 laboris
231 2706 320 2774 licite
343 2712 490 2790 agerent,
515 2709 572 2774 sed
596 2710 699 2774 solum
724 2709 852 2775 ratione
869 2730 988 2775 causae
1004 2709 1208 2777 extrinsecus
1224 2706 1410 2774 accedentis

86 2803 119 2863 et
142 2796 350 2874 excusantia,
375 2819 406 2863 v.
431 2818 462 2879 g.
487 2797 514 2863 si
537 2799 674 2883 pauperi
698 2799 856 2864 ecclcsiae
879 2798 927 2864 ita
949 2798 1056 2881 gratis
1078 2797 1251 2882 providere
1273 2796 1409 2862 vellent.

86 2887 133 2955 Cf.
158 2886 190 2952 S.
215 2885 333 2969 Alph.
358 2885 416 2964 ΙΙΙ,
441 2889 522 2963 293;
552 2889 608 2954 Tb.
633 2911 674 2954 m.
698 2888 724 2965 I,
749 2891 824 2954 553.

267 3111 512 3179 EXCUSATIO
536 3113 566 3177 A
589 3112 704 3179 LEGE
727 3113 908 3190 REQUIEI
930 3112 1146 3179 FESTIVAE
1175 3113 1226 3195 (Ι).

649 3269 760 3337 (lasus.
788 3277 845 3346 (91)

174 3410 317 3470 Marcella
339 3410 494 3469 famulatui
522 3429 555 3469 se
576 3411 690 3470 addixit
710 3411 840 3470 familiae
861 3411 1054 3470 acatholicae.
1096 3409 1211 3481 Fastis,
1239 3429 1313 3486 quae
1341 3415 1411 3469 sunt

86 3490 242 3550 catholicis
269 3491 389 3567 propria
417 3510 469 3549 seu
498 3510 562 3550 cum
591 3492 826 3568 protestantibus
853 3512 912 3551 nou
941 3490 1121 3564 communia,
1149 3491 1286 3550 laborare
1314 3490 1410 3562 dehet,

86 3577 174 3647 atque
195 3570 285 3629 etiam
306 3571 409 3629 diebus
430 3570 585 3629 dominicis
605 3577 737 3646 tempore
758 3571 960 3648 pomeridiano
981 3591 1071 3649 saepe
1094 3572 1211 3631 laborat
1237 3591 1291 3648 pro
1319 3589 1352 3631 aa
1379 3571 1410 3630 in

87 3650 287 3721 conficiendis,
308 3650 485 3720 reficiendis,
506 3650 643 3709 lavandis
665 3651 727 3710 suis
748 3652 891 3711 vestibus.

174 3730 374 3789 Admonitus
396 3731 578 3789 confessario
601 3731 672 3790 dicit
700 3752 732 3790 se
760 3739 849 3790 antea
876 3732 907 3790 in
935 3731 1048 3791 fabrica
1076 3733 1245 3804 laborasse,
1274 3732 1325 3791 sed
1355 3731 1410 3791 sihi

86 3810 177 3869 multo
198 3809 294 3884 magis
314 3810 355 3868 ihi
377 3810 506 3869 defuisse
526 3817 659 3887 tempus,
687 3831 755 3871 nam
777 3812 901 3871 alternis
921 3817 1036 3871 tantum
1059 3812 1213 3872 dominicis
1234 3812 1291 3871 sibi
1312 3812 1412 3871 datam

86 3909 153 3950 esse
174 3890 345 3949 facultatem
363 3890 533 3966 quiescendi
554 3894 591 3950 ah
612 3892 686 3951 hora
707 3898 794 3952 sexta
815 3892 961 3951 matutina
982 3892 1019 3951 ad
1039 3893 1140 3952 horam
1163 3898 1279 3952 sextam
1294 3912 1411 3969 vesper·

85 3971 189 4041 tinam,
211 3970 335 4030 alternis
356 3970 511 4030 dominicis
531 3972 598 4031 vice
619 3992 722 4045 versa;
749 3992 840 4050 quare
860 3973 987 4032 libenter
1007 3992 1040 4032 se
1061 3973 1222 4050 arripuisse
1243 3972 1412 4049 opportuni·

85 4057 179 4110 tatem
199 4050 279 4111 illius
294 4051 464 4120 famulatus,
486 4050 535 4126 qui
549 4052 606 4111 sibi
625 4053 729 4112 saltem
747 4053 908 4114 dominicos
923 4053 987 4111 dies
1001 4053 1098 4128 quoad
1118 4054 1276 4113 maximam
1298 4058 1411 4128 partem

85 4132 209 4191 liberam
230 4137 344 4203 servet;
366 4130 398 4189 in
419 4131 553 4191 vestibus
575 4132 630 4191 sihi
652 4133 841 4192 conficiendis
862 4133 911 4192 vel
932 4133 1099 4193 reficiendis
1121 4154 1153 4192 se
1174 4154 1210 4192 eo
1231 4133 1326 4208 magis
1348 4132 1411 4190 sina

87 4211 226 4288 scrupulo
253 4215 369 4288 tempus
391 4210 507 4288 aliquod
535 4213 730 4290 impendisse,
759 4213 835 4290 quod
863 4213 938 4272 alias
960 4214 1049 4273 etiam
1070 4213 1137 4291 pias
1157 4214 1283 4272 feminas
1304 4211 1412 4270 viderit

86 4312 144 4352 nou
166 4290 283 4366 indigas
305 4291 395 4350 certis
416 4292 566 4351 laboribus
587 4292 722 4353 femineis
743 4299 912 4371 occupatas.

87 4405 264 4477 Quuamrua
285 4408 315 4465 1ο
339 4426 414 4545 {nge
442 4406 503 4466 sint
530 4427 638 4467 causae
673 4413 851 4468 excusantes
880 4428 898 4468 a
927 4408 992 4484 lege
1020 4427 1140 4486 operum
1168 4406 1319 4466 servilium
1347 4423 1411 4481 pro-

361 4487 468 4546 iente.

285 4575 316 4633 2ο
341 4575 409 4651 quid
431 4575 488 4634 dici
510 4576 615 4635 debeat
636 4578 671 4637 da
693 4578 835 4637 Marcella
856 4578 886 4636 in
908 4576 1017 4636 actuali
1040 4575 1212 4634 condicione
1240 4580 1269 4633 et
1291 4574 1326 4634 de
1348 4573 1411 4633 eius

341 4655 512 4715 condicione
535 4658 696 4733 praeterita
717 4658 938 4733 rationibusque
960 4655 1091 4734 prolatis.
