3106 5168
464 284 558 340 Status
576 284 734 353 religiosus:
757 284 886 353 religiosa
899 293 1057 354 paupertas.
1359 291 1425 356 163

93 462 234 546 perieris
257 460 443 528 mansisset.
477 462 553 528 Non
576 462 625 528 ita
647 461 780 528 donatio
801 483 843 528 ex
859 462 953 529 bonis
969 462 1118 548 propriis,
1142 463 1205 530 nisi
1220 464 1331 548 Lupus
1347 486 1426 531 con·

93 552 256 622 dicionem
278 550 456 634 superioris
479 550 713 618 consentientis
737 550 903 619 adiecerit.

184 649 302 732 Neque
325 652 404 734 puto
428 654 586 731 cognatos
609 649 713 714 teneri
733 649 852 715 donum
875 650 1012 716 reddere
1032 651 1101 716 ulla
1115 671 1197 716 vera
1213 651 1424 733 obligatione.

94 739 173 805 Sola
203 738 306 816 ratio,
338 757 421 822 quae
451 738 674 822 excogitatur,
703 742 926 821 potestesse,
956 760 998 805 ne
1027 760 1064 805 se
1087 741 1261 825 complices
1284 740 1426 807 reddant

92 829 207 894 laesae
229 827 365 895 virtutis
387 826 563 909 religionis,
588 848 686 910 quam
704 827 815 911 Lupus
837 828 1102 910 transgressione
1124 829 1193 895 voti
1217 829 1425 915 paupertatis

92 917 268 984 commisit.
308 916 373 983 Sed
395 915 430 982 in
452 916 550 982 simili
573 937 673 982 causa
694 916 727 982 S.
744 916 940 1001 Alphons.
966 917 1023 991 III,
1048 920 1113 983 492
1129 918 1166 996 Q.
1183 918 1262 984 VIII
1285 922 1424 985 excusat

92 1006 195 1073 etiam
220 1027 287 1083 cos,
311 1005 377 1088 qui,
401 1004 464 1091 ipsi
487 1027 551 1071 non
569 1026 741 1089 pauperes,
766 1006 852 1072 dona
875 1007 929 1071 vel
952 1006 1169 1073 hereditatem
1193 1008 1380 1091 acceperint
1402 1028 1424 1072 a

93 1095 215 1161 clerieo
239 1094 384 1178 obligato
408 1093 556 1177 quidem,
586 1095 733 1160 sednon
757 1095 902 1176 obligato
926 1116 968 1160 ex
991 1095 1135 1173 iustItia,
1166 1097 1209 1162 ad
1233 1097 1318 1162 bona
1341 1117 1423 1181 pau·

93 1185 228 1268 peribus
252 1183 306 1250 vel
329 1184 437 1250 causis
460 1183 523 1268 piis
546 1184 753 1251 conferenda.
799 1184 848 1253 Gt.
875 1186 933 1250 rt.
956 1207 998 1251 m.
1022 1184 1048 1262 I,
1072 1187 1147 1251 902.

454 1417 713 1485 autrannus
736 1418 968 1486 annrerosn
994 1419 1064 1504 (ιι).

660 1583 770 1650 Casus.
799 1590 858 1659 (87)

184 1732 304 1792 Amalia
330 1732 467 1791 monialis
495 1752 584 1809 saepe
612 1738 717 1791 contra
744 1733 863 1808 regulas
890 1731 1009 1810 prandit
1037 1733 1114 1811 apud
1134 1733 1276 1793 familiam
1297 1734 1423 1794 amicam

93 1819 182 1873 extra
202 1813 430 1883 monasterium
451 1832 504 1890 pro
519 1812 645 1872 alumnis
660 1813 827 1872 scholarum
850 1818 883 1872 nt
903 1814 1012 1872 habeat
1025 1813 1101 1890 quod
1123 1813 1289 1885 distribuat,
1312 1815 1425 1891 colligit

94 1893 152 1954 sibi
181 1893 296 1970 copiam
323 1893 484 1967 imaginum
505 1893 581 1952 dono
603 1898 806 1970 acceptarum,
837 1893 932 1953 inscia
958 1894 1172 1970 superiorissa3
1190 1914 1222 1954 >a
1243 1895 1305 1954 suis
1326 1895 1422 1967 bonis,

93 1993 219 2056 qnorum
240 1972 396 2032 dominium
425 1977 541 2044 servat,
570 1993 664 2050 nuper
691 1973 747 2032 sibi
774 1993 882 2033 novam
909 1978 1021 2032 vestem
1049 1975 1201 2034 emendam
1230 1976 1362 2048 curavit,
1390 1981 1424 2035 nt

94 2054 275 2114 monasterio
296 2058 442 2130 parceret,
464 2059 552 2128 atque
573 2073 610 2112 ex
632 2053 735 2112 iisdem
756 2054 841 2113 bonis
856 2053 944 2113 etiam
960 2053 1017 2113 sibi
1031 2055 1193 2131 assumpsit
1213 2073 1355 2114 summam
1371 2056 1422 2115 ali·

94 2153 182 2210 quam
210 2133 370 2211 pecuniae,
398 2152 455 2209 qua
483 2133 539 2193 sibi
567 2133 797 2193 refectiunculas
825 2139 1012 2210 procuraret,
1041 2134 1157 2210 quando
1185 2136 1263 2212 apud
1284 2141 1424 2211 aegrotos

94 2215 227 2289 vigiliam
250 2232 339 2288 agere
360 2213 455 2283 debet,
480 2221 509 2271 et
530 2233 588 2289 qua
610 2233 800 2290 compensare
821 2219 924 2291 posset
945 2214 1062 2290 aliquod
1083 2214 1221 2273 damnum
1242 2216 1422 2275 monasterio

94 2294 220 2364 illatum,
242 2313 277 2352 ec
291 2293 366 2369 qnod
388 2294 419 2352 in
434 2294 571 2352 curandis
593 2294 722 2368 aegrotIs
736 2295 815 2353 ultra
836 2295 1019 2354 voluntatem
1040 2295 1253 2372 superiorissae
1275 2315 1423 2373 expensas

95 2376 217 2434 lecerat.

95 2479 273 2550 ansarrun
296 2480 325 2538 1ο
350 2497 425 2555 quae
447 2479 487 2538 sit
507 2479 632 2538 materia
652 2480 754 2555 gravis
775 2479 804 2538 in
827 2480 959 2540 laesione
980 2480 1166 2558 paupertatis
1186 2481 1353 2557 religiosae.

294 2569 325 2626 2ο
350 2568 493 2643 quomodo
515 2568 632 2627 Amalia
653 2570 684 2627 in
705 2568 830 2643 singulis
851 2568 1029 2646 peccaverit.

693 2751 828 2818 Salutio.

185 2896 239 2960 An
262 2914 453 2970 ousnsrruu
480 2896 516 2956 lm
536 2893 574 2958 R.
597 2894 627 2960 1.
673 2893 736 2958 Pro
760 2893 906 2974 generali
931 2895 1047 2976 regula
1069 2892 1172 2961 statui
1195 2895 1296 2972 solet,
1321 2899 1359 2960 ut
1382 2907 1484 2962 ea325

95 2986 276 3068 quantitas,
301 3003 385 3065 quae
408 2982 507 3047 sitin
530 2982 674 3048 laesione
697 2981 843 3049 iustitiae
867 2983 979 3065 gravis
996 2987 1113 3048 centra
1128 2982 1297 3062 iust'tiam,
1321 2984 1421 3049 etiam

95 3095 232 3158 gravem
256 3073 358 3138 addat
381 3071 540 3137 malitiam
563 3071 728 3153 sacrilegii
751 3093 808 3136 seu
832 3071 913 3137 laesi
936 3072 1022 3149 veti,
1054 3074 1183 3154 quando
1207 3077 1322 3139 contra
1345 3072 1422 3138 reli-

95 3165 223 3246 giosam
241 3166 469 3246 paupertatem
486 3161 606 3243 agitur,
631 3160 678 3226 ita
698 3165 808 3226 tamen
825 3165 862 3226 ut
884 3182 999 3226 norma
1014 3162 1112 3243 paulo
1129 3161 1298 3240 elevatior,
1323 3183 1421 3244 quam

94 3275 153 3338 pro
178 3252 308 3318 homine
332 3251 462 3335 privato
485 3250 658 3315 mediocris
681 3248 834 3316 fortunae
857 3250 941 3315 sumi
965 3249 1079 3333 possit.

184 3358 224 3425 R.
243 3363 273 3424 2.
313 3359 349 3423 ln
373 3358 471 3424 rebus
494 3357 627 3423 minutis
651 3359 836 3423 coalescere
857 3357 987 3439 quidem
1010 3361 1121 3440 potest
1136 3355 1275 3423 materia
1297 3355 1420 3440 gravis,

93 3449 181 3514 sicut
203 3448 237 3512 in
260 3447 397 3523 iustitia,
421 3447 470 3513 ita
493 3446 593 3511 etiam
616 3446 649 3511 in
668 3446 812 3512 laesione
835 3445 915 3523 voti,
940 3447 1080 3528 quando,
1104 3451 1142 3512 ut
1166 3446 1356 3530 plerumque
1371 3448 1419 3526 fit,

94 3537 191 3602 simul
215 3537 342 3603 iustitia
365 3536 524 3603 violatur:
549 3536 631 3600 alias
656 3557 720 3600 non
743 3536 875 3602 videtur
891 3536 1075 3601 coalescere
1093 3535 1244 3612 materia,
1269 3536 1331 3601 nisi
1347 3557 1420 3602 cum

94 3625 206 3692 animo
235 3625 443 3710 proprietarii
467 3625 658 3691 retineatur.
705 3625 855 3691 Ceterum
879 3625 986 3707 quoad
1009 3624 1188 3702 esculenta,
1212 3625 1239 3689 si
1262 3646 1326 3690 non
1351 3647 1422 3691 ser·

95 3721 227 3791 vantur,
249 3717 307 3780 sed
323 3714 438 3782 statim
454 3717 697 3792 consumuntur,
721 3714 834 3794 gravis
849 3712 990 3779 materia
1006 3735 1070 3779 non
1087 3718 1239 3779 censetur
1254 3714 1334 3791 fieri,
1359 3715 1421 3780 nisi

94 3808 268 3870 sumantur
290 3824 344 3869 res
368 3824 445 3869 vere
475 3801 765 3888 extraordinariae.
813 3803 900 3868 Nam
924 3824 997 3867 cum
1019 3803 1218 3870 sustentatio
1242 3803 1422 3869 communis

94 3893 338 3960 amonasterie
369 3893 488 3958 debeat
517 3891 666 3975 praeberi
693 3891 863 3974 religioso,
892 3895 1028 3958 censent
1050 3914 1114 3958 non
1139 3893 1226 3958 tanti
1248 3892 1420 3969 interesse,

93 3986 286 4049 sumaturne
309 3981 432 4064 aliquid
456 3982 539 4046 clam
564 4002 605 4047 an
628 3981 661 4045 in
686 3981 848 4045 communi
872 4001 994 4060 mensa,
1019 3986 1057 4047 ut
1079 3982 1160 4047 haec
1183 3981 1327 4047 inversio
1351 4003 1421 4048 ma-

87 4072 212 4139 teriam
236 4072 386 4137 mortalis
408 4071 535 4154 peccati
559 4070 748 4136 constituat.
801 4071 855 4135 Τι,
880 4093 921 4137 ra.
944 4070 970 4149 I,
995 4072 1070 4136 529.

184 4194 237 4260 An
261 4215 452 4271 ouaasrruu
476 4197 515 4258 2²
541 4194 580 4261 R.
608 4199 635 4260 1.
681 4194 843 4259 Sumendo
867 4194 973 4260 cibum
997 4203 1107 4260 contro
1129 4194 1334 4262 voluntatem
1366 4208 1482 4263 su·326

94 4284 301 4370 perierissae,
325 4284 423 4349 immo
446 4285 515 4349 sine
530 4283 599 4347 eius
614 4283 747 4349 licentia
762 4283 881 4349 saltem
897 4288 1119 4367 praesumpta,
1143 4283 1274 4349 Amalia
1290 4284 1421 4348 videtur

94 4394 251 4459 peccasse
275 4378 390 4439 contra
413 4377 652 4456 paupertatem.
699 4373 782 4439 Item
810 4373 843 4438 in
867 4394 1069 4455 quacumque
1093 4371 1316 4456 suppositione
1339 4392 1420 4454 pau-

95 4466 261 4548 pertatem
283 4461 394 4537 laesit,
419 4462 447 4527 si
470 4461 686 4544 superiorissa
709 4484 729 4528 a
752 4463 867 4545 regula
891 4484 954 4527 non
979 4461 1085 4544 potuit
1108 4460 1307 4545 dispensare,
1332 4480 1418 4538 nam,

95 4552 158 4619 etsi
183 4550 420 4629 consensisset,
449 4550 583 4615 licentia
605 4549 723 4617 fuisset
745 4551 906 4626 invalida3
938 4551 1048 4626 aliter,
1080 4548 1107 4613 si
1132 4555 1248 4616 contra
1270 4549 1418 4631 regulam

95 4641 225 4724 quidem
250 4644 311 4717 est,
336 4639 394 4704 sed
417 4640 454 4706 fit
477 4640 702 4706 consentiente
724 4639 891 4723 superiore
907 4640 961 4721 qui
978 4639 1167 4722 dispensare
1183 4636 1297 4721 possit.
1337 4639 1420 4704 Sunt

1150 4742 1205 4794 11*
