3106 5168
167 282 233 346 374
308 277 348 331 De
367 277 514 332 virtutibus
533 279 561 330 et
579 276 677 331 officiis
696 293 761 344 erga
780 275 909 331 homines.
930 307 962 317 -
983 276 1034 332 off.
1053 278 1126 333 circa
1144 279 1214 361 bona
1232 284 1354 334 externa.

257 454 296 519 R.
314 457 344 519 2.
384 452 417 518 Si
437 473 516 517 vero
533 451 702 517 Cornelius
721 472 801 534 erga
817 451 999 536 Scipionem
1024 473 1232 518 oeconomum
1257 454 1290 518 vi
1307 454 1360 518 vel
1377 454 1493 522 fraude

167 564 246 608 usus
269 542 322 620 sit,
346 563 426 607 sane
449 563 513 606 non
531 540 638 624 Scipio
661 542 718 606 sed
734 541 901 606 Cornelius
924 545 1057 608 tenetur
1079 544 1121 607 ad
1144 542 1404 619 restitutionem
1431 545 1492 619 vel,

168 633 196 697 si
220 653 285 714 qua
310 631 409 697 etiam
432 629 591 714 Scipionis
622 631 718 714 culpa
747 630 979 709 intervenerit,
1009 631 1177 696 Cornelius
1207 636 1284 696 ante
1308 631 1492 716 Scipionem

168 726 311 787 tenetur.
349 719 455 797 Quare
480 720 675 786 condonatio
698 718 772 784 huic
789 719 867 784 data
891 739 949 803 per
971 740 1007 784 se
1030 719 1072 785 ad
1095 720 1184 785 illurn
1210 742 1274 786 non
1293 722 1493 788 extenditur.

168 810 254 876 Hinc
284 830 357 875 cum
387 808 536 873 dominus
567 829 722 893 expresse
752 808 836 873 hanc
867 808 1091 875 extensionem
1121 810 1291 886 excludat,
1325 811 1495 876 Cornelius

169 899 334 980 obligatus
364 904 494 975 manet,
526 896 612 964 sicut
635 897 799 979 obligatus
823 903 895 963 erat
924 901 1002 963 ante
1027 918 1153 964 omnem
1178 899 1453 966 condonationem
1475 922 1496 966 a

169 987 298 1054 domino
322 987 456 1053 factam.

406 1195 603 1261 DAMNUM
627 1195 686 1259 EX
709 1194 1026 1261 CONVENTIONE
1052 1197 1256 1264 ILLATUM.

725 1351 835 1416 Casus.
863 1359 940 1427 (229)

260 1492 397 1570 Operarii
419 1493 583 1568 complures
606 1511 670 1550 cum
692 1491 797 1550 Cautio
818 1492 997 1569 praeposito,
1020 1512 1054 1551 eo
1076 1493 1227 1563 suadente,
1251 1495 1442 1564 conveniunt,
1463 1502 1495 1553 ut

169 1573 294 1648 singulis
322 1573 472 1632 mensibus
501 1572 695 1648 quantitatem
723 1571 862 1631 maiorem
891 1575 1050 1631 carbonum
1080 1579 1185 1632 notent
1214 1593 1247 1632 se
1276 1576 1493 1646 transvexisse,

170 1673 256 1729 quam
284 1672 409 1712 revera
437 1654 602 1711 attulerunt
630 1658 658 1709 et
686 1671 744 1727 qua
771 1651 801 1710 in
829 1653 942 1710 fabrica
970 1653 1015 1711 nsi
1044 1658 1121 1712 sunt.
1163 1654 1305 1724 Lucrum,
1333 1657 1411 1730 quod
1440 1657 1494 1714 boc

169 1735 255 1792 modo
276 1733 465 1810 praepositus
487 1733 542 1791 sibi
564 1731 698 1808 acquirit,
720 1752 758 1790 ex
780 1732 915 1792 condicto
937 1733 1013 1791 inter
1034 1752 1099 1791 eum
1121 1739 1152 1791 et
1173 1734 1323 1809 operarios
1346 1735 1494 1794 dividitur.

170 1813 289 1873 Curtius
311 1813 463 1890 operarius
484 1819 552 1890 post
573 1811 685 1887 aliquot
706 1832 810 1880 annos,
831 1832 884 1888 per
899 1832 971 1888 quos
993 1813 1034 1871 ita
1056 1820 1154 1872 actum
1172 1819 1225 1884 est,
1248 1822 1393 1891 concepto
1416 1835 1494 1874 scru-

168 1893 254 1970 pulo,
283 1913 344 1952 rem
374 1913 439 1952 cum
468 1893 650 1953 confessario
679 1892 890 1964 communicat;
919 1912 1019 1951 verum
1042 1912 1075 1951 se
1102 1913 1179 1952 nunc
1207 1913 1268 1951 ram
1292 1901 1408 1953 mutare
1437 1915 1494 1954 non

169 1993 267 2049 posse,
289 1974 348 2033 nisi
362 1993 394 2032 so
409 1979 439 2032 et
453 1974 528 2033 alios
543 1972 695 2049 operarios
715 1978 745 2030 et
765 1974 966 2049 praepositum
981 1973 1094 2048 prodat,
1118 1992 1182 2031 cum
1203 1974 1338 2048 intellegi
1359 1981 1494 2051 nequeat,

169 2072 223 2112 cur
243 2073 321 2113 nunc
349 2054 417 2113 ilico
444 2054 539 2112 minor
559 2053 711 2129 quantitas
740 2055 899 2111 carbonum
921 2072 939 2111 a
961 2073 993 2111 se
1014 2053 1187 2125 adnotetur,
1215 2054 1274 2112 nisi
1302 2060 1392 2114 antea
1414 2057 1494 2114 fraus

169 2134 259 2192 fuerit
280 2134 445 2193 commissa.

170 2237 347 2308 Qunamrnn
369 2241 399 2298 1ο
425 2240 462 2298 ad
476 2244 616 2315 quantam
637 2239 855 2298 restitutionem
871 2239 989 2298 Curtius
1011 2239 1159 2314 obligatus
1180 2239 1228 2297 vel
1250 2239 1428 2316 obligandus
1449 2241 1494 2301 sit.

368 2329 398 2385 2⁰
424 2329 557 2404 possitne
579 2328 698 2388 Curtius
720 2331 757 2386 ob
779 2328 888 2386 allatas
908 2328 1040 2386 rationes
1061 2328 1104 2386 ita
1125 2347 1264 2404 pergere,
1290 2329 1316 2387 si
1339 2348 1493 2388 excessum

422 2428 475 2485 pro
498 2429 552 2467 sua
572 2414 658 2484 parte
679 2409 826 2468 restituat.

765 2597 899 2664 Solutio.

108 2754 161 2808 742
260 2739 312 2802 An
336 2758 525 2813 Quausrrnn
552 2740 588 2802 1¹⁰
620 2738 658 2803 R.
686 2741 714 2803 1.
761 2738 857 2802 Certo
880 2737 1011 2803 Curtius
1036 2743 1167 2804 tenetur
1191 2738 1297 2819 quoad
1322 2760 1379 2816 ea,
1412 2761 1492 2822 quae

170 2826 240 2911 ipse
257 2829 344 2894 ultra
360 2827 534 2893 veritatem
552 2848 587 2891 se
602 2827 746 2892 fabricae
767 2827 941 2893 tradidisse
960 2827 1174 2904 asseveravit,
1199 2831 1233 2892 et
1249 2849 1333 2909 quae
1349 2829 1493 2894 fabricae

171 2917 320 2981 dominus
344 2938 401 3000 pro
418 2917 561 3000 acceptis
584 2916 698 2982 habuit
714 2938 770 2981 seu
788 2938 846 2998 pro
863 2915 978 2996 quibus
994 2916 1134 2998 pretium
1156 2916 1270 2981 solvit:
1296 2938 1491 3000 quamquam

172 3006 278 3087 quoad
308 3027 381 3071 eam
411 3010 539 3089 partem
570 3027 697 3082 eorum,
729 3026 826 3086 quam
849 3006 1056 3088 praepositus
1078 3005 1139 3069 sibi
1169 3005 1321 3083 retinuit,
1355 3007 1396 3071 ad
1422 3029 1492 3072 eum

170 3095 271 3161 habet
293 3116 477 3172 recursum;
508 3095 622 3176 idque,
655 3095 682 3159 si
706 3115 839 3159 necesse
862 3095 921 3170 sit,
951 3094 1050 3158 etiam
1074 3115 1132 3177 per
1156 3094 1317 3159 occultam
1343 3116 1493 3180 compen-

171 3186 341 3251 sationem.

260 3283 298 3348 R.
325 3286 353 3348 2.
402 3282 436 3347 Si
460 3281 577 3364 agendi
601 3281 730 3346 modum
755 3280 901 3362 rigorose
925 3280 1127 3363 inspicimnS,
1152 3281 1354 3362 singulorum
1379 3303 1493 3366 opera-

172 3371 292 3437 riorum
317 3371 504 3455 cooperatio
528 3392 585 3435 seu
609 3370 806 3453 conspiratio
830 3370 878 3435 ita
901 3371 1085 3434 necessaria
1108 3375 1190 3446 erat,
1215 3373 1261 3445 ut,
1286 3370 1314 3434 si
1336 3371 1387 3435 vel
1414 3393 1493 3436 unus

172 3461 433 3544 cooperationem
458 3461 499 3524 ad
522 3460 671 3524 fraudem
695 3460 792 3524 istam
818 3460 1029 3540 denegasset,
1061 3480 1156 3523 nemo
1186 3480 1258 3524 earn
1290 3460 1493 3526 committere

172 3571 270 3614 ausus
301 3553 389 3614 esset
418 3551 470 3613 vel
502 3550 621 3613 audere
652 3548 829 3631 potuisset,
861 3569 898 3612 eo
930 3548 1014 3629 quod
1044 3547 1117 3612 ilico
1148 3547 1369 3630 superioribus
1400 3570 1492 3632 prae·

171 3637 286 3721 positis
317 3638 407 3701 fraus
437 3638 494 3702 illa
524 3638 693 3720 patuisset.
741 3637 778 3700 ln
802 3658 865 3718 quo
889 3658 966 3702 casu
994 3637 1088 3703 adest
1112 3637 1267 3718 obligatio
1291 3637 1492 3719 singulorum

171 3727 205 3790 in
229 3725 383 3804 solidum;
415 3726 476 3792 etsi
500 3729 541 3791 ad
566 3726 757 3809 complicem
782 3726 801 3791 i.
827 3748 854 3791 e.
880 3727 921 3790 ad
945 3747 1103 3808 quemque
1131 3747 1272 3809 prosus
1296 3732 1410 3809 parte,
1442 3727 1492 3792 ille

173 3816 227 3896 qni
251 3818 356 3881 totum
380 3817 584 3898 reparaverit
608 3816 729 3881 habeat
753 3837 929 3880 recursum.

262 3922 300 3987 R.
327 3927 356 3986 3.
402 3922 620 3986 Nihilominus
650 3923 707 3987 illa
739 3922 894 4002 obligatio
928 3921 959 3983 in
990 3920 1128 3984 solidum
1160 3920 1240 3984 adeo
1272 3920 1416 3986 difficilis
1446 3925 1493 3986 est

173 4014 273 4092 atque
298 4011 378 4076 adeo
403 4011 459 4075 uix
483 4011 685 4091 intellegitur
709 4013 749 4075 ab
773 4011 972 4086 horninibuS,
1005 4015 1040 4074 nt
1064 4010 1207 4092 practice
1232 4011 1347 4074 melius
1372 4013 1432 4088 sit,
1464 4012 1492 4073 in

172 4101 231 4165 tali
256 4123 332 4165 casu
358 4122 429 4164 eam
455 4122 517 4163 non
541 4102 724 4164 formaliter
747 4102 930 4182 imponere,
961 4100 1018 4162 sed
1042 4120 1115 4162 roos
1140 4119 1287 4175 monere,
1320 4104 1357 4164 ut
1382 4107 1416 4165 et
1439 4121 1492 4183 pro

173 4212 233 4254 sua
257 4190 373 4254 saltem
399 4193 493 4272 parte
516 4190 723 4255 satisfaciant
754 4195 787 4254 et
818 4189 959 4270 reliquos
984 4189 1156 4270 complices
1184 4208 1316 4251 movere
1340 4190 1493 4255 studeant

173 4300 333 4360 quemque
357 4279 398 4343 ad
422 4300 513 4342 suam
538 4283 666 4361 partem
688 4279 914 4360 reparandam.
954 4277 1000 4342 Cf.
1027 4278 1113 4342 circa
1136 4278 1220 4341 banc
1244 4298 1311 4340 rem
1331 4279 1362 4343 S.
1381 4278 1492 4362 Alpb.

173 4369 236 4446 III,
263 4371 343 4433 579:
380 4368 522 4444 ,Rudes,
555 4368 616 4432 etsi
640 4372 815 4432 teneantur
838 4369 870 4431 in
894 4367 1048 4440 solidum,
1080 4388 1154 4430 raro
1186 4366 1321 4448 expedit
1350 4368 1493 4449 obliga-re

174 4458 215 4521 ad
239 4463 354 4533 totum,
380 4479 452 4521 cum
469 4456 645 4522 difficulter
668 4456 722 4522 isti
746 4456 804 4520 sibi
829 4456 1049 4538 persuadeant
1073 4477 1107 4519 se
1124 4454 1228 4519 teneri
1250 4455 1291 4519 ad
1320 4458 1493 4523 restituen-

174 4546 248 4609 dam
272 4551 398 4627 pariem
423 4568 442 4610 a
468 4546 564 4610 sociis
589 4547 743 4610 ablatam.
784 4546 964 4620 Quinimmo
989 4545 1071 4608 satis
1095 4544 1257 4626 praesumi
1285 4546 1386 4620 valet,
1412 4545 1492 4628 quod

173 4633 235 4716 ipsi
260 4635 397 4707 domini,
423 4635 538 4716 quibus
562 4636 699 4700 debetur
727 4635 907 4710 restitutio,
933 4635 1155 4708 consentiant,
1188 4638 1223 4696 nt
1247 4634 1295 4698 illi
1319 4635 1494 4702 restituant
