3106 5168
199 270 354 325 Translatio
373 271 422 324 iur.
436 288 462 340 p.
474 273 630 324 testament.
650 275 678 323 et
696 269 786 323 hered.
805 300 839 307 -
859 234 1061 324 Testamentum
1075 287 1131 338 pro
1149 287 1232 323 cauca
1247 272 1304 337 pio.
1347 273 1413 337 475

181 447 220 512 R.
245 450 276 512 3.
316 445 476 512 Etiamsi
500 445 586 530 patri
610 467 645 512 se
668 453 858 512 servaturos
881 467 953 512 esse
977 446 1046 511 eius
1070 446 1316 530 dispositionem
1338 457 1475 530 pro-935

91 535 241 601 miserint
264 539 298 602 et
321 535 527 601 nihilominus
551 539 785 603 testamentum
812 540 849 602 ut
870 535 1050 601 invalidum
1067 557 1109 600 ex
1126 535 1252 600 ratione
1276 536 1309 600 iu
1334 556 1412 601 casu

93 629 229 690 narrata
260 625 469 709 impugnant,
504 631 619 690 contra
650 626 787 691 fratrem
819 630 900 691 natu
932 625 1088 690 maiorem
1121 624 1314 690 iniustitiam
1350 646 1413 690 non

92 713 318 791 committunt,
349 714 506 796 siquidem
537 713 568 779 ei
597 713 675 779 nihil
705 713 913 798 promiserint
936 735 979 779 ex
1000 713 1127 780 iustitia
1156 735 1262 795 neque
1284 713 1415 796 proprie

92 805 122 869 ei
147 803 320 885 quidquam
345 802 562 887 promiserint.

182 902 293 967 Solum
316 900 343 964 si
367 900 422 965 ille
445 900 550 967 frater
573 903 652 964 natu
676 900 789 978 maior,
817 899 1030 983 promissione
1053 900 1141 984 patri
1164 899 1204 964 ab
1228 899 1301 964 aliis
1324 900 1415 966 facta

92 993 188 1064 fisus,
222 1010 384 1072 expensas
414 989 546 1054 fecisset
577 988 696 1054 intuitu
728 988 939 1072 proprietatis
969 1009 1045 1053 mox
1075 988 1260 1066 adeundae,
1295 987 1414 1070 aliique

91 1080 214 1144 fratres
237 1078 270 1142 id
294 1078 395 1144 tacite
418 1077 658 1162 permisissent,
689 1078 738 1156 hi,
770 1079 796 1142 si
825 1084 940 1162 postea
963 1081 1197 1144 testamentum
1221 1077 1416 1161 impugnant

92 1173 128 1233 et
151 1168 288 1233 fratrem
311 1167 464 1232 maiorem
489 1167 610 1233 eiciunt
634 1187 651 1231 e
675 1188 732 1251 spe
758 1167 891 1233 maioris
914 1166 1139 1251 proprietatis,
1170 1167 1297 1232 ratione
1320 1166 1415 1232 huius

93 1257 203 1322 damni
227 1257 353 1322 causati
377 1256 418 1322 ad
441 1258 497 1321 hoc
520 1256 762 1321 resarciendum
785 1257 890 1321 teneri
913 1260 1051 1340 possunt
1073 1277 1115 1321 ex
1137 1255 1273 1321 iustitia.

182 1379 235 1443 An
259 1399 450 1454 ‹ruausmuu
474 1381 522 1444 3¹².
540 1377 578 1445 R.
611 1378 688 1443 Cum
706 1399 748 1443 ex
764 1383 863 1444 antea
879 1378 974 1445 dictis
989 1383 1065 1462 post
1080 1381 1313 1444 testamentum
1329 1382 1415 1443 tarn·

92 1490 190 1551 quam
213 1469 352 1533 informe
374 1467 530 1532 reiectum
553 1468 638 1532 filius
654 1467 827 1533 Cassandri
843 1471 923 1532 natu
938 1468 1042 1532 maior
1065 1489 1129 1532 non
1153 1468 1257 1551 possit
1280 1466 1415 1533 rest'tu·

92 1561 214 1623 tionem
239 1561 352 1641 petere
376 1579 396 1622 a
418 1556 586 1633 fratribus,
611 1556 664 1638 qui
689 1557 858 1639 aequalem
883 1578 955 1621 curn
972 1557 1042 1640 ipso
1066 1556 1258 1623 hereditatis
1282 1555 1415 1620 divisio-

92 1669 167 1711 nem
192 1647 415 1730 perfecerunt:
440 1645 518 1709 nihil
541 1649 657 1722 restat,
682 1644 743 1709 nisi
767 1650 804 1711 ut
827 1667 886 1730 pro
903 1646 1020 1710 damno
1044 1652 1178 1712 causato
1202 1650 1350 1711 recurrat
1373 1645 1415 1711 ad

92 1736 273 1812 notarium,
312 1757 355 1800 sx
393 1735 483 1799 cuius
516 1734 756 1800 inadvertentia
789 1738 1024 1800 testamentum
1061 1735 1162 1813 vitio,
1196 1735 1265 1818 ipse
1296 1735 1415 1799 damno

92 1826 231 1890 affectus
254 1828 315 1890 est.
363 1823 423 1900 Qui
447 1827 552 1899 certe,
578 1844 650 1888 cum
673 1822 842 1888 iuridicam
866 1824 995 1907 culpam
1020 1824 1234 1901 commiserit,
1266 1845 1286 1889 a
1308 1823 1415 1889 iudice

92 1915 135 1979 ad
159 1913 376 1998 reparandum
401 1914 553 1977 damnum
578 1913 742 1994 cogendus
766 1917 826 1979 est.

183 2150 467 2217 TESTAMENTI
496 2149 581 2215 PRO
606 2149 757 2216 CAUSIS
780 2150 861 2216 PIIS
885 2150 1011 2216 FACTI
1036 2150 1323 2218 IMPUGNATIO.

651 2307 759 2372 Casus.
787 2312 863 2382 (aaa)

185 2453 388 2529 Chrysantha,
416 2452 526 2510 femina
548 2453 631 2511 dives
652 2453 792 2529 innupta,
816 2454 898 2530 nepti
920 2454 994 2512 satis
1015 2453 1175 2529 indigenti,
1197 2473 1273 2530 quae
1294 2453 1418 2514 servitia

95 2554 155 2595 non
175 2553 272 2611 pauca
292 2532 492 2611 praestiterat,
514 2532 601 2591 dicit:
626 2533 687 2604 ,un
706 2533 760 2592 tibi
780 2534 942 2609 relinquam
958 2537 1035 2594 4000
1050 2554 1114 2605 mc,
1137 2554 1212 2610 quae
1232 2535 1290 2593 iam
1312 2540 1346 2593 ut
1364 2539 1417 2593 tua

96 2614 284 2675 considerare
305 2615 424 2690 potes“;
454 2613 646 2688 assignatque
667 2613 769 2672 titulos
792 2614 1019 2691 chirographos,
1048 2634 1121 2691 quos
1142 2615 1282 2690 relinquit
1302 2614 1418 2691 quidem

95 2717 150 2755 suo
172 2695 291 2771 proprio
312 2693 423 2752 nomini
444 2693 613 2768 inscriptos
636 2712 758 2768 quorum
773 2694 884 2753 reditus
906 2702 1004 2754 tamen
1026 2715 1140 2754 annuos
1161 2696 1260 2772 neptis
1281 2694 1418 2772 percipit,

96 2775 228 2834 exhibito
250 2775 389 2833 mandato
404 2773 562 2848 quotannis
578 2794 595 2831 0
610 2778 770 2832 matertera
791 2774 848 2833 sibi
862 2774 946 2845 dato;
968 2775 1131 2849 iniungitur
1152 2781 1250 2834 autem
1271 2775 1363 2852 nepti,
1385 2781 1419 2835 ut

96 2875 238 2914 summam
260 2854 357 2924 illam,
379 2859 518 2929 quantum
541 2853 651 2930 possit,
675 2854 816 2913 intactam
839 2860 938 2913 servet
959 2874 1081 2930 eamque
1102 2875 1155 2931 per
1175 2856 1296 2915 ultimae
1317 2857 1418 2915 volun·

97 2936 170 2994 tatis
192 2934 420 2993 declarationem
442 2938 542 2992 certae
564 2953 672 2991 causae
693 2933 759 3009 piae
781 2934 906 2994 addicat.

187 3024 297 3082 Verum
325 3028 393 3099 post
420 3042 515 3081 annos
536 3022 726 3097 Chrysantha
747 3022 862 3081 videtur
889 3023 977 3081 huius
1004 3023 1045 3082 rei
1074 3028 1160 3082 actae
1188 3024 1281 3082 luisse
1310 3023 1417 3095 oblitn;

97 3124 166 3163 narn
188 3104 218 3161 in
232 3107 418 3173 testamento,
440 3103 521 3161 nulla
535 3102 633 3178 neptis
648 3103 729 3160 iacta
744 3103 901 3174 mentione,
924 3103 1021 3162 omnia
1035 3106 1112 3162 bona
1126 3122 1190 3172 sua,
1212 3103 1300 3162 etiam
1315 3103 1418 3162 titulos

96 3185 165 3244 illos
187 3183 269 3260 nepti
288 3183 460 3259 promissos,
481 3182 619 3258 relinquit
641 3189 721 3241 certo
743 3183 879 3241 instituto
899 3183 947 3259 pio
969 3183 1180 3242 ecclesiastico.
1216 3184 1244 3241 A
1265 3184 1348 3242 cuius
1370 3183 1418 3241 ad·

97 3264 299 3324 ministratore
330 3282 394 3321 curn
425 3263 522 3338 neptis
552 3269 621 3338 post
650 3262 761 3321 obitum
783 3263 987 3339 Chrysanthae
1016 3263 1119 3322 titulos
1147 3263 1214 3322 illos
1236 3264 1283 3322 vel
1312 3264 1417 3322 saltem

98 3363 213 3403 annuos
240 3343 352 3402 reditus
381 3349 414 3402 ut
441 3343 496 3401 sibi
525 3343 640 3401 debitos
668 3348 766 3419 petat,
795 3342 845 3401 ille
873 3342 943 3401 dare
970 3344 1084 3414 renuit,
1113 3364 1147 3403 00
1171 3343 1247 3419 quod
1274 3343 1331 3403 sibi
1358 3362 1418 3402 non

97 3426 189 3485 licent
209 3424 287 3500 piam
309 3443 429 3481 causam
451 3423 633 3482 defraudare.

97 3529 276 3600 Qurrnrrnn
298 3531 326 3587 1⁰
352 3548 420 3586 num
440 3529 537 3604 neptis
552 3529 758 3606 Chrysanthae
779 3529 842 3587 iure
863 3529 1002 3606 postulet,
1025 3534 1054 3589 et
1075 3528 1296 3588 administrator
1311 3548 1420 3588 causae

352 3609 419 3685 piae
440 3610 535 3685 possit
555 3610 602 3668 vel
625 3611 731 3668 dehent
751 3609 953 3669 obsecundari.

297 3699 328 3757 2⁰
353 3697 486 3774 possitne
515 3698 612 3774 puella
641 3719 738 3757 coram
767 3698 864 3757 iudice
892 3718 998 3774 agere,
1028 3703 1062 3757 ut
1090 3698 1134 3758 ita
1161 3719 1303 3758 summam
1331 3699 1420 3758 istam

353 3778 503 3850 obtineat,
535 3778 622 3836 etiam
653 3799 718 3837 curn
749 3779 897 3855 periculo,
933 3799 970 3837 ne
999 3778 1094 3838 omnis
1123 3780 1175 3838 illa
1205 3778 1360 3856 dispositio
1389 3779 1420 3838 in

353 3860 484 3917 favorem
506 3859 634 3917 instituti
663 3859 704 3935 pii
731 3860 827 3930 facta,
856 3865 964 3936 negato
986 3878 1112 3918 assensu
1132 3860 1283 3934 gubernii,
1313 3860 1421 3920 effectu

354 3944 464 3998 careat.

299 4029 329 4086 3⁰
354 4029 421 4103 quid
443 4028 483 4087 sit
503 4027 586 4099 iuris,
608 4028 643 4097 si,
665 4034 753 4105 nepte
773 4028 825 4088 illa
846 4049 905 4088 non
926 4033 1043 4103 agente,
1065 4028 1264 4099 nihilominus,
1285 4028 1420 4103 gubernii

354 4128 479 4168 assensu
507 4114 631 4183 negato,
660 4115 723 4167 tota
751 4108 900 4168 hereditas
928 4108 1010 4185 nepti
1038 4129 1103 4168 cum
1132 4109 1199 4168 aliis
1227 4109 1362 4183 cognatis
1386 4113 1421 4167 ut

355 4188 500 4262 legalibus
521 4189 678 4247 heredibus
699 4188 861 4249 addicatur.

693 4387 830 4454 Solutio.

191 4530 244 4595 An
274 4549 465 4605 000001οτ0
491 4532 527 4592 1¹⁰
551 4529 589 4594 R.
614 4531 642 4595 1.
673 4529 879 4605 Quaestionis
901 4529 996 4594 huius
1019 4528 1137 4594 solutio
1161 4529 1282 4612 pendet
1306 4528 1347 4595 ab
1371 4549 1419 4607 eo,
1431 4544 1482 4599 936

99 4640 177 4685 num
202 4617 409 4702 Chrysantha
433 4619 522 4701 nepti
545 4617 660 4684 titulos
689 4618 763 4683 illos
787 4619 840 4683 vel
869 4618 934 4684 iarn
965 4617 1137 4684 donaverit
1160 4619 1213 4682 vel
1236 4618 1355 4684 saltem
1378 4639 1421 4683 ex
