3106 5168
305 293 401 349 Cultus
420 294 470 348 Dei
489 293 627 365 publicus:
647 293 733 348 Missa
752 293 847 348 diebus
865 293 975 348 festivis
993 294 1136 348 audienda.
1318 298 1379 363 181

143 469 285 536 Ratione
309 470 417 554 priore
447 479 528 536 certe
554 473 664 555 proris
691 474 743 536 est
766 469 913 549 omissio,
945 473 978 553 a)
1009 469 1132 552 siquis
1156 470 1282 537 demum
1307 474 1386 554 post

55 559 266 627 Offertorium
289 560 433 633 venerit,
458 561 492 640 b)
516 560 609 637 item,
634 560 662 624 si
686 560 758 641 quis
782 560 927 625 omiserit
950 559 1058 625 omnia
1081 581 1184 641 usque
1208 561 1249 626 ad
1272 561 1386 625 Evau-

54 650 177 732 gelium
206 648 365 714 inclusive
395 654 430 714 et
459 649 555 713 simul
585 669 640 726 ea,
671 670 755 731 quae
779 649 1043 714 Commuuionem
1073 650 1241 731 utriusque
1265 649 1385 733 speciei

55 742 252 821 sequuntur;
275 738 482 822 probabiliter
503 740 578 803 leuis
602 741 652 802 est
677 737 807 802 omissio
831 739 864 816 a)
890 737 1042 814 omnium,
1067 759 1150 820 quae
1173 738 1384 805 Offertorium

54 827 266 912 praecedunt,
283 827 318 908 b)
331 827 483 902 omnium,
502 847 585 908 quae
597 825 781 909 Epistulam
793 827 994 910 praecedunt
1006 832 1041 893 et
1052 827 1147 892 simul
1161 848 1282 905 eorum,
1299 848 1385 910 quae

55 917 275 1000 sumptionem
299 916 331 981 S.
358 915 531 998 Sanguinis
555 920 744 998 sequuntur.

144 1004 286 1070 Ratione
302 1005 476 1070 nobilitatis
495 1005 598 1088 partis
615 1005 754 1070 omissae
773 1013 853 1070 certo
867 1007 977 1089 pronis
1000 1007 1051 1070 est
1075 1006 1109 1087 a)
1132 1002 1262 1070 omissio
1279 1004 1388 1088 partis

55 1095 178 1160 Missae
202 1115 223 1160 a
245 1093 497 1160 Consecratione
520 1115 622 1175 usque
646 1094 688 1159 ad
711 1094 809 1159 Pater
831 1101 959 1176 nostem·
989 1094 1024 1174 b)
1055 1093 1154 1160 etiam
1177 1093 1276 1158 solius
1300 1094 1386 1160 Con-

55 1181 251 1249 secrationis
290 1191 317 1248 et
351 1182 609 1259 Communionis‚
649 1182 777 1248 etiamsi
813 1182 921 1249 omnia
959 1182 1152 1248 intermedia
1186 1183 1386 1259 audiuntur;

55 1272 87 1354 c)
111 1273 209 1338 valde
232 1271 443 1354 probabiliter
464 1272 564 1338 etiam
588 1271 689 1336 solius
705 1271 967 1338 Consecrationis
990 1272 1169 1354 utriusque.

145 1362 193 1430 df.
218 1361 250 1426 S.
275 1361 391 1443 Alph.
416 1360 473 1437 III,
498 1364 573 1427 310.

145 1466 186 1533 u.
211 1468 241 1531 2.
288 1465 322 1530 Si
346 1465 441 1530 modo
465 1486 506 1531 ex
534 1487 599 1531 una
623 1466 801 1549 eademque
824 1465 926 1532 Missa
949 1465 1067 1547 aliquis
1089 1465 1278 1532 interfuerit
1301 1465 1385 1531 Ocn-

55 1554 233 1621 secrationi
256 1554 387 1636 utrique
411 1576 484 1620 cum
507 1555 641 1637 reliquis
664 1577 766 1637 usque
789 1556 831 1620 ad
854 1560 1028 1636 utramque
1048 1554 1311 1619 Communionem
1333 1555 1384 1620 in·

56 1645 196 1720 clusive‚
227 1665 292 1708 non
323 1647 454 1709 tenetur
477 1645 582 1709 denuo
613 1645 711 1709 aliam
734 1645 869 1709 Missam
899 1644 1061 1726 integram
1092 1643 1222 1720 audire;
1254 1644 1384 1708 sivero

56 1733 242 1815 neglexerit
265 1753 307 1798 ex
330 1733 463 1814 reliquis
492 1734 665 1798 materiam
688 1738 779 1799 certo
803 1754 955 1816 gravem,
987 1732 1152 1799 tenebitur
1174 1733 1216 1797 ad
1240 1734 1384 1815 aliquam

56 1828 185 1907 partem
209 1843 251 1886 ex
275 1824 380 1887 altera
399 1823 500 1887 Missa
523 1822 748 1906 supplendam,
773 1823 800 1886 si
824 1823 894 1887 sine
917 1822 1011 1904 gravi
1035 1822 1238 1887 incommodo
1262 1826 1383 1905 potest.

146 1928 185 1994 R.
204 1932 233 1994 3.
274 1927 433 1994 Satisfieri
455 1928 568 2009 nequit
591 1928 656 2010 legi
672 1927 839 1993 Ecclesiae
863 1949 921 2011 per
936 1928 1007 2006 hoc,
1032 1928 1118 2010 quod
1133 1927 1251 2009 aliquis
1274 1929 1387 1996 adstet

56 2017 204 2101 pluribus
227 2017 337 2082 Missis
360 2019 472 2100 einim,
502 2016 550 2081 ita
573 2022 610 2081 ut
634 2038 676 2082 cx
699 2039 764 2082 una
786 2017 974 2083 interfuerit
997 2017 1097 2100 priori
1120 2017 1208 2100 parti
1232 2020 1266 2082 et
1288 2017 1384 2083 simul

57 2128 98 2171 ex
137 2107 203 2171 alia
242 2105 436 2190 posteriori:
476 2106 561 2187 quod
600 2127 755 2189 expresse
794 2107 1011 2190 proscriptum
1051 2109 1119 2184 est,
1160 2126 1190 2172 ν.
1224 2106 1308 2174 thes.
1342 2109 1384 2172 53

57 2197 167 2261 innoc.
199 2194 245 2259 XI
282 2195 469 2272 „Satisfecit
501 2200 676 2278 praecepto
709 2195 877 2260 Ecclesiae
909 2195 949 2259 de
982 2194 1142 2260 audiendo
1175 2194 1293 2271 Sacro,
1330 2196 1409 2277 qui·

58 2286 138 2350 duas
163 2283 232 2349 eius
256 2287 377 2367 partes,
401 2283 499 2348 immo
524 2288 674 2366 quatuor,
698 2283 794 2348 simul
818 2284 956 2349 dirersis
980 2283 1236 2363 celebrantibus,
1261 2283 1380 2350 audit.“

146 2407 200 2472 An
223 2428 414 2482 ouaasrrcu
439 2410 477 2471 2¹¹²
508 2406 546 2473 R.
575 2411 602 2472 1.
649 2407 819 2474 Obiective
849 2429 929 2473 sane
952 2407 1065 2490 gravis
1089 2407 1191 2472 laesio
1214 2407 1298 2489 legis
1321 2408 1383 2473 Ec·
1394 2420 1448 2475 358

58 2497 178 2562 clesiae
195 2500 276 2574 erat,
302 2497 387 2578 quod
410 2497 443 2561 in
466 2496 702 2580 posterioribus
718 2497 847 2562 casibus
869 2518 948 2581 pars
964 2498 1045 2562 adeo
1061 2518 1182 2580 magna
1198 2497 1239 2562 ab
1256 2496 1385 2563 Eulalia

58 2586 209 2667 neglecta
234 2590 338 2662 esset,
369 2590 407 2651 ut
429 2585 556 2650 nonnisi
579 2586 677 2670 paulo
701 2592 779 2652 ante
802 2587 855 2651 vel
880 2586 979 2652 etiam
1002 2591 1078 2669 post
1101 2586 1383 2651 Consecrationem

58 2675 230 2740 adveniret
252 2695 357 2756 neque
373 2674 565 2740 facultatem
590 2674 726 2740 haberet
749 2676 846 2741 alteri
863 2675 984 2740 Missae
1003 2674 1187 2740 assistendi.
1226 2674 1384 2742 Attamen

59 2785 130 2829 cum
148 2768 224 2828 ante
237 2763 519 2828 Consecrationem
537 2763 674 2841 veniret,
691 2764 803 2847 gravis
820 2768 891 2829 erat
908 2764 1065 2846 obligatio
1082 2764 1385 2849 reliquampartem

58 2853 180 2917 Missae
209 2852 417 2916 nihilominus
448 2851 616 2930 audiendi;
646 2874 710 2917 uon
741 2857 830 2929 erat,
861 2874 933 2917 cum
958 2853 1087 2918 veniret
1110 2858 1184 2936 post
1208 2854 1385 2919 Consecra-

57 2942 200 3017 tionem‚
231 2941 378 3022 eoquod
410 2942 572 3007 essentiae
599 2942 747 3007 sacrificii
772 2942 927 3008 assistere
950 2941 1015 3007 iam
1040 2963 1104 3006 non
1127 2947 1248 3025 posset.
1273 2981 1317 2990 -
1347 2941 1385 3007 In

57 3030 220 3114 prioribus
242 3029 469 3095 omissionibus
492 3030 622 3096 Eulalia
644 3052 708 3095 non
732 3031 863 3097 videtur
885 3052 1036 3113 umquam
1061 3052 1163 3112 usque
1189 3032 1229 3095 ad
1248 3052 1385 3113 gravem

57 3119 234 3184 laesionem
270 3119 437 3202 praecepti
472 3120 684 3186 ecclesiastici
719 3119 926 3203 processisse.
962 3157 1005 3164 —
1040 3120 1218 3185 Praeterea
1250 3123 1386 3203 propter

59 3209 247 3276 distantiam
280 3209 374 3273 unius
404 3209 473 3273 fere
503 3210 632 3287 leucae,
664 3231 748 3291 quae
772 3230 814 3274 ex
838 3231 873 3274 se
897 3208 1025 3290 quidem
1056 3229 1121 3273 non
1144 3209 1239 3292 plene
1263 3209 1385 3274 sufficit

58 3300 99 3363 ad
123 3298 345 3362 excusandum
370 3299 501 3379 alege,
526 3298 596 3362 fieri
619 3303 730 3364 tamen
754 3299 876 3382 potuit,
905 3302 960 3377 ut,
986 3297 1161 3363 accedente
1186 3298 1296 3380 aliqua
1319 3298 1385 3363 alia

58 3387 196 3464 ratione,
222 3408 320 3452 causa
344 3408 506 3451 excusans
530 3387 671 3453 adesset.

146 3492 186 3558 R.
212 3495 241 3555 2.
289 3491 322 3557 Si
347 3492 515 3573 quaeritur
545 3492 584 3556 de
614 3493 781 3557 arcbiectiro
811 3496 963 3574 peccato,
995 3490 1125 3556 omnino
1148 3490 1252 3556 videri
1276 3490 1447 3569 debet,359

58 3603 122 3663 qua
146 3580 345 3645 conscientia
361 3581 491 3646 Eulalia
515 3580 629 3662 egerit,
654 3602 730 3645 nuni
754 3601 790 3645 se
814 3580 964 3647 habuerit
987 3601 1046 3664 pro
1070 3586 1245 3654 excusata;
1271 3582 1385 3664 quodsi

58 3692 121 3734 non
147 3669 304 3745 obtinuit,
333 3692 408 3734 num
434 3670 633 3752 praeviderit
660 3671 712 3734 vel
736 3670 937 3735 dubitaverit
960 3670 1000 3734 de
1023 3671 1166 3752 periculo
1191 3671 1384 3753 neglegendi

57 3761 225 3825 notabilem
241 3759 362 3823 Missae
386 3763 523 3841 partem.
557 3759 677 3835 Quodsi
700 3779 737 3824 re
753 3780 832 3823 vera
856 3759 1056 3842 praeviderit
1071 3760 1125 3824 vel
1148 3759 1294 3825 timuerit
1317 3761 1385 3826 tale

57 3848 247 3932 periculum,
272 3868 376 3930 neque
400 3851 510 3913 tamen
534 3848 630 3914 citius
653 3869 725 3913 sese
749 3848 963 3930 expediverit,
989 3849 1137 3930 graviter
1151 3851 1302 3932 peccavit
1318 3849 1384 3913 sin-

58 3938 145 4019 gulis
173 3936 317 4012 vicibus,
348 3936 446 4002 etiam
478 3937 606 4018 quando
637 3959 673 4002 re
702 3938 775 4021 ipsa
804 3958 868 4001 non
900 3947 964 4002 tom
994 3958 1068 4003 sero
1096 3938 1232 4004 venerit.
1279 3938 1385 4003 Valde

57 4031 169 4092 autem
201 4025 369 4109 probabile
401 4030 452 4092 est
482 4026 644 4091 Eulaliam
674 4026 706 4090 id
736 4026 818 4091 satis
845 4026 1047 4109 praevidisse
1069 4027 1123 4091 vel
1146 4027 1295 4092 timuisse
1317 4028 1384 4091 sin-

57 4116 144 4197 gulis
175 4115 319 4190 vicibus,
350 4120 522 4198 postquam
554 4116 727 4196 aliquoties
757 4116 961 4198 experientia
992 4115 1183 4197 cognoverit
1213 4138 1249 4181 se
1279 4115 1385 4180 serius

58 4205 170 4270 venire
194 4207 292 4269 solere
298 4227 312 4284 ;
335 4225 409 4268 nam
435 4225 472 4268 eo
496 4204 565 4288 ipso
582 4205 666 4285 quod
691 4209 765 4288 post
781 4205 965 4287 Epistulam
981 4205 1035 4268 vel
1059 4205 1158 4271 etiam
1182 4209 1258 4288 post
1273 4205 1384 4270 Evan-

58 4294 179 4377 gelium
195 4297 413 4358 consueverat
428 4294 550 4369 venire,
575 4293 753 4376 prudenter
774 4294 891 4360 timere
908 4294 1019 4360 debuit
1042 4314 1082 4358 ne
1106 4293 1260 4359 facillime
1283 4295 1384 4358 etiam

58 4383 206 4449 accidere
230 4386 351 4465 posset,
376 4386 414 4447 ut
436 4383 565 4447 demum
588 4386 664 4465 post
687 4383 896 4449 Offertorium
920 4383 1057 4449 veniret.

147 4473 304 4537 Attamen
327 4472 355 4536 si
379 4471 549 4537 moraliter
571 4472 633 4536 sibi
657 4472 877 4555 persuadebat
902 4471 985 4548 iore,
1010 4477 1047 4536 ut
1071 4492 1134 4535 non
1160 4472 1246 4536 ultra
1270 4471 1383 4535 Gloria

59 4561 162 4626 serius
194 4560 340 4634 veniret,
374 4581 394 4624 a
426 4561 520 4641 gravi
552 4567 687 4644 peccato
720 4564 793 4627 erat
826 4561 1022 4625 excusanda.
1077 4561 1124 4625 of.
1157 4559 1311 4625 Noldin
1342 4560 1383 4639 11,

59 4671 89 4718 n.
114 4652 189 4728 265,
215 4652 245 4727 2,
270 4670 303 4724 c;
329 4649 505 4715 Genicot
527 4649 552 4727 Ι,
576 4671 607 4716 n.
633 4653 707 4716 339.
