3106 5168
129 306 284 362 Translatio
296 308 346 362 iur.
359 325 385 378 p.
398 311 554 362 testament.
567 309 697 363 ethered.
713 339 745 348 ·-
758 311 875 363 Heredes
888 314 1030 364 necessarii
1042 328 1170 365 eorumve
1182 313 1272 367 laesio.
1321 316 1385 380 479

304 510 414 575 IURA
438 509 650 576 FILIORUM
673 511 720 576 IN
745 511 866 577 BONA
891 511 1147 579 PAltENTUM.

616 658 727 725 Casus.
754 667 830 735 (291)

127 825 129 829 ⁴
153 799 286 859 Iustinus
308 806 338 858 et
356 799 443 859 Clara
464 799 604 875 coniuges
625 806 695 859 ante
715 799 931 860 matrimonium
947 801 1069 860 Paulum
1091 802 1182 861 lilium
1204 808 1384 877 genuerunt3

60 880 139 956 quod
167 885 200 939 ut
228 881 373 939 occultum
402 884 550 949 maneret,
578 879 656 938 filius
685 881 760 939 clam
788 881 818 939 in
841 881 1090 958 orphanotrophio
1114 883 1275 942 collocatus
1297 889 1385 960 atque

60 965 218 1037 parentum
246 961 388 1037 impensis
415 960 574 1019 secundum
600 960 800 1019 condicionem
828 961 945 1020 honesti
973 962 1087 1038 opificis
1108 963 1250 1022 educatus
1279 969 1309 1022 et
1336 983 1385 1022 ex·

62 1041 160 1100 cultus
175 1046 230 1111 est,
251 1041 299 1099 sui
319 1047 401 1100 ortus
421 1041 509 1117 plane
530 1040 659 1115 ignarus.
689 1040 763 1099 Post
782 1041 998 1100 matrimonium
1020 1042 1123 1101 initum
1146 1044 1286 1118 coniuges
1306 1045 1385 1102 bona

61 1140 117 1179 sua
137 1120 261 1180 multum
283 1127 439 1191 auxerunt,
461 1126 600 1196 quattuor
614 1121 688 1179 alios
709 1120 786 1178 filios
807 1129 981 1195 genuerunt,
1003 1143 1076 1198 quos
1097 1123 1231 1181 scribunt
1250 1124 1383 1194 heredes,

60 1207 187 1276 excepto
209 1221 266 1259 uno
288 1221 325 1259 ex
346 1201 392 1270 iis,
416 1201 476 1272 cui,
498 1206 600 1277 utpote
621 1200 760 1276 religioso
781 1202 875 1273 facto,
898 1202 1048 1262 dimidium
1069 1203 1213 1279 portionis
1234 1204 1384 1278 legitimae

60 1300 114 1357 pro
136 1283 236 1356 legato
258 1281 421 1355 assignant.

60 1386 239 1457 Qusnmruu
262 1388 290 1444 1⁰
316 1386 384 1462 qnid
411 1386 484 1445 iuris
512 1391 541 1445 et
569 1386 757 1461 obligationis
778 1387 819 1446 sit
839 1387 933 1463 quoad
953 1388 1044 1446 filium
1065 1387 1147 1447 illum
1168 1389 1384 1447 antematrr'mo·

315 1467 438 1538 nialem,
467 1466 530 1524 sive
557 1467 679 1542 ignarus
706 1467 850 1526 manserit
876 1468 923 1526 sui
952 1472 1050 1541 ortua,
1079 1469 1142 1527 sive
1164 1469 1208 1527 rei
1228 1469 1382 1528 veritatem

315 1553 419 1622 postea
440 1546 609 1622 comperiat.

260 1636 291 1693 2⁰
316 1636 384 1711 quid
406 1635 560 1694 dicendum
582 1635 622 1694 sit
642 1636 738 1710 quoad
759 1635 849 1695 filium
871 1636 952 1695 illum
972 1635 1142 1712 religiosum
1165 1638 1283 1696 lactum.

654 1816 789 1883 Salutio.

149 1960 203 2025 Au
226 1980 417 2036 qunssrruu
443 1963 479 2024 1¹¹¹
503 1959 541 2024 u.
570 1961 597 2024 l.
642 1958 742 2023 Filius
765 1958 820 2024 ille
844 1963 921 2025 ante
944 1960 1186 2024 matrimonium
1210 1964 1443 2043 parentumtl3

58 2053 174 2127 natus,
200 2071 272 2114 cum
295 2050 339 2114 sit
363 2069 405 2112 ex
428 2048 617 2132 parentibus
640 2046 770 2112 ineundi
797 2048 995 2113 matrimonii
1019 2049 1211 2132 capacibus,
1237 2048 1307 2114 iuro
1330 2071 1383 2114 ec·

58 2139 244 2204 clesiastico
268 2160 304 2203 re
320 2159 400 2203 vera
416 2137 522 2202 evasit
545 2137 720 2218 legitimus,
745 2141 892 2203 attamen
911 2138 943 2201 in
959 2138 1029 2202 iure
1052 2138 1139 2202 civili
1163 2159 1227 2202 non
1243 2139 1383 2204 habetur

58 2227 146 2306 talis,
172 2227 234 2293 nisi
257 2232 431 2310 postquam
455 2226 606 2308 legaliter
629 2225 673 2292 sit
688 2247 708 2291 a
726 2226 916 2310 parentibus
940 2226 1082 2308 agnitus.
1118 2226 1209 2302 Quod
1233 2248 1305 2291 cum
1328 2227 1381 2292 bic

58 2338 123 2382 non
147 2317 311 2393 obtineat,
341 2316 392 2380 ius
422 2315 491 2379 eius
521 2315 562 2380 ad
589 2315 827 2380 successionem
850 2315 883 2379 in
907 2315 1122 2382 hereditatem
1146 2320 1318 2399 parentum
1342 2316 1382 2381 iis

59 2406 216 2470 limitibus
239 2404 368 2470 interim
394 2403 679 2482 circumscribitur,
703 2405 819 2486 quibus
843 2404 897 2468 lex
920 2408 1059 2470 naturae
1081 2404 1157 2469 filiis
1176 2405 1233 2470 dat
1256 2405 1306 2469 ius
1329 2426 1381 2469 re-

58 2494 189 2579 petendi
207 2494 292 2559 bona
309 2493 543 2576 aparentibus,
563 2493 753 2576 parentibus
768 2494 916 2576 imponat
931 2493 1072 2558 officium
1089 2493 1164 2559 filiis
1178 2493 1379 2577 providendi.

56 2622 102 2631 —
119 2584 251 2659 Verum,
276 2587 313 2647 ut
329 2588 428 2647 antea
443 2581 563 2647 dictum
581 2585 642 2660 est,
666 2582 748 2647 haec
768 2582 935 2664 obligatio,
960 2583 988 2647 si
1011 2583 1128 2648 stricta
1151 2583 1299 2661 sumitur,
1323 2605 1382 2667 per

55 2694 93 2738 se
117 2677 249 2737 nonest
272 2671 346 2747 alia,
371 2670 433 2735 nisi
457 2676 493 2736 ut
516 2670 601 2735 filius
624 2675 753 2737 tantum
773 2670 922 2755 accipiat,
947 2677 984 2738 ut
1007 2671 1153 2738 adhibita
1176 2672 1380 2738 convenienti

57 2760 219 2827 industria
242 2760 418 2825 secundum
441 2764 565 2825 statum
590 2759 701 2825 vivere
725 2761 837 2844 possit.

147 2867 185 2933 lt.
212 2870 242 2932 2.
288 2866 407 2932 Restat
430 2870 557 2941 autern,
582 2870 619 2930 ut
642 2866 808 2943 videatur,
834 2889 910 2931 num
931 2871 1060 2953 pietatis
1083 2867 1239 2947 obligatio
1263 2884 1441 2950 paren-944

57 2956 146 3023 tibus
176 2977 216 3021 ea
246 2955 306 3032 sit,
337 2960 375 3020 ut
404 2954 504 3019 filium
535 2955 625 3019 illum
656 2956 808 3037 legaliter
837 2961 1019 3038 agnoscant
1049 2960 1148 3037 atque
1177 2957 1226 3021 ita
1256 2956 1288 3020 in
1311 2956 1380 3020 iure

57 3046 187 3127 aequali
212 3067 285 3109 oum
309 3044 443 3126 reliquis
459 3044 534 3108 filiis
551 3044 761 3110 constituant.
801 3045 890 3120 Quae
914 3045 1071 3125 obligatio
1095 3064 1174 3108 sane
1197 3046 1380 3125 generatim

57 3135 169 3212 adest,
200 3155 313 3198 verum
344 3155 407 3198 non
433 3133 527 3198 adest
554 3155 625 3197 curn
649 3133 793 3216 ipsorum
816 3138 988 3216 parentum
1013 3133 1130 3197 damno
1154 3133 1251 3197 valdo
1274 3134 1378 3215 gravi.

58 3223 92 3289 Si
117 3244 195 3306 ergo
219 3228 297 3289 ante
320 3221 560 3287 matrimonium
584 3223 704 3287 iustam
728 3243 859 3287 causam
878 3222 1043 3287 habebant
1062 3221 1190 3286 velandi
1214 3241 1307 3285 suam
1330 3222 1380 3285 in·

56 3313 209 3390 lamiam,
239 3311 369 3377 interim
395 3332 471 3375 vero
497 3312 538 3375 ad
566 3310 815 3393 splendidiorem
840 3310 991 3375 fortunae
1021 3315 1144 3375 statum
1169 3309 1275 3374 evecti
1303 3316 1380 3376 sunt

56 3408 157 3483 atque
188 3401 371 3484 complures
400 3400 484 3464 filios
514 3404 784 3482 procreaverunt,
815 3399 927 3482 ignoto
951 3421 1084 3484 prorsus
1113 3403 1267 3464 manente
1291 3398 1379 3463 facto

56 3490 182 3574 priore:
220 3511 304 3553 nunc
334 3489 564 3570 gravissimum
596 3493 647 3553 est
676 3511 744 3554 rem
774 3489 934 3572 pandere;
970 3488 1062 3572 proin
1095 3488 1214 3554 iustam
1247 3509 1379 3553 causam

55 3579 179 3646 habent
202 3578 405 3660 relinquendi
428 3577 568 3661 priorem
588 3578 687 3642 filiurn
710 3577 743 3642 in
760 3583 850 3644 statu
866 3600 925 3643 suo
941 3581 1040 3660 atque
1063 3577 1096 3642 in
1119 3576 1306 3659 ignorantia
1329 3577 1379 3642 sui

56 3673 159 3734 ortus,
200 3667 382 3732 Procurare
405 3670 516 3731 tamen
539 3666 668 3743 debent,
693 3667 785 3733 utin
809 3667 900 3732 libris
922 3666 1161 3750 parochialibus
1185 3665 1379 3747 legitimatio

55 3757 115 3822 filii
139 3757 296 3822 canonica
318 3760 452 3822 notetur
475 3761 601 3822 secreto
625 3761 725 3838 utque
741 3757 780 3821 de
803 3756 859 3821 illa
882 3756 987 3839 possit
1005 3761 1165 3821 constare.
1205 3756 1250 3821 Et
1265 3776 1379 3838 quam·

56 3868 154 3929 quam
184 3845 270 3910 filius
299 3845 373 3922 ille,
405 3844 432 3909 si
462 3850 596 3910 notatus
620 3850 672 3910 est
701 3850 738 3911 ut
762 3845 947 3928 expositae,
978 3845 1010 3909 in
1035 3845 1141 3926 rigore
1165 3845 1379 3911 ecclesiastici

55 3935 137 4000 iuris
159 3956 219 4018 pro
242 3935 388 4016 legitimo
418 3933 482 3998 iam
513 3934 689 3999 habeatur:
720 3935 833 4018 praxis
863 3939 973 4000 tamen
1003 3935 1171 4017 expositos
1200 3933 1379 4015 illegitimis

55 4024 260 4107 aequiparat,
279 4046 318 4089 ac
333 4023 424 4106 proin
440 4027 600 4105 praestat,
621 4028 657 4088 ut
672 4023 712 4087 de
728 4023 937 4104 legitimitate
948 4027 1081 4108 positi-oe
1097 4027 1248 4088 constare
1264 4022 1377 4105 possit.

146 4130 184 4196 n.
210 4134 240 4195 3.
284 4130 317 4195 si
340 4129 425 4193 filius
448 4129 503 4193 ille
526 4128 758 4210 relinquendus
780 4135 831 4195 est
854 4128 887 4192 in
911 4128 1098 4194 condicione
1121 4127 1284 4204 inforiore,
1308 4148 1378 4191 ma-

55 4220 144 4285 xime
168 4219 349 4285 cavendum
372 4222 439 4293 est,
473 4239 513 4281 ne
542 4222 658 4301 postea
681 4218 727 4282 rei
751 4219 926 4283 veritatem
950 4218 1138 4301 comperiat.
1184 4217 1269 4280 Nam
1294 4215 1321 4278 si
1346 4215 1377 4279 id

54 4311 167 4385 fieret,
202 4330 302 4373 causa
333 4305 489 4371 facillima
522 4310 610 4371 esset
642 4305 822 4371 aversionis
854 4311 888 4372 et
920 4307 994 4372 odii.
1041 4308 1142 4370 Immo
1175 4303 1202 4368 si
1233 4303 1294 4367 hoc
1327 4310 1378 4369 est

55 4398 252 4473 timendum,
284 4395 473 4479 parentibus
497 4393 728 4459 consulendum
753 4400 804 4460 est
827 4417 923 4476 quam
947 4395 1105 4470 maxime,
1131 4398 1287 4473 utquam
1312 4393 1377 4455 lar·

54 4488 189 4569 gissime
212 4486 286 4551 huic
309 4485 375 4549 filio
399 4484 594 4566 provideant
624 4487 723 4564 atque
753 4484 851 4548 etiarn
882 4505 940 4566 por
964 4483 1087 4549 motiva
1114 4481 1378 4563 supernaturalia

55 4576 126 4641 cius
142 4576 286 4642 animum
307 4573 488 4658 pacandum
506 4576 630 4650 curent,
656 4593 718 4654 quo
741 4572 847 4636 minus
871 4572 1018 4653 graviter
1034 4575 1155 4637 sortem
1172 4591 1264 4634 suam
1280 4569 1375 4636 ferat.

55 4665 172 4749 Neque
204 4685 288 4746 nego
313 4663 470 4728 eiusmodi
494 4683 566 4727 esse
593 4683 685 4748 posse
708 4660 987 4738 circumstantiae,
1019 4662 1059 4725 ob
1084 4681 1165 4743 quas
1188 4659 1377 4744 parentibus
1410 4690 1468 4848 Ι
