3106 5168
165 273 229 336 222
325 269 366 324 Ι)0
383 269 531 325 virtutihus
550 275 578 324 01
596 270 693 326 officiis
711 288 777 340 erga
794 270 973 325 10001000.-
993 269 1100 326 Caritas
1119 270 1146 325 in
1165 271 1326 342 proximum.

163 446 329 523 accedere,
353 451 474 513 natura
488 467 549 512 sua
564 447 643 513 nihil
659 452 711 513 est
725 447 788 514 nisi
804 448 902 514 etiam
927 450 972 513 col
989 449 1195 514 acatholicum
1217 450 1317 513 ritum
1339 447 1486 514 homines

163 556 345 602 convocare
367 557 425 601 seu
448 538 602 602 incitare:
625 538 711 619 quod
733 543 785 605 est
809 537 955 603 formalis
978 537 1021 603 ad
1039 536 1159 604 falsum
1181 535 1280 602 ritum
1297 538 1485 621 cooperatio

163 629 263 708 alque
285 625 407 692 malum
430 624 635 695 intrinsecus.
1043 638 1044 641 ’

100 741 153 796 433
252 731 290 798 R.
315 734 346 798 3.
393 730 505 797 Simile
529 731 604 814 quid
629 731 766 797 dixerim
790 733 831 798 de
853 730 1063 798 concessione
1085 730 1154 797 vini
1177 735 1212 798 et
1233 730 1417 798 hostiarum
1441 735 1485 798 od

162 842 271 885 cenom
306 822 522 887 acatholicum.
575 821 616 885 Ei
646 821 793 903 quidem,
831 821 886 903 qui
915 842 979 886 non
1010 821 1052 887 ad
1082 821 1167 886 hunc
1196 822 1294 886 finem
1324 823 1484 906 postulat,

161 930 358 992 quamquam
388 910 429 976 ad
459 909 544 974 hunc
571 911 669 975 finem
693 910 895 977 adhibiturus
919 915 987 988 est,
1017 931 1071 975 res
1094 930 1281 976 communes
1304 910 1484 976 concedere

160 998 214 1062 vel
237 998 388 1076 vendere,
412 998 594 1064 materialis
617 1002 668 1065 est
684 999 870 1084 cooperatio
898 1020 1001 1083 eaque
1024 1019 1066 1065 ex
1089 999 1243 1082 graviore
1266 1019 1365 1066 causa
1388 1000 1483 1076 licet;

159 1087 217 1152 sed
247 1085 275 1152 si
305 1087 378 1170 quis
407 1088 451 1153 ad
479 1087 564 1153 hunc
593 1089 690 1153 finem
719 1089 866 1172 postulat
894 1108 1000 1171 neque
1023 1109 1044 1154 a
1066 1088 1266 1155 concedente
1296 1088 1483 1172 corrigitur,

158 1175 224 1254 ille,
249 1175 304 1258 qui
327 1175 484 1254 concedit,
509 1177 615 1261 ipsum
635 1177 735 1243 istum
750 1178 847 1243 finem
870 1176 1008 1245 assumit
1031 1181 1065 1242 et
1086 1176 1196 1245 iuvat:
1224 1177 1311 1260 quod
1332 1177 1482 1245 illicitum

159 1270 220 1331 est.
254 1265 360 1332 Debet
382 1265 535 1331 nimirum
550 1266 606 1331 ille
623 1266 697 1331 finis
712 1287 835 1351 pravus
850 1266 921 1333 sive
937 1266 1121 1332 formaliter
1136 1266 1206 1332 sive
1222 1265 1480 1348 aequivalenter,

158 1375 224 1420 non
252 1354 382 1420 interne
412 1355 532 1431 solum,
564 1354 623 1420 sed
653 1355 753 1422 etiarn
776 1360 913 1424 externe
935 1354 1118 1440 repudiari,
1148 1359 1248 1439 prout
1271 1354 1372 1421 etiarn
1394 1357 1481 1440 Lay-

159 1464 257 1509 mann
280 1444 352 1509 loco
375 1464 475 1528 supra
498 1443 599 1511 citato
623 1465 654 1511 n.
679 1447 743 1509 429
768 1444 929 1529 exposuit.

246 1532 349 1598 Immo
373 1532 525 1615 quoniam
548 1552 650 1616 panes
674 1533 873 1599 orbiculares
896 1555 954 1600 seu
977 1531 1105 1600 hostiae
1127 1533 1190 1599 hac
1212 1553 1272 1598 sua
1287 1532 1395 1599 forma
1416 1533 1480 1600 iarn

157 1641 253 1686 usum
281 1643 482 1687 communem
507 1642 571 1687 non
601 1622 739 1701 habent,
770 1623 828 1688 sed
851 1622 909 1688 vix
931 1644 996 1688 non
1023 1622 1117 1688 unice
1139 1643 1234 1687 usum
1256 1621 1381 1689 habent
1403 1624 1481 1689 reli·

156 1712 294 1792 gipsum,
319 1711 492 1776 admodum
508 1710 639 1776 difficile
659 1716 719 1790 est,
744 1733 856 1777 earum
875 1711 1114 1778 concessionem
1133 1732 1286 1793 umquam
1302 1710 1343 1776 ab
1360 1732 1480 1797 appro-

157 1798 289 1865 batione
318 1799 391 1864 finis
420 1799 566 1883 religiosi
593 1799 774 1883 seiungere.
821 1799 1038 1867 Nihilominus
1068 1801 1145 1884 quia
1167 1800 1251 1866 alius
1273 1821 1352 1865 usus
1376 1800 1422 1882 (v.
1446 1823 1478 1884 g.

156 1909 215 1971 pro
244 1888 384 1971 glutine)
414 1911 479 1954 non
509 1892 561 1955 est
589 1888 813 1973 impossibilis,
842 1889 869 1955 si
899 1890 1037 1956 intentio
1067 1890 1145 1957 mali
1175 1889 1248 1954 finis
1277 1888 1480 1957 sufficienter

156 1977 351 2057 excluditur,
376 1999 419 2043 ex
438 1981 630 2063 pravissimo
654 1999 754 2044 causa
773 1979 957 2062 putaverim
981 2000 1094 2045 earum
1110 1977 1353 2044 concessionem
1367 1978 1477 2057 licere,

155 2087 220 2132 non
243 2088 323 2133 vero
345 2068 488 2151 parocho
511 2067 545 2133 in
568 2070 681 2134 nostro
705 2088 792 2135 casu.

93 2185 145 2239 434
243 2173 282 2238 R.
318 2175 349 2241 4.
407 2173 620 2240 commodare
653 2177 765 2240 vestes
798 2194 929 2252 sacras,
968 2194 1032 2256 quc
1066 2177 1216 2240 sumatur
1248 2193 1403 2240 mensura
1436 2176 1477 2240 ad

154 2261 276 2326 similes
300 2262 526 2340 conficiendas,
550 2283 651 2328 exse
674 2263 802 2345 quidem
827 2284 891 2328 non
915 2266 967 2330 est
989 2263 1051 2329 nisi
1074 2261 1255 2329 materialis
1278 2263 1475 2347 cooperatio.

154 2350 371 2417 Nihilominus
395 2373 437 2417 ex
453 2351 705 2419 circumstantiis
727 2350 833 2418 nostri
855 2373 951 2418 casus
974 2373 1013 2418 ea
1037 2350 1252 2418 commodatio
1276 2352 1388 2418 evadit
1404 2353 1476 2418 finis

153 2439 314 2508 obiective
344 2440 421 2506 mali
452 2449 584 2507 calerno
614 2443 800 2527 approbatio
825 2480 864 2489 —
891 2462 974 2525 quae
1007 2445 1059 2508 est
1088 2440 1284 2507 intrinsecus
1307 2442 1407 2508 mala.
1432 2478 1475 2487 -

152 2528 247 2594 Adde
270 2528 532 2612 profanationem
556 2530 718 2613 quandam
748 2551 857 2596 rerum
887 2551 1055 2596 sacrarum
1077 2530 1333 2596 benedictarum.
1379 2530 1475 2596 Mini-

152 2639 240 2682 mum
256 2619 351 2697 enim,
376 2618 462 2702 quod
484 2619 518 2684 in
541 2620 603 2686 hac
618 2618 877 2686 commodatione
901 2619 1087 2685 continetur
1109 2619 1305 2697 necessario,
1329 2623 1382 2686 est
1403 2642 1474 2705 pro

150 2707 252 2788 fanos
267 2730 354 2787 acas,
377 2708 419 2774 ad
436 2730 531 2789 quern
547 2729 600 2774 res
616 2729 730 2775 sacrae
752 2708 943 2786 traduntur;
968 2709 1026 2774 sed
1049 2708 1186 2793 profano
1202 2707 1274 2774 usui
1293 2728 1346 2774 res
1361 2729 1474 2775 sacras

150 2796 275 2862 servire
297 2802 468 2881 peccalum
492 2803 553 2865 est.

239 2913 292 2976 Aa
315 2932 507 2988 nunesrrun
531 2915 570 2977 2⁸²
593 2912 739 2978 breviter
761 2912 958 2995 respondere
980 2911 1066 2979 licet.
1107 2912 1269 2978 Videlicet
1283 2912 1323 2978 R.
1343 2915 1372 2979 l.
1411 2912 1474 2978 Per

150 3020 186 3065 se
209 3006 302 3084 patet
333 3001 443 3066 vinum
474 3005 509 3067 et
538 3000 663 3067 hostias
691 3022 711 3067 a
740 3022 928 3067 successore
959 3001 1091 3066 concedi
1115 3001 1254 3086 amplius
1277 3022 1342 3066 non
1366 3023 1471 3084 posse.

150 3089 277 3155 Sufficit
300 3091 446 3172 quidem,
471 3094 508 3156 ut
531 3090 749 3172 denegentur,
780 3091 908 3173 quando
931 3094 1103 3174 petuntur;
1127 3096 1238 3181 potest
1261 3096 1372 3157 autern
1396 3112 1472 3156 con·

149 3179 267 3244 sultius
290 3200 363 3245 esse
392 3180 434 3245 ad
464 3179 589 3245 maiora
623 3180 697 3245 odia
730 3180 891 3246 avidanda
920 3179 952 3245 id
983 3183 1083 3246 antea
1112 3179 1260 3246 ministro
1291 3180 1472 3246 acatholico

148 3268 310 3337 nuntiare.

238 3375 275 3441 R.
302 3377 332 3441 2.
378 3374 491 3451 Quoad
513 3375 642 3459 pulsum
667 3396 899 3458 campanarum
930 3374 1067 3452 sufficit,
1099 3378 1136 3440 ut
1158 3374 1320 3457 parochus
1343 3373 1472 3441 nuntiet

149 3464 330 3529 acatholico
361 3464 509 3529 ministro
546 3485 582 3529 se
612 3463 673 3528 sibi
706 3484 839 3530 servare
869 3464 920 3528 ius
950 3485 1008 3547 000
1039 3486 1096 3530 sao
1129 3464 1290 3529 arbitratu
1321 3463 1471 3547 pulsandi

149 3573 325 3636 campanas
345 3557 497 3707 ietmpore
520 3553 581 3617 sihi
602 3554 684 3618 bene
700 3553 790 3619 viso:
815 3554 877 3619 etsi
902 3553 975 3618 dein
999 3574 1035 3618 00
1057 3574 1138 3618 vera
1161 3553 1246 3618 idern
1262 3556 1393 3637 tempus
1415 3554 1470 3618 ob·

149 3662 283 3707 servare
307 3663 374 3707 soe
394 3695 400 3707 .

265 3909 271 3913 .
376 3849 671 3915 CONTRIBUTIO
695 3851 756 3916 AD
780 3850 908 3918 FINES
931 3849 1240 3917 ACATHOLICOS.

703 4010 812 4075 Casus.
841 4018 916 4084 (123)

237 4150 401 4210 Occasione
429 4151 499 4209 festi
527 4150 653 4209 alicuius
682 4150 842 4208 nationalis
871 4150 1024 4208 consilium
1052 4152 1100 4222 fit,
1130 4156 1163 4209 ut
1189 4151 1219 4209 in
1248 4151 1388 4210 honorem
1412 4153 1467 4212 viri

145 4231 243 4291 herois
265 4232 300 4290 de
321 4233 419 4308 patria
439 4234 514 4290 bane
535 4231 632 4289 meriti
659 4231 790 4306 pretiosa
819 4237 918 4289 statua
940 4226 1070 4304 erigatur
1091 4232 1121 4289 in
1143 4230 1250 4289 celebri
1271 4234 1380 4308 templo
1402 4253 1467 4292 aca-

144 4312 269 4386 tholico,
290 4312 320 4370 in
342 4311 448 4389 oppido
470 4312 562 4371 natali
583 4331 691 4369 novum
713 4311 852 4388 templum
874 4311 1068 4369 acatholicum
1089 4331 1142 4388 pro
1163 4331 1284 4369 numero
1305 4312 1467 4372 incolarum

145 4393 344 4451 necessarium
359 4398 556 4461 construatur,
579 4397 666 4467 atque
687 4392 717 4449 in
731 4391 797 4450 loco
818 4391 868 4448 ubi
884 4392 1039 4449 defunctus
1054 4397 1099 4450 est
1120 4391 1293 4449 instituatur
1307 4393 1467 4469 hospitium

145 4474 399 4547 protestanticum
424 4494 480 4548 quo
502 4474 663 4530 educentur
684 4478 771 4546 atque
793 4472 978 4529 instruantur
999 4472 1130 4547 orphani.
1173 4471 1322 4543 AlfreduS,
1346 4474 1467 4532 catholi-

145 4571 213 4621 cus,
241 4553 272 4611 in
293 4573 414 4611 munere
435 4553 551 4630 publico
572 4551 732 4611 honorifico
755 4551 948 4621 constitutus,
979 4560 1011 4609 ut
1038 4551 1180 4626 gubernio
1208 4553 1328 4628 placeat
1353 4553 1466 4629 sibique

145 4632 223 4691 viam
252 4634 363 4710 pandat
390 4635 428 4692 ad
455 4635 565 4709 gradus
594 4633 731 4703 altiores,
760 4633 842 4710 cupit
869 4631 1023 4708 pecuniam
1052 4633 1082 4691 in
1103 4633 1191 4691 finem
1218 4634 1308 4691 istum
1331 4636 1466 4693 conferre
