<?xml version="1.0" encoding="UTF-8"?>
<!DOCTYPE html PUBLIC "-//W3C//DTD XHTML 1.0 Transitional//EN"
    "http://www.w3.org/TR/xhtml1/DTD/xhtml1-transitional.dtd">
<html xmlns="http://www.w3.org/1999/xhtml" xml:lang="en" lang="en">
 <head>
  <title>
</title>
<meta http-equiv="Content-Type" content="text/html;charset=utf-8" />
  <meta name='ocr-system' content='tesseract 3.04.00' />
  <meta name='ocr-capabilities' content='ocr_page ocr_carea ocr_par ocr_line ocrx_word'/>
</head>
<body>
  <div class='ocr_page' id='page_1' title='image "./casusconscienti01lehmgoog_0067.png"; bbox 0 0 3106 5168; ppageno 0'>
   <div class='ocr_carea' id='block_1_1' title="bbox 494 273 1024 348">
    <p class='ocr_par' dir='ltr' id='par_1_1' title="bbox 494 273 1024 348">
     <span class='ocr_line' id='line_1_1' title="bbox 494 273 1024 348; baseline 0.006 -19"><span class='ocrx_word' id='word_1_1' title='bbox 494 273 600 342; x_wconf 74' lang='lat' dir='ltr'><strong>Regula</strong></span> <span class='ocrx_word' id='word_1_2' title='bbox 617 283 718 330; x_wconf 73' lang='lat' dir='ltr'><strong>remota</strong></span> <span class='ocrx_word' id='word_1_3' title='bbox 735 292 785 331; x_wconf 87' lang='lat' dir='ltr'><strong>sen</strong></span> <span class='ocrx_word' id='word_1_4' title='bbox 802 278 862 331; x_wconf 75' lang='lat' dir='ltr'><strong>les:</strong></span> <span class='ocrx_word' id='word_1_5' title='bbox 880 277 1024 348; x_wconf 76' lang='lat' dir='ltr'><strong>exemptio.</strong></span> 
     </span>
    </p>
   </div>
   <div class='ocr_carea' id='block_1_2' title="bbox 479 434 1045 548">
    <p class='ocr_par' dir='ltr' id='par_1_2' title="bbox 479 434 1045 548">
     <span class='ocr_line' id='line_1_2' title="bbox 479 434 1045 548; baseline 0.007 -4"><span class='ocrx_word' id='word_1_6' title='bbox 479 478 622 545; x_wconf 72' lang='lat' dir='ltr'><strong>cluss</strong></span> <span class='ocrx_word' id='word_1_7' title='bbox 645 480 676 546; x_wconf 79' lang='grc' dir='ltr'><strong>Α</strong></span> <span class='ocrx_word' id='word_1_8' title='bbox 698 478 813 546; x_wconf 77' lang='lat' dir='ltr'><strong>anon</strong></span> <span class='ocrx_word' id='word_1_9' title='bbox 838 434 1045 548; x_wconf 74' lang='lat' dir='ltr'><strong>annam.</strong></span> 
     </span>
    </p>
   </div>
   <div class='ocr_carea' id='block_1_3' title="bbox 664 645 861 723">
    <p class='ocr_par' dir='ltr' id='par_1_3' title="bbox 664 645 861 723">
     <span class='ocr_line' id='line_1_3' title="bbox 664 645 861 723; baseline -0.025 -10"><span class='ocrx_word' id='word_1_10' title='bbox 664 645 776 713; x_wconf 85' lang='lat' dir='ltr'><strong>Casus.</strong></span> <span class='ocrx_word' id='word_1_11' title='bbox 803 654 861 723; x_wconf 84' lang='lat'><strong>(28)</strong></span> 
     </span>
    </p>
   </div>
   <div class='ocr_carea' id='block_1_4' title="bbox 94 785 1426 1327">
    <p class='ocr_par' dir='ltr' id='par_1_4' title="bbox 94 785 1426 1327">
     <span class='ocr_line' id='line_1_4' title="bbox 187 785 1425 863; baseline 0.001 -16"><span class='ocrx_word' id='word_1_12' title='bbox 187 785 341 847; x_wconf 78' lang='lat' dir='ltr'>Celerinus</span> <span class='ocrx_word' id='word_1_13' title='bbox 362 785 492 846; x_wconf 82' lang='lat' dir='ltr'><strong>infesto</strong></span> <span class='ocrx_word' id='word_1_14' title='bbox 513 786 687 863; x_wconf 73' lang='lat' dir='ltr'><strong>particulari</strong></span> <span class='ocrx_word' id='word_1_15' title='bbox 707 786 754 847; x_wconf 91' lang='lat' dir='ltr'><strong>sui</strong></span> <span class='ocrx_word' id='word_1_16' title='bbox 781 786 839 847; x_wconf 93' lang='lat' dir='ltr'><strong>loci</strong></span> <span class='ocrx_word' id='word_1_17' title='bbox 860 787 967 847; x_wconf 89' lang='lat' dir='ltr'><strong>statuit</strong></span> <span class='ocrx_word' id='word_1_18' title='bbox 987 788 1108 848; x_wconf 89' lang='lat' dir='ltr'><strong>ultimae</strong></span> <span class='ocrx_word' id='word_1_19' title='bbox 1129 788 1241 848; x_wconf 80' lang='lat' dir='ltr'><strong>Missae</strong></span> <span class='ocrx_word' id='word_1_20' title='bbox 1262 788 1335 848; x_wconf 88' lang='lat' dir='ltr'><strong>hora</strong></span> <span class='ocrx_word' id='word_1_21' title='bbox 1356 789 1425 848; x_wconf 94' lang='lat' dir='ltr'><strong>duo·</strong></span> 
     </span>
     <span class='ocr_line' id='line_1_5' title="bbox 95 866 1425 946; baseline 0.002 -21"><span class='ocrx_word' id='word_1_22' title='bbox 95 866 212 926; x_wconf 88' lang='lat' dir='ltr'><strong>decima</strong></span> <span class='ocrx_word' id='word_1_23' title='bbox 233 867 391 940; x_wconf 88' lang='lat' dir='ltr'><strong>assistere;</strong></span> <span class='ocrx_word' id='word_1_24' title='bbox 416 867 468 926; x_wconf 92' lang='lat' dir='ltr'><strong>sed</strong></span> <span class='ocrx_word' id='word_1_25' title='bbox 490 866 567 926; x_wconf 88' lang='lat' dir='ltr'><strong>circa</strong></span> <span class='ocrx_word' id='word_1_26' title='bbox 589 867 692 926; x_wconf 91' lang='lat' dir='ltr'><strong>horam</strong></span> <span class='ocrx_word' id='word_1_27' title='bbox 714 867 856 927; x_wconf 91' lang='lat' dir='ltr'><strong>decimam</strong></span> <span class='ocrx_word' id='word_1_28' title='bbox 878 868 1031 928; x_wconf 89' lang='lat' dir='ltr'><strong>consilium</strong></span> <span class='ocrx_word' id='word_1_29' title='bbox 1056 868 1134 946; x_wconf 91' lang='lat' dir='ltr'><strong>cepit</strong></span> <span class='ocrx_word' id='word_1_30' title='bbox 1154 867 1275 929; x_wconf 90' lang='lat' dir='ltr'><strong>maioris</strong></span> <span class='ocrx_word' id='word_1_31' title='bbox 1296 870 1425 928; x_wconf 87' lang='lat' dir='ltr'><strong>ambula·</strong></span> 
     </span>
     <span class='ocr_line' id='line_1_6' title="bbox 94 946 1426 1022; baseline 0.002 -17"><span class='ocrx_word' id='word_1_32' title='bbox 94 946 188 1006; x_wconf 89' lang='lat' dir='ltr'><strong>tionis</strong></span> <span class='ocrx_word' id='word_1_33' title='bbox 209 946 379 1020; x_wconf 83' lang='lat' dir='ltr'><strong>faciendae,</strong></span> <span class='ocrx_word' id='word_1_34' title='bbox 407 946 438 1005; x_wconf 91' lang='lat' dir='ltr'><strong>in</strong></span> <span class='ocrx_word' id='word_1_35' title='bbox 460 966 517 1022; x_wconf 90' lang='lat' dir='ltr'><strong>qua</strong></span> <span class='ocrx_word' id='word_1_36' title='bbox 546 953 615 1007; x_wconf 93' lang='lat' dir='ltr'><strong>ante</strong></span> <span class='ocrx_word' id='word_1_37' title='bbox 643 948 745 1006; x_wconf 88' lang='lat' dir='ltr'><strong>horam</strong></span> <span class='ocrx_word' id='word_1_38' title='bbox 767 947 968 1008; x_wconf 79' lang='lat' dir='ltr'><strong>duodecimam</strong></span> <span class='ocrx_word' id='word_1_39' title='bbox 990 953 1076 1008; x_wconf 80' lang='lat' dir='ltr'><strong>extra</strong></span> <span class='ocrx_word' id='word_1_40' title='bbox 1097 948 1278 1008; x_wconf 79' lang='lat' dir='ltr'><strong>territorium</strong></span> <span class='ocrx_word' id='word_1_41' title='bbox 1300 949 1345 1007; x_wconf 91' lang='lat' dir='ltr'><strong>sui</strong></span> <span class='ocrx_word' id='word_1_42' title='bbox 1366 949 1426 1010; x_wconf 92' lang='lat' dir='ltr'><strong>loci</strong></span> 
     </span>
     <span class='ocr_line' id='line_1_7' title="bbox 95 1026 1425 1103; baseline 0.003 -18"><span class='ocrx_word' id='word_1_43' title='bbox 95 1026 162 1098; x_wconf 78' lang='lat' dir='ltr'><strong>ruit,</strong></span> <span class='ocrx_word' id='word_1_44' title='bbox 185 1027 239 1086; x_wconf 93' lang='lat' dir='ltr'><strong>sed</strong></span> <span class='ocrx_word' id='word_1_45' title='bbox 257 1027 381 1087; x_wconf 87' lang='lat' dir='ltr'><strong>Missam</strong></span> <span class='ocrx_word' id='word_1_46' title='bbox 402 1046 462 1086; x_wconf 90' lang='lat' dir='ltr'><strong>non</strong></span> <span class='ocrx_word' id='word_1_47' title='bbox 482 1027 604 1086; x_wconf 85' lang='lat' dir='ltr'><strong>audivit.</strong></span> <span class='ocrx_word' id='word_1_48' title='bbox 634 1027 704 1086; x_wconf 91' lang='lat' dir='ltr'><strong>Alia</strong></span> <span class='ocrx_word' id='word_1_49' title='bbox 724 1027 799 1099; x_wconf 86' lang='lat' dir='ltr'><strong>vico,</strong></span> <span class='ocrx_word' id='word_1_50' title='bbox 822 1047 887 1087; x_wconf 89' lang='lat' dir='ltr'><strong>cum</strong></span> <span class='ocrx_word' id='word_1_51' title='bbox 909 1029 982 1088; x_wconf 85' lang='lat' dir='ltr'><strong>hora</strong></span> <span class='ocrx_word' id='word_1_52' title='bbox 1002 1048 1082 1088; x_wconf 89' lang='lat' dir='ltr'><strong>nona</strong></span> <span class='ocrx_word' id='word_1_53' title='bbox 1102 1028 1206 1088; x_wconf 88' lang='lat' dir='ltr'><strong>ultima</strong></span> <span class='ocrx_word' id='word_1_54' title='bbox 1227 1033 1307 1089; x_wconf 89' lang='lat' dir='ltr'><strong>esset</strong></span> <span class='ocrx_word' id='word_1_55' title='bbox 1321 1029 1425 1103; x_wconf 87' lang='lat' dir='ltr'><strong>Missa,</strong></span> 
     </span>
     <span class='ocr_line' id='line_1_8' title="bbox 96 1106 1426 1186; baseline 0.002 -20"><span class='ocrx_word' id='word_1_56' title='bbox 96 1126 163 1166; x_wconf 88' lang='lat' dir='ltr'><strong>eam</strong></span> <span class='ocrx_word' id='word_1_57' title='bbox 191 1107 341 1184; x_wconf 84' lang='lat' dir='ltr'><strong>neglexit,</strong></span> <span class='ocrx_word' id='word_1_58' title='bbox 368 1106 437 1184; x_wconf 85' lang='lat' dir='ltr'><strong>quia</strong></span> <span class='ocrx_word' id='word_1_59' title='bbox 464 1106 522 1166; x_wconf 88' lang='lat' dir='ltr'><strong>iam</strong></span> <span class='ocrx_word' id='word_1_60' title='bbox 544 1113 691 1167; x_wconf 85' lang='lat' dir='ltr'><strong>statuerat</strong></span> <span class='ocrx_word' id='word_1_61' title='bbox 718 1109 792 1167; x_wconf 89' lang='lat' dir='ltr'><strong>hora</strong></span> <span class='ocrx_word' id='word_1_62' title='bbox 814 1108 926 1168; x_wconf 90' lang='lat' dir='ltr'><strong>decima</strong></span> <span class='ocrx_word' id='word_1_63' title='bbox 953 1108 1118 1186; x_wconf 87' lang='lat' dir='ltr'><strong>proficisci,</strong></span> <span class='ocrx_word' id='word_1_64' title='bbox 1147 1109 1190 1168; x_wconf 89' lang='lat' dir='ltr'><strong>ita</strong></span> <span class='ocrx_word' id='word_1_65' title='bbox 1217 1114 1251 1168; x_wconf 94' lang='lat' dir='ltr'><strong>ut</strong></span> <span class='ocrx_word' id='word_1_66' title='bbox 1278 1109 1327 1167; x_wconf 91' lang='lat' dir='ltr'><strong>diu</strong></span> <span class='ocrx_word' id='word_1_67' title='bbox 1356 1117 1426 1169; x_wconf 89' lang='lat' dir='ltr'><strong>ante</strong></span> 
     </span>
     <span class='ocr_line' id='line_1_9' title="bbox 96 1186 1425 1265; baseline 0.002 -19"><span class='ocrx_word' id='word_1_68' title='bbox 96 1186 265 1260; x_wconf 86' lang='lat' dir='ltr'><strong>meridiem,</strong></span> <span class='ocrx_word' id='word_1_69' title='bbox 293 1206 443 1264; x_wconf 84' lang='lat' dir='ltr'><strong>quousque</strong></span> <span class='ocrx_word' id='word_1_70' title='bbox 464 1187 576 1247; x_wconf 90' lang='lat' dir='ltr'><strong>Missae</strong></span> <span class='ocrx_word' id='word_1_71' title='bbox 604 1187 785 1247; x_wconf 87' lang='lat' dir='ltr'><strong>auditionem</strong></span> <span class='ocrx_word' id='word_1_72' title='bbox 812 1189 985 1265; x_wconf 83' lang='lat' dir='ltr'><strong>protrahere</strong></span> <span class='ocrx_word' id='word_1_73' title='bbox 1012 1189 1105 1261; x_wconf 88' lang='lat' dir='ltr'><strong>solet,</strong></span> <span class='ocrx_word' id='word_1_74' title='bbox 1135 1193 1221 1248; x_wconf 83' lang='lat' dir='ltr'><strong>extra</strong></span> <span class='ocrx_word' id='word_1_75' title='bbox 1245 1188 1425 1249; x_wconf 89' lang='lat' dir='ltr'><strong>territorium</strong></span> 
     </span>
     <span class='ocr_line' id='line_1_10' title="bbox 97 1267 198 1327; baseline 0.01 -1"><span class='ocrx_word' id='word_1_76' title='bbox 97 1267 198 1327; x_wconf 72' lang='lat' dir='ltr'><strong>frent.</strong></span> 
     </span>
    </p>
   </div>
   <div class='ocr_carea' id='block_1_5' title="bbox 96 1373 1111 1538">
    <p class='ocr_par' dir='ltr' id='par_1_5' title="bbox 96 1373 1111 1538">
     <span class='ocr_line' id='line_1_11' title="bbox 96 1373 1111 1452; baseline 0.003 -19"><span class='ocrx_word' id='word_1_77' title='bbox 96 1374 278 1445; x_wconf 79' lang='lat' dir='ltr'><strong>Qusrmrna</strong></span> <span class='ocrx_word' id='word_1_78' title='bbox 300 1375 328 1433; x_wconf 79' lang='lat'><strong>1⁰</strong></span> <span class='ocrx_word' id='word_1_79' title='bbox 353 1392 422 1433; x_wconf 90' lang='lat' dir='ltr'><strong>num</strong></span> <span class='ocrx_word' id='word_1_80' title='bbox 442 1373 533 1432; x_wconf 89' lang='lat' dir='ltr'><strong>liceat</strong></span> <span class='ocrx_word' id='word_1_81' title='bbox 554 1393 660 1433; x_wconf 86' lang='lat' dir='ltr'><strong>causas</strong></span> <span class='ocrx_word' id='word_1_82' title='bbox 682 1373 846 1434; x_wconf 88' lang='lat' dir='ltr'><strong>eximentes</strong></span> <span class='ocrx_word' id='word_1_83' title='bbox 867 1395 886 1435; x_wconf 89' lang='lat' dir='ltr'><strong>a</strong></span> <span class='ocrx_word' id='word_1_84' title='bbox 906 1376 972 1452; x_wconf 83' lang='lat' dir='ltr'><strong>lege</strong></span> <span class='ocrx_word' id='word_1_85' title='bbox 993 1395 1111 1452; x_wconf 90' lang='lat' dir='ltr'><strong>ponere.</strong></span> 
     </span>
     <span class='ocr_line' id='line_1_12' title="bbox 299 1461 771 1538; baseline 0.004 -17"><span class='ocrx_word' id='word_1_86' title='bbox 299 1464 330 1521; x_wconf 77' lang='grc' dir='ltr'><strong>2ο</strong></span> <span class='ocrx_word' id='word_1_87' title='bbox 353 1467 473 1522; x_wconf 87' lang='lat' dir='ltr'><strong>rectene</strong></span> <span class='ocrx_word' id='word_1_88' title='bbox 494 1461 588 1538; x_wconf 83' lang='lat' dir='ltr'><strong>egerit</strong></span> <span class='ocrx_word' id='word_1_89' title='bbox 609 1462 771 1524; x_wconf 80' lang='lat' dir='ltr'><strong>Celerinus.</strong></span> 
     </span>
    </p>
   </div>
   <div class='ocr_carea' id='block_1_6' title="bbox 698 1660 832 1729">
    <p class='ocr_par' dir='ltr' id='par_1_6' title="bbox 698 1660 832 1729">
     <span class='ocr_line' id='line_1_13' title="bbox 698 1660 832 1729; baseline -0.007 -1"><span class='ocrx_word' id='word_1_90' title='bbox 698 1660 832 1729; x_wconf 84' lang='lat' dir='ltr'><strong>Solutio.</strong></span> 
     </span>
    </p>
   </div>
   <div class='ocr_carea' id='block_1_7' title="bbox 97 1803 1487 2867">
    <p class='ocr_par' dir='ltr' id='par_1_7' title="bbox 97 1803 1487 2867">
     <span class='ocr_line' id='line_1_14' title="bbox 190 1803 1487 1888; baseline 0.005 -22"><span class='ocrx_word' id='word_1_91' title='bbox 190 1803 243 1867; x_wconf 82' lang='lat' dir='ltr'><strong>An</strong></span> <span class='ocrx_word' id='word_1_92' title='bbox 267 1823 458 1879; x_wconf 77' lang='lat' dir='ltr'><strong>qnassrrun</strong></span> <span class='ocrx_word' id='word_1_93' title='bbox 483 1807 521 1868; x_wconf 71' lang='lat'><strong>1²¹</strong></span> <span class='ocrx_word' id='word_1_94' title='bbox 544 1804 583 1869; x_wconf 89' lang='lat' dir='ltr'><strong>R.</strong></span> <span class='ocrx_word' id='word_1_95' title='bbox 605 1806 634 1868; x_wconf 91' lang='lat'><strong>1.</strong></span> <span class='ocrx_word' id='word_1_96' title='bbox 674 1803 849 1888; x_wconf 83' lang='lat' dir='ltr'><strong>Exemptio</strong></span> <span class='ocrx_word' id='word_1_97' title='bbox 872 1803 1487 1888; x_wconf 88' lang='lat' dir='ltr'><strong>propriedictahabetur,quand0101</strong></span> 
     </span>
     <span class='ocr_line' id='line_1_15' title="bbox 97 1891 1428 1975; baseline 0.001 -17"><span class='ocrx_word' id='word_1_98' title='bbox 97 1891 174 1975; x_wconf 89' lang='lat' dir='ltr'><strong>quis</strong></span> <span class='ocrx_word' id='word_1_99' title='bbox 190 1891 310 1960; x_wconf 89' lang='lat' dir='ltr'><strong>desinit</strong></span> <span class='ocrx_word' id='word_1_100' title='bbox 331 1913 404 1959; x_wconf 89' lang='lat' dir='ltr'><strong>esse</strong></span> <span class='ocrx_word' id='word_1_101' title='bbox 426 1892 606 1959; x_wconf 88' lang='lat' dir='ltr'><strong>subiectum</strong></span> <span class='ocrx_word' id='word_1_102' title='bbox 628 1892 721 1974; x_wconf 87' lang='lat' dir='ltr'><strong>legis.</strong></span> <span class='ocrx_word' id='word_1_103' title='bbox 757 1891 791 1958; x_wconf 88' lang='lat' dir='ltr'><strong>Si</strong></span> <span class='ocrx_word' id='word_1_104' title='bbox 813 1891 914 1975; x_wconf 82' lang='lat' dir='ltr'><strong>igitur</strong></span> <span class='ocrx_word' id='word_1_105' title='bbox 930 1892 969 1957; x_wconf 90' lang='lat' dir='ltr'><strong>de</strong></span> <span class='ocrx_word' id='word_1_106' title='bbox 992 1892 1120 1975; x_wconf 85' lang='lat' dir='ltr'><strong>legibus</strong></span> <span class='ocrx_word' id='word_1_107' title='bbox 1134 1893 1302 1960; x_wconf 79' lang='lat' dir='ltr'><strong>Ecclesiae</strong></span> <span class='ocrx_word' id='word_1_108' title='bbox 1321 1915 1428 1960; x_wconf 87' lang='lat' dir='ltr'><strong>sermo</strong></span> 
     </span>
     <span class='ocr_line' id='line_1_16' title="bbox 98 1981 1428 2067; baseline 0.001 -20"><span class='ocrx_word' id='word_1_109' title='bbox 98 1986 169 2058; x_wconf 88' lang='lat' dir='ltr'><strong>est,</strong></span> <span class='ocrx_word' id='word_1_110' title='bbox 195 1981 359 2066; x_wconf 84' lang='lat' dir='ltr'><strong>exemptio</strong></span> <span class='ocrx_word' id='word_1_111' title='bbox 383 2002 495 2066; x_wconf 90' lang='lat' dir='ltr'><strong>presse</strong></span> <span class='ocrx_word' id='word_1_112' title='bbox 519 1981 608 2049; x_wconf 90' lang='lat' dir='ltr'><strong>dicta</strong></span> <span class='ocrx_word' id='word_1_113' title='bbox 629 1981 738 2046; x_wconf 89' lang='lat' dir='ltr'><strong>locum</strong></span> <span class='ocrx_word' id='word_1_114' title='bbox 755 1981 877 2047; x_wconf 89' lang='lat' dir='ltr'><strong>habere</strong></span> <span class='ocrx_word' id='word_1_115' title='bbox 898 1981 1011 2063; x_wconf 89' lang='lat' dir='ltr'><strong>nequit</strong></span> <span class='ocrx_word' id='word_1_116' title='bbox 1034 1981 1097 2047; x_wconf 89' lang='lat' dir='ltr'><strong>nisi</strong></span> <span class='ocrx_word' id='word_1_117' title='bbox 1119 1981 1153 2047; x_wconf 92' lang='lat' dir='ltr'><strong>in</strong></span> <span class='ocrx_word' id='word_1_118' title='bbox 1175 1982 1428 2067; x_wconf 83' lang='lat' dir='ltr'><strong>particularibus</strong></span> 
     </span>
     <span class='ocr_line' id='line_1_17' title="bbox 98 2069 1427 2157; baseline -0.001 -21"><span class='ocrx_word' id='word_1_119' title='bbox 98 2070 246 2152; x_wconf 83' lang='lat' dir='ltr'><strong>legibus,</strong></span> <span class='ocrx_word' id='word_1_120' title='bbox 276 2070 299 2136; x_wconf 90' lang='lat' dir='ltr'><strong>i.</strong></span> <span class='ocrx_word' id='word_1_121' title='bbox 323 2091 350 2136; x_wconf 89' lang='lat' dir='ltr'><strong>e.</strong></span> <span class='ocrx_word' id='word_1_122' title='bbox 374 2070 606 2154; x_wconf 84' lang='lat' dir='ltr'><strong>particularem</strong></span> <span class='ocrx_word' id='word_1_123' title='bbox 637 2071 760 2147; x_wconf 88' lang='lat' dir='ltr'><strong>locum,</strong></span> <span class='ocrx_word' id='word_1_124' title='bbox 791 2069 1010 2154; x_wconf 90' lang='lat' dir='ltr'><strong>provinciam,</strong></span> <span class='ocrx_word' id='word_1_125' title='bbox 1041 2076 1169 2138; x_wconf 87' lang='lat' dir='ltr'><strong>coetum</strong></span> <span class='ocrx_word' id='word_1_126' title='bbox 1193 2072 1427 2157; x_wconf 84' lang='lat' dir='ltr'><strong>spectantibus,</strong></span> 
     </span>
     <span class='ocr_line' id='line_1_18' title="bbox 99 2158 1429 2244; baseline 0.002 -20"><span class='ocrx_word' id='word_1_127' title='bbox 99 2180 167 2224; x_wconf 92' lang='lat' dir='ltr'><strong>non</strong></span> <span class='ocrx_word' id='word_1_128' title='bbox 190 2159 223 2224; x_wconf 91' lang='lat' dir='ltr'><strong>in</strong></span> <span class='ocrx_word' id='word_1_129' title='bbox 245 2158 374 2242; x_wconf 82' lang='lat' dir='ltr'><strong>legibus</strong></span> <span class='ocrx_word' id='word_1_130' title='bbox 392 2159 640 2237; x_wconf 88' lang='lat' dir='ltr'><strong>universalibus,</strong></span> <span class='ocrx_word' id='word_1_131' title='bbox 665 2159 751 2241; x_wconf 87' lang='lat' dir='ltr'><strong>quia,</strong></span> <span class='ocrx_word' id='word_1_132' title='bbox 776 2159 830 2242; x_wconf 94' lang='lat' dir='ltr'><strong>qui</strong></span> <span class='ocrx_word' id='word_1_133' title='bbox 853 2159 953 2224; x_wconf 89' lang='lat' dir='ltr'><strong>semel</strong></span> <span class='ocrx_word' id='word_1_134' title='bbox 972 2180 1032 2243; x_wconf 88' lang='lat' dir='ltr'><strong>per</strong></span> <span class='ocrx_word' id='word_1_135' title='bbox 1046 2160 1245 2244; x_wconf 90' lang='lat' dir='ltr'><strong>baptismum</strong></span> <span class='ocrx_word' id='word_1_136' title='bbox 1261 2160 1429 2226; x_wconf 83' lang='lat' dir='ltr'><strong>Ecclesiae</strong></span> 
     </span>
     <span class='ocr_line' id='line_1_19' title="bbox 100 2247 1429 2328; baseline 0.001 -14"><span class='ocrx_word' id='word_1_137' title='bbox 100 2249 282 2314; x_wconf 90' lang='lat' dir='ltr'><strong>membrum</strong></span> <span class='ocrx_word' id='word_1_138' title='bbox 305 2247 430 2315; x_wconf 86' lang='lat' dir='ltr'><strong>factum</strong></span> <span class='ocrx_word' id='word_1_139' title='bbox 460 2252 522 2328; x_wconf 87' lang='lat' dir='ltr'><strong>est,</strong></span> <span class='ocrx_word' id='word_1_140' title='bbox 552 2248 733 2315; x_wconf 85' lang='lat' dir='ltr'><strong>membrum</strong></span> <span class='ocrx_word' id='word_1_141' title='bbox 756 2269 814 2314; x_wconf 88' lang='lat' dir='ltr'><strong>seu</strong></span> <span class='ocrx_word' id='word_1_142' title='bbox 837 2247 1018 2314; x_wconf 89' lang='lat' dir='ltr'><strong>subiectum</strong></span> <span class='ocrx_word' id='word_1_143' title='bbox 1041 2249 1236 2316; x_wconf 88' lang='lat' dir='ltr'><strong>universalis</strong></span> <span class='ocrx_word' id='word_1_144' title='bbox 1259 2249 1429 2316; x_wconf 84' lang='lat' dir='ltr'><strong>lloolesiae</strong></span> 
     </span>
     <span class='ocr_line' id='line_1_20' title="bbox 99 2337 1428 2422; baseline 0 -19"><span class='ocrx_word' id='word_1_145' title='bbox 99 2358 175 2403; x_wconf 86' lang='lat' dir='ltr'><strong>esso</strong></span> <span class='ocrx_word' id='word_1_146' title='bbox 192 2337 340 2403; x_wconf 89' lang='lat' dir='ltr'><strong>desinere</strong></span> <span class='ocrx_word' id='word_1_147' title='bbox 357 2359 423 2404; x_wconf 91' lang='lat' dir='ltr'><strong>non</strong></span> <span class='ocrx_word' id='word_1_148' title='bbox 438 2341 558 2422; x_wconf 88' lang='lat' dir='ltr'><strong>potest,</strong></span> <span class='ocrx_word' id='word_1_149' title='bbox 582 2340 693 2422; x_wconf 90' lang='lat' dir='ltr'><strong>potest</strong></span> <span class='ocrx_word' id='word_1_150' title='bbox 709 2337 856 2403; x_wconf 89' lang='lat' dir='ltr'><strong>desinere</strong></span> <span class='ocrx_word' id='word_1_151' title='bbox 871 2337 1050 2403; x_wconf 89' lang='lat' dir='ltr'><strong>membrum</strong></span> <span class='ocrx_word' id='word_1_152' title='bbox 1074 2359 1147 2405; x_wconf 90' lang='lat' dir='ltr'><strong>esse</strong></span> <span class='ocrx_word' id='word_1_153' title='bbox 1171 2340 1223 2405; x_wconf 93' lang='lat' dir='ltr'><strong>vel</strong></span> <span class='ocrx_word' id='word_1_154' title='bbox 1247 2338 1428 2405; x_wconf 90' lang='lat' dir='ltr'><strong>subiectum</strong></span> 
     </span>
     <span class='ocr_line' id='line_1_21' title="bbox 100 2425 1429 2512; baseline 0.001 -21"><span class='ocrx_word' id='word_1_155' title='bbox 100 2425 312 2511; x_wconf 88' lang='lat' dir='ltr'><strong>particularis</strong></span> <span class='ocrx_word' id='word_1_156' title='bbox 342 2427 516 2506; x_wconf 87' lang='lat' dir='ltr'><strong>ecclesiae,</strong></span> <span class='ocrx_word' id='word_1_157' title='bbox 547 2426 720 2506; x_wconf 88' lang='lat' dir='ltr'><strong>dioecesis,</strong></span> <span class='ocrx_word' id='word_1_158' title='bbox 752 2430 874 2493; x_wconf 89' lang='lat' dir='ltr'><strong>coetus.</strong></span> <span class='ocrx_word' id='word_1_159' title='bbox 905 2463 950 2473; x_wconf 94' lang='lat'>-</span> <span class='ocrx_word' id='word_1_160' title='bbox 980 2426 1200 2493; x_wconf 91' lang='lat' dir='ltr'><strong>Nihilominus</strong></span> <span class='ocrx_word' id='word_1_161' title='bbox 1230 2427 1429 2512; x_wconf 85' lang='lat' dir='ltr'><strong>exemptioni</strong></span> 
     </span>
     <span class='ocr_line' id='line_1_22' title="bbox 100 2514 1429 2600; baseline 0 -18"><span class='ocrx_word' id='word_1_162' title='bbox 100 2514 311 2599; x_wconf 88' lang='lat' dir='ltr'><strong>aequiparari</strong></span> <span class='ocrx_word' id='word_1_163' title='bbox 327 2520 438 2600; x_wconf 87' lang='lat' dir='ltr'><strong>potest</strong></span> <span class='ocrx_word' id='word_1_164' title='bbox 453 2516 661 2600; x_wconf 88' lang='lat' dir='ltr'><strong>participatio</strong></span> <span class='ocrx_word' id='word_1_165' title='bbox 677 2514 939 2600; x_wconf 87' lang='lat' dir='ltr'><strong>dispensationis,</strong></span> <span class='ocrx_word' id='word_1_166' title='bbox 964 2536 1048 2598; x_wconf 90' lang='lat' dir='ltr'><strong>quae</strong></span> <span class='ocrx_word' id='word_1_167' title='bbox 1070 2516 1104 2581; x_wconf 91' lang='lat' dir='ltr'><strong>in</strong></span> <span class='ocrx_word' id='word_1_168' title='bbox 1128 2521 1219 2583; x_wconf 87' lang='lat' dir='ltr'><strong>certo</strong></span> <span class='ocrx_word' id='word_1_169' title='bbox 1237 2518 1308 2583; x_wconf 92' lang='lat' dir='ltr'><strong>loco</strong></span> <span class='ocrx_word' id='word_1_170' title='bbox 1324 2517 1429 2583; x_wconf 88' lang='lat' dir='ltr'><strong>relate</strong></span> 
     </span>
     <span class='ocr_line' id='line_1_23' title="bbox 100 2604 1430 2689; baseline 0.001 -19"><span class='ocrx_word' id='word_1_171' title='bbox 100 2605 145 2670; x_wconf 89' lang='lat' dir='ltr'><strong>ad</strong></span> <span class='ocrx_word' id='word_1_172' title='bbox 170 2604 388 2670; x_wconf 86' lang='lat' dir='ltr'><strong>universalem</strong></span> <span class='ocrx_word' id='word_1_173' title='bbox 417 2607 523 2688; x_wconf 86' lang='lat' dir='ltr'><strong>legem</strong></span> <span class='ocrx_word' id='word_1_174' title='bbox 548 2605 717 2670; x_wconf 76' lang='lat' dir='ltr'><strong>Ecclesiae</strong></span> <span class='ocrx_word' id='word_1_175' title='bbox 740 2605 901 2671; x_wconf 85' lang='lat' dir='ltr'><strong>exsistere</strong></span> <span class='ocrx_word' id='word_1_176' title='bbox 933 2609 1052 2689; x_wconf 88' lang='lat' dir='ltr'><strong>potest.</strong></span> <span class='ocrx_word' id='word_1_177' title='bbox 1099 2606 1191 2672; x_wconf 88' lang='lat' dir='ltr'><strong>Haeo</strong></span> <span class='ocrx_word' id='word_1_178' title='bbox 1215 2605 1430 2673; x_wconf 89' lang='lat' dir='ltr'><strong>communiter</strong></span> 
     </span>
     <span class='ocr_line' id='line_1_24' title="bbox 99 2693 1429 2778; baseline 0.001 -19"><span class='ocrx_word' id='word_1_179' title='bbox 99 2694 215 2772; x_wconf 87' lang='lat' dir='ltr'><strong>adest,</strong></span> <span class='ocrx_word' id='word_1_180' title='bbox 246 2714 310 2759; x_wconf 93' lang='lat' dir='ltr'><strong>non</strong></span> <span class='ocrx_word' id='word_1_181' title='bbox 333 2694 436 2759; x_wconf 87' lang='lat' dir='ltr'><strong>solum</strong></span> <span class='ocrx_word' id='word_1_182' title='bbox 462 2695 591 2777; x_wconf 89' lang='lat' dir='ltr'><strong>quando</strong></span> <span class='ocrx_word' id='word_1_183' title='bbox 615 2694 687 2776; x_wconf 90' lang='lat' dir='ltr'><strong>quis</strong></span> <span class='ocrx_word' id='word_1_184' title='bbox 710 2693 938 2772; x_wconf 88' lang='lat' dir='ltr'><strong>habitualiter,</strong></span> <span class='ocrx_word' id='word_1_185' title='bbox 963 2695 1020 2759; x_wconf 89' lang='lat' dir='ltr'><strong>sed</strong></span> <span class='ocrx_word' id='word_1_186' title='bbox 1045 2694 1144 2761; x_wconf 88' lang='lat' dir='ltr'><strong>etiam</strong></span> <span class='ocrx_word' id='word_1_187' title='bbox 1168 2696 1296 2778; x_wconf 91' lang='lat' dir='ltr'><strong>quando</strong></span> <span class='ocrx_word' id='word_1_188' title='bbox 1320 2699 1429 2761; x_wconf 91' lang='lat' dir='ltr'><strong>trans·</strong></span> 
     </span>
     <span class='ocr_line' id='line_1_25' title="bbox 99 2782 1225 2867; baseline 0.004 -19"><span class='ocrx_word' id='word_1_189' title='bbox 99 2787 219 2849; x_wconf 83' lang='lat' dir='ltr'><strong>canter</strong></span> <span class='ocrx_word' id='word_1_190' title='bbox 243 2785 373 2849; x_wconf 89' lang='lat' dir='ltr'><strong>tantum</strong></span> <span class='ocrx_word' id='word_1_191' title='bbox 396 2783 429 2849; x_wconf 92' lang='lat' dir='ltr'><strong>in</strong></span> <span class='ocrx_word' id='word_1_192' title='bbox 452 2782 534 2863; x_wconf 89' lang='lat' dir='ltr'><strong>loco,</strong></span> <span class='ocrx_word' id='word_1_193' title='bbox 559 2782 614 2849; x_wconf 93' lang='lat' dir='ltr'><strong>ubi</strong></span> <span class='ocrx_word' id='word_1_194' title='bbox 638 2782 838 2867; x_wconf 88' lang='lat' dir='ltr'><strong>dispensatio</strong></span> <span class='ocrx_word' id='word_1_195' title='bbox 862 2782 953 2848; x_wconf 85' lang='lat' dir='ltr'><strong>facta</strong></span> <span class='ocrx_word' id='word_1_196' title='bbox 976 2788 1037 2861; x_wconf 89' lang='lat' dir='ltr'><strong>est,</strong></span> <span class='ocrx_word' id='word_1_197' title='bbox 1062 2789 1225 2852; x_wconf 89' lang='lat' dir='ltr'><strong>versatur.</strong></span> 
     </span>
    </p>
   </div>
   <div class='ocr_carea' id='block_1_8' title="bbox 99 2887 1431 3420">
    <p class='ocr_par' dir='ltr' id='par_1_8' title="bbox 99 2887 1431 3420">
     <span class='ocr_line' id='line_1_26' title="bbox 193 2887 1429 2969; baseline 0.002 -16"><span class='ocrx_word' id='word_1_198' title='bbox 193 2888 232 2956; x_wconf 84' lang='lat' dir='ltr'><strong>lt.</strong></span> <span class='ocrx_word' id='word_1_199' title='bbox 253 2891 283 2955; x_wconf 83' lang='lat'><strong>2.</strong></span> <span class='ocrx_word' id='word_1_200' title='bbox 322 2887 383 2964; x_wconf 83' lang='lat' dir='ltr'><strong>Qui</strong></span> <span class='ocrx_word' id='word_1_201' title='bbox 406 2889 455 2954; x_wconf 89' lang='lat' dir='ltr'><strong>sui</strong></span> <span class='ocrx_word' id='word_1_202' title='bbox 478 2888 558 2954; x_wconf 90' lang='lat' dir='ltr'><strong>iuris</strong></span> <span class='ocrx_word' id='word_1_203' title='bbox 581 2893 641 2967; x_wconf 90' lang='lat' dir='ltr'><strong>est,</strong></span> <span class='ocrx_word' id='word_1_204' title='bbox 666 2909 731 2954; x_wconf 90' lang='lat' dir='ltr'><strong>non</strong></span> <span class='ocrx_word' id='word_1_205' title='bbox 754 2890 886 2955; x_wconf 90' lang='lat' dir='ltr'><strong>tenetur</strong></span> <span class='ocrx_word' id='word_1_206' title='bbox 909 2888 1058 2954; x_wconf 88' lang='lat' dir='ltr'><strong>addictus</strong></span> <span class='ocrx_word' id='word_1_207' title='bbox 1081 2911 1215 2955; x_wconf 90' lang='lat' dir='ltr'><strong>manere</strong></span> <span class='ocrx_word' id='word_1_208' title='bbox 1238 2894 1329 2956; x_wconf 90' lang='lat' dir='ltr'><strong>certo</strong></span> <span class='ocrx_word' id='word_1_209' title='bbox 1348 2890 1429 2969; x_wconf 90' lang='lat' dir='ltr'><strong>loco,</strong></span> 
     </span>
     <span class='ocr_line' id='line_1_27' title="bbox 99 2977 1431 3061; baseline 0 -18"><span class='ocrx_word' id='word_1_210' title='bbox 99 2979 161 3045; x_wconf 91' lang='lat' dir='ltr'><strong>sed</strong></span> <span class='ocrx_word' id='word_1_211' title='bbox 184 2999 244 3061; x_wconf 91' lang='lat' dir='ltr'><strong>pro</strong></span> <span class='ocrx_word' id='word_1_212' title='bbox 267 2977 372 3044; x_wconf 91' lang='lat' dir='ltr'><strong>lubitu</strong></span> <span class='ocrx_word' id='word_1_213' title='bbox 395 2983 429 3045; x_wconf 92' lang='lat' dir='ltr'><strong>et</strong></span> <span class='ocrx_word' id='word_1_214' title='bbox 452 2977 588 3044; x_wconf 88' lang='lat' dir='ltr'><strong>arbitrio</strong></span> <span class='ocrx_word' id='word_1_215' title='bbox 612 2981 722 3061; x_wconf 88' lang='lat' dir='ltr'><strong>potest</strong></span> <span class='ocrx_word' id='word_1_216' title='bbox 739 2977 846 3042; x_wconf 92' lang='lat' dir='ltr'><strong>locum</strong></span> <span class='ocrx_word' id='word_1_217' title='bbox 869 2980 1008 3055; x_wconf 91' lang='lat' dir='ltr'><strong>mutare,</strong></span> <span class='ocrx_word' id='word_1_218' title='bbox 1032 2978 1103 3044; x_wconf 88' lang='lat' dir='ltr'><strong>sive</strong></span> <span class='ocrx_word' id='word_1_219' title='bbox 1126 2979 1338 3046; x_wconf 86' lang='lat' dir='ltr'><strong>habitualiter</strong></span> <span class='ocrx_word' id='word_1_220' title='bbox 1360 2978 1431 3044; x_wconf 92' lang='lat' dir='ltr'><strong>sive</strong></span> 
     </span>
     <span class='ocr_line' id='line_1_28' title="bbox 100 3066 1431 3150; baseline -0.001 -16"><span class='ocrx_word' id='word_1_221' title='bbox 100 3071 323 3135; x_wconf 87' lang='lat' dir='ltr'><strong>transeunter.</strong></span> <span class='ocrx_word' id='word_1_222' title='bbox 367 3066 482 3150; x_wconf 88' lang='lat' dir='ltr'><strong>Neque</strong></span> <span class='ocrx_word' id='word_1_223' title='bbox 507 3067 608 3132; x_wconf 91' lang='lat' dir='ltr'><strong>ullum</strong></span> <span class='ocrx_word' id='word_1_224' title='bbox 631 3071 801 3150; x_wconf 88' lang='lat' dir='ltr'><strong>peccatum</strong></span> <span class='ocrx_word' id='word_1_225' title='bbox 826 3066 1002 3133; x_wconf 89' lang='lat' dir='ltr'><strong>committit</strong></span> <span class='ocrx_word' id='word_1_226' title='bbox 1025 3088 1073 3143; x_wconf 86' lang='lat' dir='ltr'><strong>ec,</strong></span> <span class='ocrx_word' id='word_1_227' title='bbox 1100 3068 1185 3149; x_wconf 92' lang='lat' dir='ltr'><strong>quod</strong></span> <span class='ocrx_word' id='word_1_228' title='bbox 1208 3068 1269 3133; x_wconf 92' lang='lat' dir='ltr'><strong>hoc</strong></span> <span class='ocrx_word' id='word_1_229' title='bbox 1291 3067 1387 3133; x_wconf 92' lang='lat' dir='ltr'><strong>modo</strong></span> <span class='ocrx_word' id='word_1_230' title='bbox 1410 3089 1431 3133; x_wconf 94' lang='lat' dir='ltr'><strong>a</strong></span> 
     </span>
     <span class='ocr_line' id='line_1_29' title="bbox 101 3155 1430 3241; baseline -0.001 -19"><span class='ocrx_word' id='word_1_231' title='bbox 101 3155 296 3241; x_wconf 88' lang='lat' dir='ltr'><strong>particulari</strong></span> <span class='ocrx_word' id='word_1_232' title='bbox 325 3156 398 3238; x_wconf 87' lang='lat' dir='ltr'><strong>lege</strong></span> <span class='ocrx_word' id='word_1_233' title='bbox 430 3156 594 3222; x_wconf 84' lang='lat' dir='ltr'><strong>eximatur</strong></span> <span class='ocrx_word' id='word_1_234' title='bbox 616 3156 669 3221; x_wconf 87' lang='lat' dir='ltr'><strong>vel</strong></span> <span class='ocrx_word' id='word_1_235' title='bbox 694 3155 937 3239; x_wconf 88' lang='lat' dir='ltr'><strong>dispensatione</strong></span> <span class='ocrx_word' id='word_1_236' title='bbox 960 3155 1098 3221; x_wconf 90' lang='lat' dir='ltr'><strong>alicuius</strong></span> <span class='ocrx_word' id='word_1_237' title='bbox 1122 3156 1317 3222; x_wconf 86' lang='lat' dir='ltr'><strong>universalis</strong></span> <span class='ocrx_word' id='word_1_238' title='bbox 1347 3156 1430 3238; x_wconf 85' lang='lat' dir='ltr'><strong>legis</strong></span> 
     </span>
     <span class='ocr_line' id='line_1_30' title="bbox 100 3244 1431 3323; baseline -0.002 -11"><span class='ocrx_word' id='word_1_239' title='bbox 100 3247 245 3312; x_wconf 85' lang='lat' dir='ltr'><strong>fruatur.</strong></span> <span class='ocrx_word' id='word_1_240' title='bbox 292 3244 448 3321; x_wconf 85' lang='lat' dir='ltr'><strong>Quoniam</strong></span> <span class='ocrx_word' id='word_1_241' title='bbox 473 3251 582 3312; x_wconf 89' lang='lat' dir='ltr'><strong>autem</strong></span> <span class='ocrx_word' id='word_1_242' title='bbox 606 3245 661 3310; x_wconf 84' lang='lat' dir='ltr'><strong>lex</strong></span> <span class='ocrx_word' id='word_1_243' title='bbox 685 3266 758 3309; x_wconf 90' lang='lat' dir='ltr'><strong>eum</strong></span> <span class='ocrx_word' id='word_1_244' title='bbox 782 3244 814 3309; x_wconf 90' lang='lat' dir='ltr'><strong>in</strong></span> <span class='ocrx_word' id='word_1_245' title='bbox 838 3244 898 3309; x_wconf 86' lang='lat' dir='ltr'><strong>tali</strong></span> <span class='ocrx_word' id='word_1_246' title='bbox 921 3265 999 3310; x_wconf 88' lang='lat' dir='ltr'><strong>casu</strong></span> <span class='ocrx_word' id='word_1_247' title='bbox 1024 3266 1088 3310; x_wconf 91' lang='lat' dir='ltr'><strong>non</strong></span> <span class='ocrx_word' id='word_1_248' title='bbox 1112 3244 1225 3323; x_wconf 83' lang='lat' dir='ltr'><strong>afficit,</strong></span> <span class='ocrx_word' id='word_1_249' title='bbox 1253 3248 1342 3311; x_wconf 87' lang='lat' dir='ltr'><strong>certe</strong></span> <span class='ocrx_word' id='word_1_250' title='bbox 1366 3266 1431 3310; x_wconf 91' lang='lat' dir='ltr'><strong>non</strong></span> 
     </span>
     <span class='ocr_line' id='line_1_31' title="bbox 101 3332 1429 3420; baseline 0.001 -19"><span class='ocrx_word' id='word_1_251' title='bbox 101 3340 219 3420; x_wconf 89' lang='lat' dir='ltr'><strong>peccat</strong></span> <span class='ocrx_word' id='word_1_252' title='bbox 243 3333 422 3400; x_wconf 91' lang='lat' dir='ltr'><strong>omittendo</strong></span> <span class='ocrx_word' id='word_1_253' title='bbox 452 3333 485 3399; x_wconf 95' lang='lat' dir='ltr'><strong>id</strong></span> <span class='ocrx_word' id='word_1_254' title='bbox 509 3334 594 3416; x_wconf 91' lang='lat' dir='ltr'><strong>quod</strong></span> <span class='ocrx_word' id='word_1_255' title='bbox 617 3334 701 3399; x_wconf 90' lang='lat' dir='ltr'><strong>alias</strong></span> <span class='ocrx_word' id='word_1_256' title='bbox 731 3334 785 3398; x_wconf 83' lang='lat' dir='ltr'><strong>lex</strong></span> <span class='ocrx_word' id='word_1_257' title='bbox 808 3332 979 3417; x_wconf 88' lang='lat' dir='ltr'><strong>praecipit.</strong></span> <span class='ocrx_word' id='word_1_258' title='bbox 1027 3333 1074 3400; x_wconf 85' lang='lat' dir='ltr'><strong>Cf.</strong></span> <span class='ocrx_word' id='word_1_259' title='bbox 1106 3335 1138 3400; x_wconf 86' lang='lat' dir='ltr'><strong>S.</strong></span> <span class='ocrx_word' id='word_1_260' title='bbox 1162 3334 1280 3418; x_wconf 87' lang='lat' dir='ltr'><strong>Alph.</strong></span> <span class='ocrx_word' id='word_1_261' title='bbox 1304 3334 1329 3412; x_wconf 91' lang='grc' dir='ltr'><strong>Ι,</strong></span> <span class='ocrx_word' id='word_1_262' title='bbox 1356 3336 1429 3402; x_wconf 85' lang='grc'><strong>157.</strong></span> 
     </span>
    </p>
   </div>
   <div class='ocr_carea' id='block_1_9' title="bbox 101 3456 1494 4059">
    <p class='ocr_par' dir='ltr' id='par_1_9' title="bbox 101 3456 1494 4059">
     <span class='ocr_line' id='line_1_32' title="bbox 193 3456 1494 3541; baseline 0.001 -20"><span class='ocrx_word' id='word_1_263' title='bbox 193 3457 247 3521; x_wconf 88' lang='lat' dir='ltr'><strong>An</strong></span> <span class='ocrx_word' id='word_1_264' title='bbox 270 3477 460 3533; x_wconf 78' lang='lat' dir='ltr'><strong>quassrrun</strong></span> <span class='ocrx_word' id='word_1_265' title='bbox 484 3459 524 3520; x_wconf 71' lang='grc' dir='ltr'><strong>2ιιι</strong></span> <span class='ocrx_word' id='word_1_266' title='bbox 547 3457 585 3525; x_wconf 85' lang='lat' dir='ltr'><strong>R.</strong></span> <span class='ocrx_word' id='word_1_267' title='bbox 608 3460 635 3523; x_wconf 92' lang='lat'><strong>1.</strong></span> <span class='ocrx_word' id='word_1_268' title='bbox 683 3456 721 3520; x_wconf 92' lang='lat' dir='ltr'><strong>ln</strong></span> <span class='ocrx_word' id='word_1_269' title='bbox 748 3460 860 3541; x_wconf 84' lang='lat' dir='ltr'><strong>priore</strong></span> <span class='ocrx_word' id='word_1_270' title='bbox 889 3477 967 3522; x_wconf 89' lang='lat' dir='ltr'><strong>casu</strong></span> <span class='ocrx_word' id='word_1_271' title='bbox 997 3457 1164 3523; x_wconf 80' lang='lat' dir='ltr'><strong>Celerinus</strong></span> <span class='ocrx_word' id='word_1_272' title='bbox 1194 3458 1264 3523; x_wconf 90' lang='lat' dir='ltr'><strong>sine</strong></span> <span class='ocrx_word' id='word_1_273' title='bbox 1295 3462 1431 3541; x_wconf 85' lang='lat' dir='ltr'><strong>peccato</strong></span> <span class='ocrx_word' id='word_1_274' title='bbox 1442 3467 1494 3522; x_wconf 86' lang='lat'><strong>102</strong></span> 
     </span>
     <span class='ocr_line' id='line_1_33' title="bbox 101 3545 1431 3631; baseline 0 -19"><span class='ocrx_word' id='word_1_275' title='bbox 101 3546 325 3631; x_wconf 87' lang='lat' dir='ltr'><strong>impletionem</strong></span> <span class='ocrx_word' id='word_1_276' title='bbox 348 3546 431 3628; x_wconf 79' lang='lat' dir='ltr'><strong>legis</strong></span> <span class='ocrx_word' id='word_1_277' title='bbox 454 3545 487 3611; x_wconf 92' lang='lat' dir='ltr'><strong>in</strong></span> <span class='ocrx_word' id='word_1_278' title='bbox 511 3546 581 3609; x_wconf 91' lang='lat' dir='ltr'><strong>loco</strong></span> <span class='ocrx_word' id='word_1_279' title='bbox 605 3545 713 3629; x_wconf 91' lang='lat' dir='ltr'><strong>patrio</strong></span> <span class='ocrx_word' id='word_1_280' title='bbox 737 3545 867 3610; x_wconf 88' lang='lat' dir='ltr'><strong>differre</strong></span> <span class='ocrx_word' id='word_1_281' title='bbox 890 3545 998 3629; x_wconf 91' lang='lat' dir='ltr'><strong>potuit</strong></span> <span class='ocrx_word' id='word_1_282' title='bbox 1022 3567 1123 3628; x_wconf 89' lang='lat' dir='ltr'><strong>usque</strong></span> <span class='ocrx_word' id='word_1_283' title='bbox 1146 3547 1189 3612; x_wconf 91' lang='lat' dir='ltr'><strong>ad</strong></span> <span class='ocrx_word' id='word_1_284' title='bbox 1208 3547 1431 3613; x_wconf 90' lang='lat' dir='ltr'><strong>duodecimam</strong></span> 
     </span>
     <span class='ocr_line' id='line_1_34' title="bbox 102 3634 1430 3720; baseline 0.002 -19"><span class='ocrx_word' id='word_1_285' title='bbox 102 3637 230 3712; x_wconf 90' lang='lat' dir='ltr'><strong>horam,</strong></span> <span class='ocrx_word' id='word_1_286' title='bbox 254 3635 331 3717; x_wconf 92' lang='lat' dir='ltr'><strong>quia</strong></span> <span class='ocrx_word' id='word_1_287' title='bbox 359 3639 466 3702; x_wconf 88' lang='lat' dir='ltr'><strong>totum</strong></span> <span class='ocrx_word' id='word_1_288' title='bbox 494 3634 576 3699; x_wconf 94' lang='lat' dir='ltr'><strong>illud</strong></span> <span class='ocrx_word' id='word_1_289' title='bbox 605 3639 734 3719; x_wconf 89' lang='lat' dir='ltr'><strong>tempus</strong></span> <span class='ocrx_word' id='word_1_290' title='bbox 765 3634 807 3699; x_wconf 91' lang='lat' dir='ltr'><strong>ad</strong></span> <span class='ocrx_word' id='word_1_291' title='bbox 838 3634 1036 3719; x_wconf 87' lang='lat' dir='ltr'><strong>implendam</strong></span> <span class='ocrx_word' id='word_1_292' title='bbox 1065 3637 1173 3718; x_wconf 85' lang='lat' dir='ltr'><strong>legem</strong></span> <span class='ocrx_word' id='word_1_293' title='bbox 1203 3640 1315 3720; x_wconf 89' lang='lat' dir='ltr'><strong>aptum</strong></span> <span class='ocrx_word' id='word_1_294' title='bbox 1349 3641 1430 3703; x_wconf 91' lang='lat' dir='ltr'><strong>erat.</strong></span> 
     </span>
     <span class='ocr_line' id='line_1_35' title="bbox 101 3723 1431 3809; baseline 0 -18"><span class='ocrx_word' id='word_1_295' title='bbox 101 3725 169 3791; x_wconf 85' lang='lat' dir='ltr'><strong>Sed</strong></span> <span class='ocrx_word' id='word_1_296' title='bbox 202 3744 307 3805; x_wconf 89' lang='lat' dir='ltr'><strong>neque</strong></span> <span class='ocrx_word' id='word_1_297' title='bbox 338 3724 577 3807; x_wconf 86' lang='lat' dir='ltr'><strong>impediebatur</strong></span> <span class='ocrx_word' id='word_1_298' title='bbox 611 3724 692 3789; x_wconf 90' lang='lat' dir='ltr'><strong>hora</strong></span> <span class='ocrx_word' id='word_1_299' title='bbox 715 3724 840 3789; x_wconf 89' lang='lat' dir='ltr'><strong>decima</strong></span> <span class='ocrx_word' id='word_1_300' title='bbox 875 3728 971 3789; x_wconf 86' lang='lat' dir='ltr'><strong>extra</strong></span> <span class='ocrx_word' id='word_1_301' title='bbox 1004 3723 1110 3790; x_wconf 88' lang='lat' dir='ltr'><strong>locum</strong></span> <span class='ocrx_word' id='word_1_302' title='bbox 1145 3725 1288 3809; x_wconf 93' lang='lat' dir='ltr'><strong>patrium</strong></span> <span class='ocrx_word' id='word_1_303' title='bbox 1323 3726 1431 3802; x_wconf 70' lang='lat' dir='ltr'><strong>exirm</strong></span> 
     </span>
     <span class='ocr_line' id='line_1_36' title="bbox 102 3813 1433 3898; baseline 0 -18"><span class='ocrx_word' id='word_1_304' title='bbox 102 3814 221 3898; x_wconf 85' lang='lat' dir='ltr'><strong>quodsi</strong></span> <span class='ocrx_word' id='word_1_305' title='bbox 250 3819 328 3879; x_wconf 85' lang='lat' dir='ltr'><strong>ante</strong></span> <span class='ocrx_word' id='word_1_306' title='bbox 358 3813 580 3879; x_wconf 89' lang='lat' dir='ltr'><strong>duodecimam</strong></span> <span class='ocrx_word' id='word_1_307' title='bbox 612 3814 724 3878; x_wconf 89' lang='lat' dir='ltr'><strong>horam</strong></span> <span class='ocrx_word' id='word_1_308' title='bbox 756 3817 852 3879; x_wconf 84' lang='lat' dir='ltr'><strong>extra</strong></span> <span class='ocrx_word' id='word_1_309' title='bbox 882 3834 975 3878; x_wconf 89' lang='lat' dir='ltr'><strong>suum</strong></span> <span class='ocrx_word' id='word_1_310' title='bbox 1005 3813 1206 3881; x_wconf 87' lang='lat' dir='ltr'><strong>territorium</strong></span> <span class='ocrx_word' id='word_1_311' title='bbox 1235 3819 1316 3893; x_wconf 87' lang='lat' dir='ltr'><strong>erat,</strong></span> <span class='ocrx_word' id='word_1_312' title='bbox 1346 3814 1433 3880; x_wconf 89' lang='lat' dir='ltr'><strong>illius</strong></span> 
     </span>
     <span class='ocr_line' id='line_1_37' title="bbox 102 3902 1433 3988; baseline -0.002 -17"><span class='ocrx_word' id='word_1_313' title='bbox 102 3902 315 3971; x_wconf 89' lang='lat' dir='ltr'><strong>territorialis</strong></span> <span class='ocrx_word' id='word_1_314' title='bbox 345 3902 429 3984; x_wconf 86' lang='lat' dir='ltr'><strong>legis</strong></span> <span class='ocrx_word' id='word_1_315' title='bbox 458 3902 631 3967; x_wconf 88' lang='lat' dir='ltr'><strong>violandae</strong></span> <span class='ocrx_word' id='word_1_316' title='bbox 662 3924 738 3968; x_wconf 89' lang='lat' dir='ltr'><strong>reus</strong></span> <span class='ocrx_word' id='word_1_317' title='bbox 770 3924 834 3967; x_wconf 92' lang='lat' dir='ltr'><strong>non</strong></span> <span class='ocrx_word' id='word_1_318' title='bbox 867 3906 956 3981; x_wconf 88' lang='lat' dir='ltr'><strong>erat,</strong></span> <span class='ocrx_word' id='word_1_319' title='bbox 990 3907 1105 3987; x_wconf 90' lang='lat' dir='ltr'><strong>utpote</strong></span> <span class='ocrx_word' id='word_1_320' title='bbox 1138 3903 1167 3969; x_wconf 91' lang='lat' dir='ltr'><strong>ei</strong></span> <span class='ocrx_word' id='word_1_321' title='bbox 1199 3925 1265 3968; x_wconf 92' lang='lat' dir='ltr'><strong>non</strong></span> <span class='ocrx_word' id='word_1_322' title='bbox 1294 3904 1433 3988; x_wconf 90' lang='lat' dir='ltr'><strong>amplius</strong></span> 
     </span>
     <span class='ocr_line' id='line_1_38' title="bbox 102 3993 281 4059; baseline -0.006 0"><span class='ocrx_word' id='word_1_323' title='bbox 102 3993 281 4059; x_wconf 88' lang='lat' dir='ltr'><strong>subiectus.</strong></span> 
     </span>
    </p>
   </div>
   <div class='ocr_carea' id='block_1_10' title="bbox 102 4098 1433 4360">
    <p class='ocr_par' dir='ltr' id='par_1_10' title="bbox 102 4098 1433 4360">
     <span class='ocr_line' id='line_1_39' title="bbox 195 4098 1432 4184; baseline -0.002 -20"><span class='ocrx_word' id='word_1_324' title='bbox 195 4099 234 4165; x_wconf 80' lang='lat' dir='ltr'><strong>R,</strong></span> <span class='ocrx_word' id='word_1_325' title='bbox 260 4102 290 4166; x_wconf 86' lang='lat'><strong>2.</strong></span> <span class='ocrx_word' id='word_1_326' title='bbox 336 4099 374 4164; x_wconf 91' lang='lat' dir='ltr'><strong>In</strong></span> <span class='ocrx_word' id='word_1_327' title='bbox 403 4101 575 4184; x_wconf 81' lang='lat' dir='ltr'><strong>posteriorc</strong></span> <span class='ocrx_word' id='word_1_328' title='bbox 599 4117 676 4162; x_wconf 89' lang='lat' dir='ltr'><strong>casu</strong></span> <span class='ocrx_word' id='word_1_329' title='bbox 701 4102 830 4181; x_wconf 90' lang='lat' dir='ltr'><strong>tempus</strong></span> <span class='ocrx_word' id='word_1_330' title='bbox 854 4098 1038 4181; x_wconf 89' lang='lat' dir='ltr'><strong>implendae</strong></span> <span class='ocrx_word' id='word_1_331' title='bbox 1062 4098 1145 4181; x_wconf 86' lang='lat' dir='ltr'><strong>legis</strong></span> <span class='ocrx_word' id='word_1_332' title='bbox 1169 4103 1282 4183; x_wconf 89' lang='lat' dir='ltr'><strong>aptum</strong></span> <span class='ocrx_word' id='word_1_333' title='bbox 1305 4098 1432 4166; x_wconf 90' lang='lat' dir='ltr'><strong>finitum</strong></span> 
     </span>
     <span class='ocr_line' id='line_1_40' title="bbox 102 4187 1433 4272; baseline -0.003 -18"><span class='ocrx_word' id='word_1_334' title='bbox 102 4194 179 4256; x_wconf 90' lang='lat' dir='ltr'><strong>erat</strong></span> <span class='ocrx_word' id='word_1_335' title='bbox 202 4193 279 4272; x_wconf 87' lang='lat' dir='ltr'><strong>post</strong></span> <span class='ocrx_word' id='word_1_336' title='bbox 301 4188 415 4253; x_wconf 90' lang='lat' dir='ltr'><strong>horam</strong></span> <span class='ocrx_word' id='word_1_337' title='bbox 438 4208 574 4263; x_wconf 87' lang='lat' dir='ltr'><strong>nonam;</strong></span> <span class='ocrx_word' id='word_1_338' title='bbox 599 4207 677 4268; x_wconf 85' lang='lat' dir='ltr'><strong>ergo</strong></span> <span class='ocrx_word' id='word_1_339' title='bbox 695 4187 861 4252; x_wconf 83' lang='lat' dir='ltr'><strong>Celerinus</strong></span> <span class='ocrx_word' id='word_1_340' title='bbox 884 4187 917 4251; x_wconf 92' lang='lat' dir='ltr'><strong>in</strong></span> <span class='ocrx_word' id='word_1_341' title='bbox 940 4187 1049 4270; x_wconf 88' lang='lat' dir='ltr'><strong>patria</strong></span> <span class='ocrx_word' id='word_1_342' title='bbox 1065 4187 1230 4253; x_wconf 84' lang='lat' dir='ltr'><strong>exsistens</strong></span> <span class='ocrx_word' id='word_1_343' title='bbox 1254 4188 1296 4253; x_wconf 90' lang='lat' dir='ltr'><strong>ad</strong></span> <span class='ocrx_word' id='word_1_344' title='bbox 1319 4188 1433 4255; x_wconf 91' lang='lat' dir='ltr'><strong>ulteri-</strong></span> 
     </span>
     <span class='ocr_line' id='line_1_41' title="bbox 103 4274 1433 4360; baseline -0.003 -16"><span class='ocrx_word' id='word_1_345' title='bbox 103 4299 196 4344; x_wconf 92' lang='lat' dir='ltr'><strong>orem</strong></span> <span class='ocrx_word' id='word_1_346' title='bbox 220 4278 334 4343; x_wconf 91' lang='lat' dir='ltr'><strong>horam</strong></span> <span class='ocrx_word' id='word_1_347' title='bbox 364 4275 448 4358; x_wconf 85' lang='lat' dir='ltr'><strong>legis</strong></span> <span class='ocrx_word' id='word_1_348' title='bbox 478 4274 698 4358; x_wconf 91' lang='lat' dir='ltr'><strong>impletionem</strong></span> <span class='ocrx_word' id='word_1_349' title='bbox 724 4276 854 4341; x_wconf 87' lang='lat' dir='ltr'><strong>differre</strong></span> <span class='ocrx_word' id='word_1_350' title='bbox 887 4297 950 4341; x_wconf 93' lang='lat' dir='ltr'><strong>non</strong></span> <span class='ocrx_word' id='word_1_351' title='bbox 984 4277 1108 4360; x_wconf 88' lang='lat' dir='ltr'><strong>potuit,</strong></span> <span class='ocrx_word' id='word_1_352' title='bbox 1139 4278 1198 4341; x_wconf 90' lang='lat' dir='ltr'><strong>sed</strong></span> <span class='ocrx_word' id='word_1_353' title='bbox 1228 4277 1362 4342; x_wconf 88' lang='lat' dir='ltr'><strong>Missam</strong></span> <span class='ocrx_word' id='word_1_354' title='bbox 1387 4276 1433 4340; x_wconf 89' lang='lat' dir='ltr'><strong>sic</strong></span> 
     </span>
    </p>
   </div>
   <div class='ocr_carea' id='block_1_11' title="bbox 102 4364 1433 4789">
    <p class='ocr_par' dir='ltr' id='par_1_11' title="bbox 102 4364 1431 4450">
     <span class='ocr_line' id='line_1_42' title="bbox 102 4364 1431 4450; baseline -0.004 -17"><span class='ocrx_word' id='word_1_355' title='bbox 102 4368 309 4450; x_wconf 84' lang='lat' dir='ltr'><strong>neglegendo</strong></span> <span class='ocrx_word' id='word_1_356' title='bbox 325 4364 485 4448; x_wconf 88' lang='lat' dir='ltr'><strong>peccavit.</strong></span> <span class='ocrx_word' id='word_1_357' title='bbox 522 4364 613 4441; x_wconf 85' lang='lat' dir='ltr'><strong>Quod</strong></span> <span class='ocrx_word' id='word_1_358' title='bbox 637 4371 747 4431; x_wconf 91' lang='lat' dir='ltr'><strong>autem</strong></span> <span class='ocrx_word' id='word_1_359' title='bbox 772 4365 860 4430; x_wconf 88' lang='lat' dir='ltr'><strong>circa</strong></span> <span class='ocrx_word' id='word_1_360' title='bbox 883 4364 1051 4431; x_wconf 89' lang='lat' dir='ltr'><strong>meridiem</strong></span> <span class='ocrx_word' id='word_1_361' title='bbox 1075 4371 1148 4431; x_wconf 91' lang='lat' dir='ltr'><strong>erat</strong></span> <span class='ocrx_word' id='word_1_362' title='bbox 1163 4370 1260 4432; x_wconf 87' lang='lat' dir='ltr'><strong>extra</strong></span> <span class='ocrx_word' id='word_1_363' title='bbox 1278 4366 1431 4449; x_wconf 89' lang='lat' dir='ltr'><strong>patriam,</strong></span> 
     </span>
    </p>

    <p class='ocr_par' dir='ltr' id='par_1_12' title="bbox 102 4452 1431 4540">
     <span class='ocr_line' id='line_1_43' title="bbox 102 4452 1431 4540; baseline -0.002 -18"><span class='ocrx_word' id='word_1_364' title='bbox 102 4457 182 4523; x_wconf 90' lang='lat' dir='ltr'><strong>nihil</strong></span> <span class='ocrx_word' id='word_1_365' title='bbox 208 4456 289 4522; x_wconf 87' lang='lat' dir='ltr'><strong>facit</strong></span> <span class='ocrx_word' id='word_1_366' title='bbox 311 4455 354 4520; x_wconf 87' lang='lat' dir='ltr'><strong>ad</strong></span> <span class='ocrx_word' id='word_1_367' title='bbox 376 4476 455 4532; x_wconf 85' lang='lat' dir='ltr'><strong>rem,</strong></span> <span class='ocrx_word' id='word_1_368' title='bbox 480 4454 556 4536; x_wconf 88' lang='lat' dir='ltr'><strong>quia</strong></span> <span class='ocrx_word' id='word_1_369' title='bbox 572 4453 729 4537; x_wconf 82' lang='lat' dir='ltr'><strong>obligatio</strong></span> <span class='ocrx_word' id='word_1_370' title='bbox 750 4454 815 4519; x_wconf 89' lang='lat' dir='ltr'><strong>iam</strong></span> <span class='ocrx_word' id='word_1_371' title='bbox 831 4459 930 4520; x_wconf 89' lang='lat' dir='ltr'><strong>antea</strong></span> <span class='ocrx_word' id='word_1_372' title='bbox 946 4456 1079 4540; x_wconf 68' lang='lat' dir='ltr'><strong>carpebat</strong></span> <span class='ocrx_word' id='word_1_373' title='bbox 1103 4459 1137 4520; x_wconf 92' lang='lat' dir='ltr'><strong>et</strong></span> <span class='ocrx_word' id='word_1_374' title='bbox 1160 4454 1285 4538; x_wconf 86' lang='lat' dir='ltr'><strong>impleri</strong></span> <span class='ocrx_word' id='word_1_375' title='bbox 1311 4452 1431 4519; x_wconf 89' lang='lat' dir='ltr'><strong>debuit.</strong></span> 
     </span>
    </p>

    <p class='ocr_par' dir='ltr' id='par_1_13' title="bbox 102 4541 1433 4627">
     <span class='ocr_line' id='line_1_44' title="bbox 102 4541 1433 4627; baseline -0.005 -15"><span class='ocrx_word' id='word_1_376' title='bbox 102 4546 141 4612; x_wconf 92' lang='lat' dir='ltr'><strong>ld</strong></span> <span class='ocrx_word' id='word_1_377' title='bbox 172 4546 278 4611; x_wconf 91' lang='lat' dir='ltr'><strong>solum</strong></span> <span class='ocrx_word' id='word_1_378' title='bbox 309 4544 441 4609; x_wconf 90' lang='lat' dir='ltr'><strong>concedi</strong></span> <span class='ocrx_word' id='word_1_379' title='bbox 470 4547 581 4627; x_wconf 88' lang='lat' dir='ltr'><strong>potest</strong></span> <span class='ocrx_word' id='word_1_380' title='bbox 611 4543 792 4609; x_wconf 89' lang='lat' dir='ltr'><strong>Celerinum</strong></span> <span class='ocrx_word' id='word_1_381' title='bbox 823 4543 968 4627; x_wconf 89' lang='lat' dir='ltr'><strong>potuisse</strong></span> <span class='ocrx_word' id='word_1_382' title='bbox 1003 4545 1044 4609; x_wconf 88' lang='lat' dir='ltr'><strong>ab</strong></span> <span class='ocrx_word' id='word_1_383' title='bbox 1079 4543 1171 4608; x_wconf 90' lang='lat' dir='ltr'><strong>initio</strong></span> <span class='ocrx_word' id='word_1_384' title='bbox 1207 4548 1284 4608; x_wconf 92' lang='lat' dir='ltr'><strong>ante</strong></span> <span class='ocrx_word' id='word_1_385' title='bbox 1319 4541 1433 4607; x_wconf 91' lang='lat' dir='ltr'><strong>horam</strong></span> 
     </span>
    </p>

    <p class='ocr_par' dir='ltr' id='par_1_14' title="bbox 103 4630 1433 4789">
     <span class='ocr_line' id='line_1_45' title="bbox 103 4630 1433 4717; baseline -0.006 -15"><span class='ocrx_word' id='word_1_386' title='bbox 103 4656 225 4702; x_wconf 89' lang='lat' dir='ltr'><strong>nonam</strong></span> <span class='ocrx_word' id='word_1_387' title='bbox 249 4654 359 4700; x_wconf 88' lang='lat' dir='ltr'><strong>secum</strong></span> <span class='ocrx_word' id='word_1_388' title='bbox 382 4637 528 4699; x_wconf 89' lang='lat' dir='ltr'><strong>statuere</strong></span> <span class='ocrx_word' id='word_1_389' title='bbox 558 4654 594 4698; x_wconf 90' lang='lat' dir='ltr'><strong>se</strong></span> <span class='ocrx_word' id='word_1_390' title='bbox 622 4632 707 4698; x_wconf 87' lang='lat' dir='ltr'><strong>velle</strong></span> <span class='ocrx_word' id='word_1_391' title='bbox 730 4637 846 4717; x_wconf 90' lang='lat' dir='ltr'><strong>postea</strong></span> <span class='ocrx_word' id='word_1_392' title='bbox 875 4632 962 4697; x_wconf 86' lang='lat' dir='ltr'><strong>circa</strong></span> <span class='ocrx_word' id='word_1_393' title='bbox 992 4632 1159 4698; x_wconf 91' lang='lat' dir='ltr'><strong>meridiem</strong></span> <span class='ocrx_word' id='word_1_394' title='bbox 1189 4633 1222 4696; x_wconf 92' lang='lat' dir='ltr'><strong>in</strong></span> <span class='ocrx_word' id='word_1_395' title='bbox 1256 4630 1327 4695; x_wconf 90' lang='lat' dir='ltr'><strong>loco</strong></span> <span class='ocrx_word' id='word_1_396' title='bbox 1358 4650 1433 4713; x_wconf 90' lang='lat' dir='ltr'><strong>per-</strong></span> 
     </span>
     <span class='ocr_line' id='line_1_46' title="bbox 1184 4733 1221 4789; baseline 0 -25"><span class='ocrx_word' id='word_1_397' title='bbox 1184 4733 1221 4789; x_wconf 63' lang='grc'><strong>4*</strong></span> 
     </span>
    </p>
   </div>
   <div class='ocr_carea' id='block_1_12' title="bbox 0 0 1568 5168">
    <p class='ocr_par' dir='ltr' id='par_1_15' title="bbox 0 0 1568 5168">
     <span class='ocr_line' id='line_1_47' title="bbox 0 0 1568 5168; baseline 0 0"><span class='ocrx_word' id='word_1_398' title='bbox 0 0 1568 5168; x_wconf 95' lang='lat' dir='ltr'><strong> </strong></span> 
     </span>
    </p>
   </div>
  </div>
 </body>
</html>
