3106 5168
449 1087 525 1171 DE
554 1086 1019 1172 PROBABILITATE.

194 1325 514 1393 PROBABILITAS
537 1325 679 1391 Ruuuu
702 1326 766 1392 AN
791 1326 926 1393 FALSO
950 1325 1194 1393 APPLICATA
1217 1327 1270 1411 (I).

635 1497 746 1564 (lasus.
774 1504 832 1574 (18)

158 1640 184 1698 1.
206 1637 343 1697 Leander
356 1637 513 1714 parochus,
536 1638 585 1712 qui
600 1638 649 1697 din
664 1638 743 1714 apud
757 1643 910 1714 aegrotum
925 1643 1087 1716 occupatus
1101 1644 1175 1711 erat,
1191 1659 1257 1700 sero
1272 1659 1396 1717 vespere

70 1719 185 1778 domum
200 1718 298 1788 rediit,
313 1737 379 1776 cum
393 1717 575 1793 horologium
590 1718 739 1794 publicum
753 1719 784 1777 in
795 1738 829 1778 eo
844 1723 933 1790 esset,
948 1724 982 1778 ut
995 1719 1122 1779 mediam
1135 1725 1253 1780 noctem
1268 1725 1397 1780 sonaret.

69 1800 255 1858 Breviorium
277 1798 422 1856 currentis
444 1798 502 1857 diei
528 1818 620 1874 usque
648 1799 686 1857 ad
714 1798 816 1858 horam
838 1803 953 1858 sextam
980 1805 1096 1858 tantum
1119 1800 1315 1874 recitaverat,
1344 1800 1397 1860 sed

69 1879 168 1940 audito
182 1879 271 1957 pulsu
286 1877 439 1953 horologii,
461 1897 586 1955 pensum
601 1879 658 1937 diei
671 1883 775 1954 utpote
791 1879 885 1956 elapsi
899 1879 1048 1956 abrumpit
1062 1885 1093 1938 et
1106 1881 1223 1940 omittit.
1254 1881 1397 1940 Attamen

69 1979 132 2019 cum
154 1959 316 2018 secundum
336 1963 453 2034 tempus
474 1978 575 2017 verum
597 1959 692 2018 locale
713 1978 772 2018 non
794 1958 834 2018 sit
854 1960 933 2017 ultra
948 1961 1024 2029 11¹l2
1041 1960 1152 2032 horam,
1175 1961 1281 2020 statuit
1301 1962 1397 2021 adhuc

68 2058 185 2111 conare,
207 2057 382 2115 quamquam
402 2043 508 2115 postea
528 2039 651 2098 Sacrum
672 2040 772 2098 facere
794 2040 889 2099 debet.

156 2130 185 2187 2.
206 2127 348 2186 Similiter
362 2146 428 2185 cum
449 2132 530 2186 esset
550 2127 581 2185 in
603 2128 732 2202 regione,
754 2127 804 2186 ubi
825 2127 979 2203 horologia
1000 2128 1119 2204 publica
1139 2133 1255 2206 tempus
1277 2129 1397 2188 dimidia

68 2208 140 2268 hora
154 2207 269 2266 tardius
289 2207 431 2277 indicant,
454 2208 534 2266 circa
547 2208 650 2267 horam
667 2209 741 2278 11¹2,
758 2208 811 2267 fer.
821 2209 849 2265 V
863 2208 1006 2284 temporis
1021 2209 1139 2284 publici,
1161 2210 1238 2285 quod
1253 2210 1397 2286 reliquum

66 2294 131 2348 erat
151 2287 309 2358 breviarii,
336 2287 491 2362 aliquoties
512 2288 626 2356 omisit,
655 2293 716 2347 tum
738 2288 854 2363 quando
875 2288 1095 2365 inculpabiliter
1114 2290 1318 2349 recitationem
1340 2292 1396 2350 dis·

66 2369 185 2439 tulerat,
207 2373 269 2426 tum
283 2368 399 2442 quando
413 2367 508 2426 fretus
527 2368 680 2442 horologio
701 2369 817 2444 publico
833 2368 943 2428 diutius
964 2369 1043 2428 lusui
1063 2369 1243 2442 indulserat;
1266 2370 1319 2429 sed
1339 2371 1396 2446 pri·

66 2448 175 2523 vilegio
196 2447 299 2507 utendi
318 2447 436 2524 publico
457 2453 589 2524 tempore
609 2449 704 2507 fretus
727 2467 815 2507 carne
837 2449 933 2508 adhuc
954 2449 1095 2509 vescitur.

155 2538 184 2596 3.
213 2535 338 2612 Saepius
360 2535 448 2595 etiam
476 2542 566 2595 noctu
588 2537 637 2596 via
657 2537 755 2595 ferrea
779 2537 836 2597 iter
856 2537 937 2598 facit.
980 2538 1103 2609 Quando
1124 2538 1216 2613 igitur
1235 2540 1398 2598 secundum

66 2617 185 2695 publica
206 2615 359 2691 horologia
380 2616 531 2674 Bruxellis
552 2621 599 2676 est
619 2617 693 2676 hora
716 2619 808 2688 ll’l„
839 2616 977 2677 Coloniae
1000 2620 1094 2690 12³l4,
1123 2618 1273 2677 Bruxellis
1294 2638 1396 2679 cenam

60 2697 166 2768 sumit,
181 2696 317 2773 sequenti
330 2702 464 2772 tempore
478 2696 624 2755 matutino
636 2696 775 2756 Coloniae
788 2697 1003 2770 celebraturum
1020 2698 1169 2757 Bruxellis
1185 2699 1395 2770 celebraturus,

66 2777 207 2838 Coloniae
231 2779 306 2847 12¹).
329 2775 586 2846 veletiam12³l4
610 2796 712 2835 cenam
735 2778 832 2836 sumit.

153 2868 182 2925 4.
211 2865 293 2924 Idem
321 2884 359 2924 ex
380 2870 558 2924 testamento
581 2866 701 2925 informi
729 2866 924 2926 hereditatem
956 2872 1108 2943 acceptat,
1138 2867 1174 2925 ad
1205 2887 1292 2943 quam
1320 2868 1395 2926 alias

65 2946 111 3006 ius
129 2947 180 3005 vel
200 2946 248 3004 ius
270 2945 454 3004 exclusivum
474 2965 534 3004 non
554 2947 692 3017 haberet;
716 2947 768 3006 sed
790 2948 890 3022 legata
911 2947 942 3005 in
962 2952 1143 3007 testamento
1164 2948 1286 3023 scripta,
1308 2967 1395 3006 exeo

66 3027 142 3104 quod
162 3026 289 3085 informe
310 3025 360 3096 sit,
381 3026 498 3084 solvere
519 3045 579 3084 non
599 3027 673 3085 vult.

66 3139 243 3212 Qunnmrun
265 3142 294 3198 1ο
318 3140 447 3198 liceatne
469 3159 506 3198 ex
527 3140 716 3217 opinionibus
737 3141 939 3218 probabilibus
961 3142 1017 3200 sibi
1040 3142 1196 3200 contrariis
1220 3162 1279 3201 non
1301 3142 1395 3201 solum

320 3221 474 3291 alterutra,
498 3222 550 3279 sed
572 3227 696 3296 utraque
718 3223 769 3291 uti,
793 3222 841 3280 vel
861 3241 929 3279 mox
950 3241 1018 3293 una,
1041 3242 1110 3280 mox
1131 3223 1234 3282 altera.

265 3320 295 3376 2⁰
321 3318 390 3394 quid
411 3319 447 3377 de
468 3319 603 3378 Leandro
624 3319 655 3376 in
676 3319 803 3394 siugulis
824 3320 950 3379 casibus.

664 3509 800 3577 solutio.

153 3654 208 3718 Au
225 3672 416 3727 ouenerruu
435 3653 471 3716 1“ΙΙ
495 3652 534 3717 u.
555 3654 582 3716 1.
622 3651 701 3716 Cum
718 3673 759 3717 ox
780 3651 948 3736 supposito
973 3673 1085 3717 omnes
1109 3652 1286 3736 opiniones,
1311 3674 1395 3736 quae
1405 3664 1439 3718 65

64 3741 97 3807 in
113 3741 340 3824 quaestionem
356 3740 501 3817 veniant,
526 3739 593 3806 sint
608 3760 687 3805 vere
708 3740 903 3824 probabiles,
927 3741 1065 3823 singulis
1080 3741 1194 3825 utique
1209 3741 1320 3809 licebit
1336 3744 1394 3820 uti,

66 3837 164 3912 atque
181 3829 281 3895 ctiam
298 3850 376 3894 mox
391 3850 466 3907 une,
491 3850 568 3894 mox
583 3829 700 3906 altera,
725 3851 796 3895 cum
820 3851 880 3913 per
903 3832 1026 3895 nullam
1051 3831 1134 3913 legis
1158 3835 1396 3914 consequenter

65 3918 243 4002 obligantis
266 3919 368 3984 laesio
392 3921 459 3986 fiat.

155 4024 194 4090 R.
212 4027 241 4091 2.
276 4023 398 4089 Verum
421 4023 455 4088 in
478 4045 544 4089 una
567 4024 745 4107 eademque
769 4045 869 4091 causa
892 4046 958 4090 non
981 4024 1091 4091 licebit
1114 4025 1195 4090 duas
1218 4026 1394 4110 probabili-

64 4119 152 4182 tates
176 4113 238 4179 sibi
260 4113 401 4178 invicem
425 4113 608 4180 contrarias
632 4113 797 4191 adhibere,
821 4113 849 4178 ei
872 4114 1033 4198 perhanc
1057 4113 1315 4181 coniunctionem
1340 4118 1394 4180 vel
1464 4138 1468 4148 ·

64 4203 225 4288 opinionis
249 4202 462 4268 mutationem
487 4204 534 4280 fit,
559 4207 597 4269 ut
619 4208 711 4269 certa
734 4202 844 4285 aliqua
868 4203 1025 4285 obligatio
1049 4203 1210 4282 eludatur,
1235 4205 1288 4269 vel
1313 4226 1394 4270 onus

64 4291 172 4359 favori
195 4313 359 4358 annexum
375 4291 572 4370 excutiatur,
597 4313 655 4356 seu
672 4292 868 4359 alterutrum
888 4314 930 4358 ex
945 4292 1069 4358 iuribus
1084 4294 1138 4358 vel
1161 4293 1289 4375 legibus
1305 4297 1394 4358 certe

64 4383 215 4460 violetur,
240 4381 303 4447 etsi
325 4380 470 4448 nescitur
492 4381 665 4464 quodnam.
712 4381 759 4447 of.
789 4383 845 4449 lb.
870 4404 912 4448 m.
936 4382 961 4460 l,
990 4385 1051 4447 114
1076 4385 1111 4448 et
1136 4385 1210 4448 115.

152 4496 206 4561 Ao
229 4516 420 4571 ouansmuu
444 4499 483 4560 2ιιι
507 4496 546 4562 R.
568 4499 596 4562 1.
643 4495 681 4560 In
703 4498 807 4580 priene
831 4517 909 4561 casu
933 4496 1040 4579 potuit
1064 4496 1207 4561 fortasse
1231 4494 1391 4574 Leander,
1403 4504 1437 4559 66

65 4587 93 4652 si
111 4586 235 4652 viribus
257 4585 363 4650 fessus
387 4589 469 4664 erat,
494 4586 535 4650 ob
558 4587 841 4672 irnpoesibilitotem
863 4589 898 4651 et
922 4585 1058 4650 cenandi
1083 4590 1117 4650 et
1140 4585 1241 4650 etiam
1262 4582 1392 4649 brevia·

116 4697 282 4746 Lehmkum,
297 4697 369 4740 Casus
383 4697 544 4741 conscientiae.
572 4698 590 4740 1.
1163 4689 1179 4742 3
