3106 5168
488 287 651 342 Scandalum
670 289 777 344 cariati
796 291 958 361 oppositum.
1321 293 1385 357 205

150 466 190 532 R.
215 468 245 534 3.
291 465 344 532 Ab
373 465 519 544 actione,
551 467 649 533 etiam
681 488 723 532 ex
752 488 788 532 se
820 489 884 532 non
914 467 1018 542 mala,
1052 469 1307 549 propterquam
1331 465 1449 531 alii402

61 554 238 621 difficulter
260 574 280 619 a
304 556 398 639 lapsu
421 556 455 620 iu
477 561 648 640 peccatum
672 577 776 639 grave
792 557 969 635 abstinent,
993 559 1109 621 teneor
1125 554 1299 633 abstinere,
1323 555 1387 620 nisi

60 644 199 710 habeam
229 643 389 711 rationem
413 646 661 729 proportionata
684 666 837 728 gravem,
870 667 928 711 cur
951 645 1088 711 aliorum
1111 643 1329 712 tentationem
1352 647 1387 710 at

60 733 262 817 probabilem
286 734 413 817 lapsum
437 734 557 818 possim
582 734 781 818 permittere.

152 838 191 906 R.
208 842 238 906 4.
278 840 313 906 Si
336 840 392 906 alii
414 841 455 906 ob
478 841 697 923 ignorantiam
721 862 764 907 ex
787 861 860 906 mea
884 840 1013 906 actione
1031 839 1220 905 scandalum
1243 845 1386 916 sumunt,

61 928 243 995 instruendi
266 934 359 1006 sunt;
384 930 520 1012 quodsi
544 930 767 1014 nonpossint,
796 930 886 996 valet
908 929 993 995 idem
1018 929 1103 1010 quod
1127 928 1222 993 modo
1245 929 1278 993 in
1301 927 1340 994 R.
1367 931 1386 992 3

62 1019 183 1084 dictum
208 1022 275 1083 est:
300 1023 375 1103 post
392 1018 640 1085 instructionem
656 1024 766 1087 autem
783 1020 905 1096 datam,
929 1019 957 1084 si
973 1017 1180 1083 nihilominus
1196 1017 1386 1082 scandalum

62 1110 204 1185 sumant,
229 1107 291 1173 erit
314 1108 504 1173 scandalum
527 1108 755 1192 pharisaicum.

152 1211 192 1280 R.
216 1214 246 1278 5.
293 1212 489 1279 scandalum
518 1212 738 1297 pharisaicum
761 1212 818 1279 vix
845 1234 997 1295 umquam
1024 1217 1174 1279 tenemur
1197 1211 1305 1278 vitare
1328 1213 1387 1277 sub

62 1302 174 1383 grari;
207 1301 305 1366 immo
338 1302 365 1366 si
398 1303 511 1368 subest
543 1302 653 1384 aliqua
686 1302 890 1368 rationabilis
920 1323 1020 1368 causa
1052 1301 1187 1383 agendi,
1221 1322 1296 1367 raro
1327 1302 1387 1366 sub

63 1390 200 1469 veniali,
232 1392 273 1456 ab
304 1392 434 1457 actione
456 1397 566 1458 autem
597 1393 683 1457 bona
706 1396 740 1457 et
763 1393 901 1457 multum
928 1391 1001 1457 utili
1024 1391 1211 1456 nullatenus
1234 1390 1387 1457 convenit

63 1479 230 1545 abstinere
253 1485 388 1564 propter
410 1480 629 1565 pharisaicum
653 1480 852 1547 scandalum.
899 1480 947 1545 Cf.
977 1481 1032 1546 Th.
1056 1503 1097 1546 m.
1122 1480 1147 1556 I,
1172 1482 1236 1545 634
1252 1500 1322 1563 sqq.

153 1592 206 1658 An
229 1615 420 1671 ouansmuu
445 1597 484 1660 3m
506 1596 545 1662 R.
566 1600 594 1662 1.
633 1596 671 1661 In
690 1599 797 1681 primo
820 1617 897 1662 casu
913 1595 1043 1662 Eulalia
1067 1595 1213 1661 abutitur
1235 1596 1305 1660 iure
1328 1605 1449 1659 suo403

63 1683 98 1747 in
121 1683 252 1766 proprio
275 1684 370 1750 horto
394 1685 512 1766 agendi
535 1707 595 1768 pro
611 1685 716 1752 libitu.
754 1687 823 1751 Deo
840 1685 925 1752 enim
941 1687 1060 1752 saltem
1075 1685 1235 1751 rationem
1251 1683 1387 1749 reddere

64 1772 163 1839 debet
186 1773 226 1837 de
248 1772 339 1839 laesa
362 1774 501 1839 caritate
525 1778 558 1840 et
582 1775 622 1840 de
645 1774 740 1839 ruina
762 1774 898 1840 aliorum
923 1777 1075 1851 causata3
1100 1778 1199 1856 atque
1214 1794 1294 1839 sane
1310 1794 1387 1838 anc-

64 1861 184 1927 toritas
215 1862 344 1945 publiea
379 1863 572 1929 facultatem
607 1864 707 1929 habet
739 1868 773 1931 et
808 1863 969 1940 officium,
1003 1863 1103 1930 istum
1137 1862 1217 1928 iuris
1251 1863 1386 1928 abusum

64 1951 234 2016 auferendi
258 1956 292 2017 et
316 1952 478 2034 puniendi.
514 1952 605 2030 Quod
628 1953 757 2037 publico
781 1952 968 2036 conspectui
984 1952 1168 2036 exponitur,
1192 1953 1289 2033 longe
1305 1952 1386 2017 faoi·

63 2039 128 2104 lius
151 2039 278 2104 ratione
301 2041 447 2106 scandali
471 2063 607 2123 gravem
630 2046 758 2107 reatum
782 2041 961 2119 constituit,
989 2061 1086 2123 quam
1109 2041 1138 2106 si
1160 2041 1237 2123 quid
1261 2040 1387 2107 occulte

66 2132 101 2193 et
123 2129 278 2212 privatim
302 2128 456 2208 habetur,
487 2130 646 2213 siquidem
675 2132 763 2197 inter
785 2136 889 2197 totum
915 2130 1059 2195 civitatis
1082 2130 1236 2214 populum
1260 2150 1388 2215 semper

65 2218 277 2295 multisunt,
309 2219 364 2300 qui
386 2219 569 2301 fragilitate
599 2224 633 2286 et
663 2220 800 2286 levitate
826 2220 955 2286 facilius
979 2219 1215 2286 tentationibus
1238 2240 1387 2284 succum·

67 2307 157 2372 bant.
213 2306 348 2382 Quando
381 2308 483 2390 igitur
512 2313 644 2375 statuae
674 2309 863 2375 notabiliter
899 2314 976 2375 sunt
1007 2309 1183 2385 obscenae,
1223 2308 1286 2374 etsi
1324 2329 1388 2373 non

66 2400 248 2461 extremam
282 2396 494 2463 obscenitatis
523 2398 661 2479 gradum
692 2398 877 2480 attingunt,
907 2419 964 2463 eas
994 2398 1042 2464 ita
1065 2398 1192 2482 publice
1225 2417 1389 2481 exponere

67 2506 88 2549 a
111 2489 248 2568 peccato
271 2486 384 2567 gravis
406 2486 554 2552 scandali
569 2488 721 2553 excusari
740 2488 862 2570 nequit.
878 2525 921 2535 —
937 2487 1040 2553 Paulo
1055 2487 1166 2554 mitius
1182 2486 1388 2552 iudicandum

67 2574 140 2651 erit,
164 2574 191 2639 si
215 2574 297 2639 artis
321 2596 420 2640 causa
442 2579 575 2642 statuae
598 2597 662 2640 non
685 2576 782 2660 plane
806 2576 966 2642 obscenae
995 2576 1150 2660 privatim
1178 2579 1390 2642 reservantur

66 2683 172 2744 neque
202 2663 305 2728 cuiuis
335 2669 467 2748 patent,
499 2665 557 2730 sed
587 2665 725 2731 maturis
754 2668 882 2731 tantum
915 2665 1063 2749 personis
1093 2669 1127 2731 et
1159 2665 1223 2732 arti
1254 2664 1389 2732 deditis:

67 2773 264 2834 quamquam
288 2773 329 2818 ne
352 2754 413 2818 hoo
437 2753 566 2835 quidem
590 2754 752 2819 laudabile
776 2758 836 2820 est.

157 2858 196 2923 R.
222 2861 252 2924 2.
299 2858 390 2935 Quod
420 2868 568 2925 ornatum
597 2864 726 2944 spectat
756 2858 796 2939 (si
827 2881 967 2943 seponas
993 2881 1078 2924 nunc
1102 2860 1325 2942 quaestionem
1350 2859 1451 2925 de404

69 2947 227 3025 vestibus,
252 2968 335 3029 quae
360 2970 423 3014 non
447 2949 529 3015 satis
552 2949 688 3015 honeste
711 2953 828 3030 tegant
850 2954 962 3032 partes
978 2948 1123 3033 corporis
1139 2948 1258 3031 alioqui
1274 2953 1389 3031 tegen-

68 3035 151 3117 das),
176 3037 325 3118 graviter
348 3059 412 3102 non
435 3041 591 3121 peccatur
614 3059 656 3103 ex
680 3059 724 3116 se,
749 3038 812 3104 nisi
834 3038 1023 3104 intendatur
1038 3037 1229 3122 provocatio
1248 3036 1290 3102 ad
1313 3058 1389 3121 pec·

68 3129 188 3191 catum.
227 3125 313 3191 Nam
337 3127 498 3192 naturalis
520 3127 726 3212 pulchritudo
750 3127 849 3192 etiarn
873 3127 978 3209 magis
993 3131 1114 3202 movet,
1139 3131 1236 3210 quam
1255 3131 1390 3192 ornatus

69 3214 217 3294 additus,
247 3236 353 3298 neque
382 3220 493 3282 tamen
523 3217 705 3283 naturalem
736 3215 1008 3299 pulchritudinem
1033 3216 1150 3299 aliquis
1179 3220 1311 3282 tenetur
1334 3215 1390 3280 de·

67 3307 213 3389 turpare.

158 3394 197 3458 R.
215 3395 244 3459 3.
278 3393 389 3470 Quoad
413 3404 516 3474 reales,
541 3415 624 3477 quae
645 3394 809 3476 relinqunt
825 3415 942 3479 corpus
958 3394 1164 3476 aliquatenus
1180 3393 1388 3469 denudatum,

70 3483 220 3547 habenda
244 3487 296 3549 est
319 3484 455 3549 multum
480 3484 565 3549 ratio
590 3483 841 3550 consuetudinis.
888 3482 922 3549 si
946 3483 1120 3549 denudatio
1143 3504 1202 3567 pro
1225 3504 1316 3549 more
1338 3503 1389 3548 re·

69 3571 175 3652 gionis
198 3592 262 3636 non
287 3576 338 3638 est
361 3573 549 3638 notabiliter
572 3572 744 3638 inhonesta
767 3572 819 3653 (ut
848 3571 1020 3639 inhonesta
1043 3573 1103 3650 sit,
1134 3593 1213 3638 sane
1243 3573 1390 3638 accidere

70 3664 180 3743 potest
211 3661 385 3745 praecipue
418 3662 449 3726 in
481 3661 637 3743 choreis):
672 3683 736 3727 non
766 3666 919 3728 censetur
946 3683 988 3727 ex
1019 3682 1054 3727 se
1086 3682 1189 3745 grave
1220 3667 1390 3745 peecatum

70 3749 225 3827 scandali,
250 3751 313 3817 etsi
336 3751 369 3815 in
392 3772 512 3833 genere
535 3750 643 3817 timeri
667 3752 794 3828 debeat,
819 3772 859 3816 ne
882 3751 949 3817 sint
971 3751 1057 3818 inter
1078 3752 1198 3819 multos
1221 3751 1321 3834 aliqui
1337 3750 1391 3833 qui

70 3839 260 3905 scandalum
290 3840 475 3923 patiantur,
506 3840 664 3922 siquidem
689 3845 841 3905 censetur
869 3840 978 3923 potius
1007 3841 1197 3906 scandalum
1226 3845 1390 3923 sumptum

70 3949 168 4010 quam
192 3928 314 3995 datum.
360 3929 579 3994 Nihilominus
601 3950 742 4012 persona
764 3950 843 3995 vere
865 3929 920 4013 pia
950 3934 984 3996 et
1011 3930 1143 3997 caritati
1173 3930 1206 3995 in
1230 3931 1333 3995 Deum
1358 3935 1392 3995 et

69 4018 103 4081 in
118 4017 303 4101 proximum
326 4017 454 4085 intenta
470 4019 569 4084 etiam
586 4018 744 4083 eiusmodi
767 4040 829 4095 res,
853 4018 951 4083 immo
975 4019 1115 4084 leviores
1139 4040 1255 4085 causas
1279 4019 1391 4084 ruinae

70 4106 221 4190 proximi,
246 4108 392 4173 vitatura
415 4111 475 4174 est.
523 4107 570 4174 cf.
599 4109 655 4173 Th.
679 4131 720 4174 m.
744 4107 769 4185 l,
795 4110 869 4173 637.

160 4204 199 4271 R.
224 4207 254 4271 4.
301 4205 435 4281 Quando
459 4205 579 4270 nonin
604 4226 724 4287 genere
747 4209 893 4282 tantum,
917 4206 973 4270 sed
998 4205 1030 4269 in
1054 4205 1162 4288 specie
1185 4203 1391 4272 determinati

71 4293 207 4358 alicuius
229 4294 368 4358 hominis
390 4295 485 4359 ruina
501 4294 722 4378 praevidetur,
746 4296 843 4377 longe
859 4296 963 4360 maior
978 4300 1029 4360 est
1046 4295 1212 4377 obligatio,
1237 4300 1273 4359 ut
1296 4294 1391 4357 huius

71 4383 185 4449 ruinae
201 4403 314 4448 ansam
331 4383 522 4450 devitemus
556 4384 664 4460 Quare
679 4385 871 4450 velamenta
885 4386 1110 4450 consulendam
1126 4389 1186 4461 est,
1211 4390 1248 4450 ut
1263 4383 1392 4446 Eulalia

72 4472 162 4537 luxui
190 4472 223 4536 in
255 4478 372 4538 ornatu
402 4473 546 4556 corporis
576 4473 778 4548 moderatum
813 4494 926 4537 verum
958 4473 1033 4555 quia
1064 4495 1127 4538 non
1157 4477 1224 4538 tam
1256 4476 1391 4536 ornatus

73 4582 169 4640 quam
192 4561 264 4644 ipsa
280 4562 410 4626 Eulalia
425 4562 585 4627 obiectum
603 4567 663 4639 est,
688 4563 774 4645 quod
791 4566 915 4629 certum
930 4562 1080 4627 iuvenem
1096 4567 1216 4638 movet,
1241 4566 1390 4625 ornatum

74 4650 234 4734 deponere
257 4648 315 4716 aab
338 4655 431 4737 proni
454 4674 514 4716 oron
539 4655 680 4720 tenetur.
720 4651 864 4718 Tenetur
886 4651 1025 4733 quidem,
1049 4651 1076 4716 si
1101 4652 1221 4716 deuna
1245 4651 1392 4716 alterave
