3106 5168
112 297 174 361 188
248 292 288 346 De
307 292 456 346 virtutibus
475 295 504 347 et
521 291 619 347 officiis
637 309 704 360 erga
721 290 852 346 homines.
871 321 905 330 —
926 290 1024 346 Officia
1042 290 1159 347 hominis
1177 307 1244 359 erga
1260 307 1300 345 sa.

199 472 405 555 Quapropter
427 470 526 536 timor
541 469 743 535 cruciatuum
766 468 951 535 futurorum
974 469 1060 535 ratio
1080 468 1208 550 quidem
1233 488 1306 534 esse
1328 472 1436 552 potest

110 561 264 627 Mauritio
294 560 327 626 id
351 559 507 642 eligendi,
540 559 626 641 quod
649 559 732 624 alias
755 558 854 624 etiam
879 557 1001 638 eligere
1027 561 1144 644 possit,
1171 578 1236 623 non
1260 557 1436 634 autemid,

111 650 196 732 quod
228 671 287 733 per
319 670 355 713 se
387 647 535 714 illicitum
568 652 628 714 est.
677 648 708 713 Si
741 647 843 729 igitur
873 647 991 712 vulnus
1021 668 1107 712 nunc
1136 667 1248 712 errore
1277 647 1436 712 inflictum

111 737 380 804 extraordinariis
399 740 528 803 tantum
553 736 667 803 mediis
691 741 725 803 et
748 736 946 801 cruciatibus
965 735 1072 801 curari
1093 740 1213 819 potest,
1238 736 1352 802 licebit
1366 757 1437 802 mea

112 827 261 911 opinione
285 830 424 892 mortem
447 826 667 910 praeeligere;
696 825 779 892 alias
801 847 867 890 non
889 824 1009 891 licebit.

176 1069 397 1136 PROPRIAE
421 1068 556 1133 VITAE
581 1068 885 1135 CONSERVATIO
908 1068 995 1134 VEL
1017 1067 1277 1135 NEGLECTUS
1301 1065 1371 1151 (ll).

667 1238 776 1305 Casus.
805 1245 882 1314 (100)

200 1387 365 1446 ,lnastasia
386 1386 538 1455 monialis,
568 1406 634 1446 cum
659 1387 774 1464 peccati
801 1387 903 1463 gravis
931 1387 1008 1445 falso
1039 1392 1248 1457 accusaretur,
1276 1386 1389 1463 pudore
1409 1392 1438 1443 et

111 1488 223 1526 summo
238 1468 320 1526 vitae
341 1469 440 1526 taedio
456 1468 593 1526 afficitur.
629 1468 745 1542 Exque
766 1468 865 1527 taedio
882 1472 912 1526 et
926 1466 1071 1526 desiderio
1086 1467 1168 1525 vitae
1191 1467 1272 1526 brevi
1293 1466 1437 1525 finiendae

111 1548 228 1607 ieiuniis
250 1548 350 1606 studet
371 1567 404 1606 se
425 1547 594 1615 debilitare,
623 1547 815 1607 austeritates
837 1566 938 1606 omues
959 1553 1095 1619 exercet,
1121 1565 1321 1623 quascumque
1342 1547 1400 1605 sibi
1420 1565 1437 1604 a

112 1628 307 1705 superiorissa
338 1627 550 1703 permittendas
580 1634 645 1686 arte
673 1628 798 1704 quadam
825 1626 984 1703 impetrare
1014 1632 1132 1703 potest,
1169 1628 1336 1703 gaudetque
1363 1627 1437 1702 quod

111 1709 191 1767 vires
212 1709 355 1785 paulatim
377 1708 488 1766 sentiat
509 1708 649 1778 deficere;
678 1707 845 1784 periculoso
866 1708 964 1767 ulcere
984 1708 1139 1778 laborans,
1161 1727 1227 1766 cum
1249 1706 1381 1766 medicus
1402 1706 1438 1764 ad

112 1789 285 1848 salvandam
306 1788 398 1846 vitam
420 1788 514 1846 cruris
536 1788 766 1864 amputationem
788 1788 988 1847 necessariam
1015 1787 1140 1858 iudicet,
1169 1806 1234 1846 eam
1256 1792 1437 1857 constanter,

113 1874 216 1928 contra
237 1870 421 1927 voluntatem
442 1867 664 1944 superiorissae,
686 1867 779 1926 reicit.

201 1950 229 2006 A
243 1951 344 2007 morbo
359 1949 417 2006 isto
432 1952 551 2024 praeter
565 1948 817 2025 exspectationem
831 1947 970 2007 restituta
991 1952 1022 2007 et
1042 1951 1109 2024 post
1123 1946 1270 2006 detectam
1285 1965 1437 2005 erroneam

113 2029 333 2087 accusationem
348 2029 385 2086 ad
399 2028 542 2103 longioris
556 2028 637 2086 vitae
652 2027 827 2087 desiderium
848 2032 998 2095 revocata,
1022 2047 1037 2086 e
1059 2028 1208 2086 contrario
1230 2028 1330 2087 omnia
1343 2027 1438 2086 media

113 2108 150 2167 ad
171 2109 251 2167 vires
271 2108 446 2167 reficiendas
468 2109 523 2166 sibi
546 2108 646 2167 deberi
666 2114 765 2185 putat,
793 2108 958 2182 fatigatque
980 2107 1219 2184 superiorissam,
1248 2114 1284 2167 ut
1302 2106 1437 2167 mutatio

112 2207 180 2247 nem
201 2188 294 2257 aeria,
324 2189 444 2258 balnea,
473 2189 614 2248 lautiores
637 2188 719 2247 cibos
740 2188 899 2258 concedat,
929 2188 1044 2247 suicidii
1066 2207 1148 2247 ream
1169 2208 1203 2248 se
1221 2189 1354 2260 habens,
1380 2186 1437 2246 nisi

113 2288 226 2328 omnem
248 2268 375 2345 lapidem
396 2269 433 2327 ad
454 2268 529 2327 haec
550 2269 709 2328 obtinenda
729 2274 856 2328 moveat.

113 2381 291 2452 Quauusrua
313 2384 342 2441 1⁰
367 2402 441 2458 quae
471 2382 510 2441 sit
539 2382 680 2457 obligatio
709 2401 797 2441 curae
824 2382 978 2441 habendae
1004 2402 1058 2460 pro
1086 2381 1205 2459 propria
1227 2381 1292 2441 vita
1319 2386 1351 2441 et
1376 2400 1437 2458 per·

366 2482 447 2521 sona.

311 2553 342 2610 2ο
366 2550 574 2628 peccaveritne
594 2550 758 2609 Anastasia
778 2550 923 2610 desiderio
946 2555 977 2609 et
997 2569 1068 2609 cura
1088 2550 1235 2610 finiendae
1255 2551 1347 2611 vitae.

313 2642 343 2699 3ο
368 2640 436 2714 quid
457 2640 612 2698 dicendum
634 2640 668 2697 de
691 2659 762 2698 cura
782 2639 972 2711 valetudinis
994 2659 1079 2714 quam
1101 2648 1207 2717 postea
1227 2645 1322 2715 gerat

708 2837 843 2905 Salutio.

51 3008 103 3062 3ῖο
200 2989 254 3054 Au
278 3009 470 3065 quausmuu
496 2991 533 3053 1¹¹³
556 2988 594 3054 R.
617 2991 644 3053 1.
692 2988 768 3053 Non
799 2987 877 3053 licet
907 2987 1030 3054 directe
1052 2987 1155 3054 vitam
1185 2987 1353 3072 propriam
1383 2990 1438 3055 ab·
1552 3041 1553 3070 ,

113 3077 271 3155 breviare,
288 3099 346 3143 seu
359 3099 402 3142 ex
413 3077 536 3142 motivo
553 3077 793 3142 abbreviandae
805 3076 894 3142 vitae
908 3077 1083 3159 quidquam
1095 3077 1218 3146 facere:
1236 3077 1314 3144 licet
1329 3082 1439 3145 tamen
1552 3077 1553 3118 ἶ

113 3188 155 3231 ex
185 3167 271 3233 iusta
303 3187 402 3232 causa
426 3167 527 3232 vitam
557 3166 716 3232 indirecte
746 3166 955 3243 abbreviare,
979 3165 1132 3233 videlicet
1162 3187 1204 3230 ex
1233 3167 1360 3233 motivo
1386 3189 1438 3234 as-

112 3257 268 3338 sequendi
299 3256 452 3321 notabilis
482 3254 557 3319 boni
588 3254 709 3336 aliquid
739 3276 855 3336 agere,
889 3276 1027 3337 quocum
1060 3254 1278 3338 coniungatur
1309 3255 1438 3340 aliquod

112 3344 290 3427 periculum
322 3345 473 3429 propriae
496 3345 602 3422 vitae,
634 3345 777 3426 illudque
807 3344 986 3426 periculum
1017 3343 1132 3410 mortis
1161 3344 1365 3411 inducendae
1387 3347 1439 3411 vel

112 3433 346 3499 accelerandae
369 3434 447 3499 licet
463 3455 635 3518 spernere.

201 3540 239 3606 u.
261 3544 290 3604 2.
331 3541 494 3604 Tenemur
512 3541 615 3606 vitam
640 3544 786 3605 nostram
810 3538 925 3603 mediis
949 3537 1121 3604 ordinariis
1144 3560 1352 3618 conservare,
1376 3560 1438 3606 nou

112 3649 190 3693 vero
221 3636 379 3705 tenemur,
411 3630 593 3710 generatim
624 3630 758 3705 saltem,
793 3629 834 3693 ad
866 3627 975 3693 media
1006 3628 1278 3695 extraordinaria.
1325 3629 1439 3696 Priora

113 3717 197 3781 enim
222 3718 396 3799 neglegere
420 3718 608 3799 aequivalet
632 3719 775 3784 directae
799 3717 962 3796 occisioni,
990 3717 1175 3801 posteriora
1198 3739 1261 3782 uon
1285 3719 1439 3785 adhibere

112 3806 220 3889 potius
244 3807 422 3872 indirectas
447 3808 536 3872 vitae
559 3807 797 3872 abbreviationi
821 3807 1064 3891 aequiparatur.
1157 3800 1161 3811 '

200 3904 307 3980 Quare
331 3926 391 3969 uec
415 3910 565 3971 tenemur
584 3903 788 3969 incommoda
811 3905 893 3969 adeo
917 3925 1037 3985 magna
1053 3903 1162 3969 subire
1178 3924 1217 3969 eo
1234 3904 1380 3981 consilio,
1403 3912 1439 3972 ut

112 3992 215 4058 vitam
232 3999 379 4058 nostrum
396 4015 580 4070 serveruus;
604 3993 661 4057 sed
686 3993 719 4057 in
742 3994 799 4059 tali
822 4013 899 4057 casu
916 3993 1099 4074 generatim
1117 3993 1229 4060 licebit
1251 4015 1287 4060 se
1311 3995 1439 4061 divinae

112 4081 338 4164 providentiae
361 4083 575 4147 committere.
626 4084 683 4148 Tu.
708 4105 747 4148 ru.
771 4082 795 4158 I,
822 4084 883 4146 511
902 4103 973 4163 sqq.

52 4216 101 4269 371
200 4197 253 4261 Au
277 4217 469 4272 quaesruuu
493 4199 532 4260 2¹²¹
562 4197 600 4262 u.
629 4200 657 4262 1.
703 4195 801 4259 Aliud
832 4201 883 4261 est
913 4217 955 4260 ex
986 4195 1144 4260 desiderio
1176 4196 1291 4264 mortis
1319 4197 1437 4280 aliquid

112 4285 222 4350 iacere
238 4287 292 4350 vel
309 4285 471 4362 omittere,
497 4307 559 4367 quo
584 4307 672 4350 mors
695 4285 885 4361 adducatur,
911 4286 999 4349 aliud
1023 4285 1102 4349 nihil
1119 4285 1248 4367 quidem
1265 4287 1336 4352 tale
1352 4308 1437 4352 com·

112 4374 260 4451 mittere,
286 4381 321 4440 at
344 4375 559 4440 inefficaciter
581 4379 719 4440 mortem
744 4374 940 4440 desiderare.
988 4375 1098 4451 Prius,
1128 4379 1165 4440 ut
1188 4375 1230 4440 ad
1257 4377 1435 4441 mdiorum
1542 4382 1545 4395 '

113 4469 173 4539 est,
198 4464 371 4530 nonlicet:
396 4463 568 4547 posterius,
594 4464 619 4527 si
645 4485 687 4528 ex
706 4484 804 4528 carisa
820 4463 990 4529 non-iusta
1012 4466 1059 4540 fit,
1084 4463 1183 4529 etiam
1200 4469 1251 4529 est
1274 4463 1435 4532 illicitum:

113 4552 139 4615 si
170 4554 207 4617 fit
237 4574 278 4616 ex
309 4574 409 4617 causa
438 4554 527 4617 iusta
556 4574 613 4617 seu
644 4553 907 4636 proportionata,
939 4553 1065 4617 licitum
1088 4554 1141 4617 vel
1172 4552 1270 4619 etiam
1299 4555 1437 4638 positive

115 4641 285 4705 honestum
310 4646 370 4707 est.
