3106 5168
157 267 200 331 52
576 264 617 320 De
635 264 732 336 regula
749 268 859 321 aetnam
876 264 1064 319 humanorum.

157 440 270 524 agrino
293 440 430 507 Missam
452 441 575 509 audire.
622 442 714 519 Quod
743 442 772 508 si
794 441 899 508 voluit
929 445 963 507 st
986 440 1096 507 lacere
1120 439 1240 524 potuit,
1270 439 1354 507 satis
1377 439 1485 505 adhue

156 530 264 612 legem
294 530 453 614 implevit.
500 532 618 597 Debuit
646 535 757 598 autem
789 532 823 596 in
854 533 910 596 boc
942 551 1020 596 easu
1050 534 1147 596 extra
1174 528 1317 613 patriam
1347 528 1484 594 Missam

157 619 280 685 audire.
326 620 414 685 Nam
444 620 506 685 etsi
537 621 584 685 ibi
616 641 674 703 per
702 641 739 686 se
768 621 825 686 lex
853 640 918 686 non
949 619 1145 697 exsistebat,
1176 623 1287 684 tamen
1317 617 1485 684 Celerinus

158 708 389 790 obligationem
423 730 533 774 seeum
567 708 645 775 tulit
682 730 724 775 ex
759 709 883 793 patria,
919 729 1017 792 quam
1052 710 1209 774 excutere
1242 728 1307 772 non
1342 706 1484 791 amplius

157 798 274 880 potuit,
297 797 456 881 siquidem
485 819 528 864 ex
555 799 626 863 sola
648 798 711 864 hae
733 798 871 876 ratione,
896 797 982 881 quod
1005 797 1083 863 alibi
1106 797 1206 863 Sacro
1229 795 1391 862 interesse
1414 800 1484 863 sta·

156 889 276 964 tuerat,
301 891 433 971 poterat
448 886 556 953 vitare
578 891 761 972 peceatum,
785 887 871 970 quod
895 908 960 952 non
978 886 1137 954 assistens
1153 889 1231 952 ante
1246 884 1484 970 profectionem

156 975 278 1042 Missae
302 977 334 1041 in
359 976 467 1060 patria
490 976 573 1042 alias
596 981 669 1044 erat
693 977 934 1043 commissurus.

529 1167 617 1232 Lux
639 1165 793 1232 CIVILIS
815 1203 858 1213 -
881 1164 1108 1233 POENALIS.

722 1304 832 1371 Casus.
860 1311 918 1381 (29)

245 1429 325 1488 Aiax
346 1429 376 1487 in
398 1427 596 1503 infringendis
616 1428 731 1504 legibus
746 1428 884 1488 civilibus
904 1448 964 1487 non
983 1433 1098 1487 tantum
1112 1429 1282 1505 scrupulum
1302 1447 1363 1487 non
1383 1429 1483 1502 habet,

155 1510 208 1568 sed
229 1509 357 1569 studium
378 1528 462 1568 suum
483 1508 514 1567 in
534 1508 572 1567 iis
592 1508 888 1585 praetergrediendis,
911 1527 976 1566 eum
997 1508 1079 1567 lucro
1101 1508 1157 1568 sibi
1179 1508 1228 1582 sit,
1251 1509 1387 1569 eollooat.
1425 1509 1483 1568 Ex-

156 1590 338 1649 cusationem
366 1590 453 1648 affert
480 1588 582 1648 dicens
609 1607 712 1647 omnes
739 1589 813 1648 istas
842 1608 908 1648 esse
935 1589 1017 1664 leges
1046 1589 1202 1665 poenales,
1229 1608 1356 1668 poenam
1383 1594 1484 1649 autem

156 1689 189 1729 se
215 1689 305 1729 nosse
334 1669 452 1728 eludere
479 1673 582 1745 utpote
611 1668 787 1728 officialibus
815 1669 940 1727 amioum
961 1673 992 1727 et
1011 1669 1182 1729 beneficum.
1204 1702 1241 1710 -
1268 1669 1348 1728 Hine
1368 1689 1484 1730 meroes

154 1750 265 1809 vetitas
282 1749 406 1820 invehit,
427 1748 591 1824 vectigales
605 1750 770 1820 abscondit,
792 1749 1022 1808 declarationem
1043 1754 1233 1826 praeceptam
1253 1751 1398 1809 bonorum
1418 1769 1483 1809 suo·

154 1848 220 1888 rum
242 1834 272 1888 et
293 1829 438 1888 redituum
459 1848 623 1888 annuorum
644 1848 703 1888 non
724 1828 806 1900 facit,
829 1833 933 1888 contra
952 1830 1049 1904 legem
1069 1834 1202 1888 armatus
1222 1828 1335 1889 incedit
1355 1834 1394 1900 et,
1418 1849 1483 1890 eum

155 1910 311 1986 aliquando
333 1908 609 1986 deprehenderetur,
631 1908 787 1986 polioistae
808 1910 910 1969 statim
932 1909 1039 1968 obtulit
1059 1909 1251 1986 quadruplam
1273 1909 1429 1982 muletam,
1450 1915 1484 1969 ut

154 1989 356 2066 inposterum
384 2008 503 2048 manere
524 1994 627 2066 posset
654 1989 790 2065 impunis.
832 1989 867 2048 Id
888 1989 965 2048 enim
986 1990 1017 2048 in
1038 1989 1190 2065 utriusque
1211 1990 1395 2049 commodum
1417 2009 1484 2050 esse

154 2070 241 2141 dicit,
271 2070 401 2147 eoquod
426 2070 502 2129 sumi
530 2088 589 2129 non
618 2069 716 2146 possit
742 2089 775 2129 se
806 2070 873 2146 plus
894 2089 981 2145 quam
1003 2075 1107 2145 quater
1127 2070 1343 2146 deprehensum
1363 2069 1418 2142 iri,
1447 2089 1484 2130 ae

153 2155 313 2227 propterea
332 2150 424 2210 semel
443 2169 497 2227 pro
516 2168 632 2226 semper
653 2154 683 2209 et
704 2169 737 2209 se
758 2156 789 2209 et
809 2150 976 2227 polisistam
997 2150 1151 2210 molestias
1169 2169 1236 2210 esse
1257 2150 1443 2210 subductum.

154 2254 330 2326 Qusnnrrun
351 2257 381 2314 1ο
405 2256 487 2331 leges
509 2255 611 2315 civiles
633 2255 801 2331 obligentne
822 2256 853 2314 in
875 2256 1064 2317 oonsoientia.

351 2346 382 2403 2⁰
407 2345 596 2404 exsistantne
615 2345 699 2419 leges
720 2365 800 2404 mere
820 2344 970 2422 poenales,
992 2351 1023 2405 et
1043 2345 1121 2404 unde
1143 2346 1364 2421 dignoscantur.

352 2436 382 2494 3⁰
407 2433 476 2509 quid
497 2433 533 2493 de
554 2433 680 2510 singulis
702 2432 805 2493 Aiaois
826 2434 915 2494 fastis
936 2434 1099 2495 dicendum.

751 2589 886 2657 Solutio.

92 2734 144 2789 103
242 2715 294 2782 An
318 2735 509 2791 ouansrrnn
535 2717 572 2780 1¹¹¹
595 2714 635 2783 R.
660 2718 689 2784 1.
735 2715 867 2781 Certum
891 2714 1020 2781 omnino
1045 2719 1096 2780 est
1122 2715 1223 2781 etiam
1247 2715 1480 2784 auctoritatem

153 2805 282 2871 civilem
305 2804 338 2869 in
354 2805 461 2882 rebus,
486 2825 570 2886 quae
592 2804 746 2870 adanam
769 2804 1024 2870 iurisdictionem
1048 2808 1210 2888 spectant,
1235 2808 1269 2870 iu
1289 2809 1481 2872 couscientia

152 2895 300 2977 obligare
322 2914 428 2978 posse.
467 2893 540 2959 Hos
563 2914 660 2958 sensu
685 2894 716 2959 S.
742 2893 895 2958 Paulus
919 2894 965 2958 od
987 2895 1078 2959 Reus.
1105 2897 1156 2972 13,
1182 2897 1211 2960 2.
1232 2896 1251 2958 5
1277 2894 1372 2961 dicit:
1401 2895 1481 2974 ,Qui

151 2983 278 3050 resistit
300 2981 469 3067 potestati,
495 2982 556 3047 Dei
580 2982 776 3049 ordinationi
799 2982 933 3048 resistit.
960 3035 966 3047 .
994 3035 1001 3048 .
1027 3034 1033 3048 .
1080 2982 1158 3048 Ideo
1181 2984 1380 3051 necessitate
1403 2985 1481 3049 sub·

152 3073 211 3139 diti
235 3076 342 3139 estote
365 3093 431 3136 non
454 3073 558 3136 solum
582 3075 716 3156 propter
738 3071 837 3150 iram,
869 3074 925 3136 sed
949 3075 1042 3136 etium
1069 3080 1201 3157 propter
1223 3074 1478 3140 conscientiam.“

151 3199 195 3208 —
217 3162 334 3245 Neque
358 3181 491 3227 neeesse
515 3165 575 3238 est,
601 3165 637 3226 ut
660 3160 841 3227 auctoritas
866 3160 970 3243 civilis
986 3181 1142 3244 expresse
1166 3162 1291 3244 cogitet
1314 3166 1349 3229 et
1371 3163 1481 3230 inten-

151 3253 210 3318 dat
232 3251 316 3316 hano
340 3249 572 3333 obligationem
595 3249 629 3314 in
653 3249 852 3316 conscientia
876 3254 910 3316 et
933 3270 1043 3315 eoram
1059 3251 1146 3315 Deo:
1169 3250 1256 3316 siout
1277 3271 1397 3318 revera
1418 3273 1480 3334 gu·

150 3341 264 3407 bernia
287 3340 344 3404 illa
360 3339 501 3417 ethnica,
526 3339 698 3422 dequibus
715 3339 747 3405 S.
765 3339 886 3404 Paulus
902 3338 1055 3420 loquitur,
1080 3341 1120 3404 de
1144 3360 1183 3405 ea
1206 3341 1263 3405 vix
1280 3342 1479 3423 cogitarunt.

151 3429 289 3505 Sufficit,
314 3432 351 3493 ut
367 3429 470 3495 velint
485 3428 592 3511 legem
608 3429 666 3506 ita,
683 3432 721 3494 ut
736 3428 991 3510 transgressioni
1007 3429 1158 3494 inuratur
1173 3430 1301 3495 macula
1317 3431 1480 3513 quaedam

152 3517 300 3595 moralis,
332 3519 487 3600 probrum
510 3518 563 3582 vel
586 3517 784 3600 vituperium
813 3521 981 3599 tamquam
1012 3538 1054 3582 ex
1081 3517 1226 3583 facinore
1249 3520 1421 3586 inhonesto
1446 3523 1480 3586 et

149 3607 287 3762 100νὲἰὸἇο
301 3605 367 3760 {ilvli
383 3627 447 3671 non
464 3606 680 3674 convenienti.
713 3606 804 3683 Quod
819 3606 882 3690 ipsi
898 3606 987 3671 athei
1003 3607 1089 3672 velle
1105 3612 1251 3689 possunt.
1292 3608 1340 3675 ef.
1362 3610 1419 3676 Tb.
1436 3632 1477 3677 m.

240 3793 278 3858 R.
304 3795 333 3858 2.
380 3791 608 3869 Nihilominus,
633 3792 809 3875 siquando
833 3791 1024 3874 gubernium
1050 3793 1101 3857 vel
1126 3793 1180 3875 qui
1204 3798 1371 3877 potestate
1395 3794 1479 3877 legi·

150 3882 222 3948 fera
244 3881 415 3965 potiuntur
437 3886 514 3948 sunt
538 3881 642 3957 athei,
671 3882 799 3946 iaoilius
822 3881 932 3947 lioebit
955 3903 1083 3947 sumere
1107 3886 1215 3948 certas
1238 3884 1329 3964 leges
1353 3883 1478 3951 intendi

150 3977 188 4039 ut
210 3972 299 4036 solas
323 3971 485 4055 poenales.
533 3971 706 4047 Videlicet,
732 3970 760 4035 si
784 3970 930 4035 homines
953 3970 1042 4037 athei
1065 3972 1187 4036 nullam
1212 3977 1397 4053 agnoscunt
1418 3995 1479 4057 pro

150 4082 187 4127 se
216 4060 419 4126 sanctionem
451 4064 485 4125 et
515 4059 747 4142 obligationem
778 4059 839 4124 nisi
870 4081 992 4142 poenas
1027 4081 1047 4125 a
1082 4060 1217 4126 civitate
1246 4060 1390 4127 inflictas
1420 4083 1478 4127 seu

149 4149 355 4231 infligendas,
384 4152 484 4231 atque
507 4149 685 4216 lissitatem
708 4170 780 4213 cum
803 4149 997 4232 impunitate
1020 4150 1119 4231 legali
1142 4150 1238 4232 plane
1263 4156 1479 4218 convertunt:

149 4239 220 4305 iure
236 4238 352 4304 merito
368 4238 400 4302 in
417 4238 479 4303 hae
495 4238 566 4302 sola
582 4237 780 4321 obligatione
796 4238 838 4303 ad
854 4259 991 4322 poenam
1008 4237 1125 4303 sistere
1141 4260 1323 4322 possumus,
1347 4242 1478 4322 quando

150 4332 269 4394 natura
292 4328 339 4392 rei
362 4330 558 4411 praeceptae
581 4326 658 4393 talis
682 4348 746 4392 non
770 4333 838 4404 est,
869 4348 952 4409 quae
981 4327 1094 4410 exigat
1124 4328 1313 4394 ulteriorem
1341 4328 1376 4394 in
1400 4351 1478 4395 eon-

149 4417 288 4483 scientia
304 4416 546 4498 obligationem,
563 4416 620 4481 sed
636 4416 803 4494 eiusmodi,
820 4421 856 4483 ut
872 4416 956 4481 bono
970 4416 1131 4482 communi
1146 4438 1205 4502 per
1217 4419 1321 4484 solam
1338 4439 1478 4503 poenam

149 4506 448 4589 transgressoribus
471 4505 681 4587 infligendam
704 4506 786 4572 satis
809 4506 854 4572 sit
876 4505 1053 4588 provisum.
1100 4507 1147 4573 ef.
1173 4529 1249 4572 mox
1274 4508 1413 4573 dicenda
1435 4509 1478 4575 ad

150 4595 187 4672 Q.
213 4600 251 4660 2¹¹²
275 4597 314 4662 R.
340 4599 359 4659 2
383 4595 416 4660 in
441 4596 514 4660 fine.
