3106 5168
181 259 223 320 34
597 251 638 306 De
656 250 752 318 regula
770 253 881 305 actuum
898 251 1086 307 humanorum.

180 430 264 494 rium
295 427 485 495 absolvendi
515 426 682 503 excusari,
714 449 787 493 oum
817 428 851 494 in
880 448 1013 493 munere
1038 426 1135 492 officii
1158 427 1209 492 sui
1239 426 1508 511 impedimentum

181 519 331 585 habuerit
354 517 514 582 maturius
538 517 635 581 horas
657 516 833 583 recitandi:
866 517 923 581 sed
948 519 1149 582 ratiocinatio
1172 516 1313 582 Leandri
1336 516 1425 582 mala
1446 521 1507 595 est,

180 628 286 690 neque
316 607 406 672 licuit
437 606 477 670 ob
507 605 591 671 hanc
622 626 754 670 oausam
785 611 819 672 et
849 606 1045 671 breviarium
1070 606 1223 671 omittere
1253 610 1288 671 et
1310 626 1425 670 cenam
1449 606 1507 671 ad·

181 698 243 762 huc
274 716 419 771 sumere,
451 695 536 777 quod
566 699 739 777 utrumque
763 695 863 761 fuerit
892 694 1060 779 probabile
1083 695 1168 759 diem
1192 693 1320 760 civilem
1348 699 1419 761 tum
1443 695 1508 761 iam

182 788 328 869 elapsum
352 805 441 862 esse,
472 788 543 849 tum
573 805 637 848 non
667 805 739 849 esse
769 784 925 868 elapsum.
972 783 1074 848 Immo
1101 804 1242 849 revera
1271 784 1403 868 elapsus
1429 805 1508 849 non-

182 875 258 940 dum
293 877 384 950 erat;
423 893 543 954 quare,
581 872 609 937 si
644 872 864 938 abstrahimus
898 894 919 938 a
952 873 1091 938 Leandri
1127 872 1342 955 fatigatione,
1378 872 1509 940 videtur

183 963 312 1028 omnino
343 962 511 1027 exstitisse
541 961 697 1042 obligatio
728 961 834 1026 adhuc
866 961 1055 1026 absolvendi
1085 961 1229 1026 divinum
1260 961 1404 1027 officium
1435 962 1508 1038 diei,

183 1073 222 1118 eo
261 1052 346 1135 quod
385 1051 511 1116 absolvi
551 1050 689 1128 debeat,
729 1050 882 1132 quamdiu
921 1050 1016 1116 adest
1053 1055 1182 1134 tempus
1221 1072 1263 1116 ex
1301 1070 1337 1116 se
1375 1055 1508 1135 aptum:

184 1146 296 1225 aptum
320 1144 429 1207 autem
461 1145 591 1222 tempus
620 1138 691 1204 sine
715 1139 810 1205 dubio
835 1139 940 1204 adhuc
964 1142 1045 1204 erat.
1093 1139 1195 1206 Recte
1219 1142 1330 1205 autem
1353 1139 1510 1205 iudicavit

183 1251 297 1296 cenam
321 1236 390 1296 tum
414 1227 570 1311 temporis
594 1233 756 1311 sumptam
781 1249 845 1293 non
862 1229 993 1293 obstare
1017 1227 1135 1293 ieiunio
1158 1228 1311 1307 naturali,
1336 1229 1422 1311 quod
1441 1249 1509 1294 ser·

183 1320 326 1384 vandum
350 1318 394 1383 sit
418 1318 458 1382 ob
480 1316 613 1381 Missam
637 1317 785 1398 sequenti
809 1321 955 1401 tempore
978 1317 1139 1384 matutino
1163 1317 1409 1389 celebrandam:
1433 1339 1509 1384 nam

183 1409 262 1473 illud
292 1413 421 1489 tempus
445 1405 624 1489 publicum,
655 1406 740 1487 quod
765 1426 886 1471 avaro
910 1405 1091 1489 discrepat,
1122 1428 1180 1490 pro
1203 1406 1310 1472 media
1334 1410 1432 1472 nocte
1456 1428 1510 1472 su·

183 1517 282 1573 mere,
308 1516 371 1560 non
388 1499 460 1559 erat
476 1494 693 1576 obligationis,
718 1496 775 1560 sed
799 1495 962 1579 privilegii
980 1516 1037 1560 seu
1060 1495 1354 1577 indulgentiae-
1377 1495 1510 1562 Cetero-

184 1586 294 1668 quiin
317 1585 378 1649 hoo
403 1604 480 1649 casu
510 1603 574 1647 non
598 1584 707 1665 agitur
730 1584 859 1669 proprie
883 1584 922 1649 de
946 1604 1006 1648 usu
1030 1584 1286 1667 probabilitatis,
1317 1585 1378 1650 hoc
1401 1605 1509 1663 sensu,

183 1696 223 1739 ac
255 1674 283 1739 si
315 1672 483 1757 probabile
515 1676 643 1738 tantum
676 1679 781 1750 esset,
811 1695 904 1758 posse
935 1672 1075 1755 aliquem
1108 1695 1167 1757 pro
1199 1674 1369 1739 recitando
1401 1673 1510 1740 officio

184 1764 293 1829 divino
317 1761 408 1844 sequi
424 1761 480 1825 vel
501 1765 631 1844 tempus
654 1762 818 1845 publicum
841 1763 893 1827 vel
917 1766 1047 1845 tempus
1070 1763 1231 1828 naturale.
1265 1762 1353 1828 Nam
1376 1761 1410 1826 id
1434 1763 1511 1829 licet

183 1861 274 1935 ccmo,
299 1854 396 1935 prout
419 1850 559 1916 libuerit.

272 1966 310 2033 R.
336 1968 366 2031 2.
412 1964 541 2046 Agendi
574 1970 684 2031 autem
717 1965 801 2031 ratio
834 1963 992 2041 Leandri,
1027 1987 1090 2048 quo
1123 1971 1158 2032 et
1190 1966 1335 2032 divinum
1368 1967 1512 2032 officium

183 2060 313 2121 restans
329 2054 520 2137 neglegeret
539 2057 574 2119 et
589 2074 702 2119 cenam
719 2058 873 2133 sumeret,
896 2054 1002 2137 magis
1026 2054 1125 2120 etiam
1149 2060 1219 2120 tum
1242 2055 1513 2139 reprehendenda

184 2150 281 2220 esset,
306 2165 378 2209 oum
394 2147 529 2226 propter
544 2142 796 2227 discrepantiam
813 2143 949 2208 duorum
966 2143 1217 2226 horologiorum,
1242 2166 1390 2228 quorum,
1410 2145 1512 2228 quod·

184 2255 259 2299 narn
282 2238 372 2300 recte
396 2237 525 2315 tempus
548 2231 723 2309 indicaret,
755 2233 912 2310 nesciret,
942 2233 1132 2299 utrumlibet
1155 2234 1248 2316 sequi
1270 2234 1427 2301 licuisset.
1475 2235 1512 2300 In

184 2344 247 2404 quo
264 2343 342 2388 casu
365 2342 445 2386 sane
468 2341 532 2386 non
548 2320 660 2386 licebit
683 2324 856 2403 utrumque
880 2320 974 2385 simul
991 2322 1094 2403 sequi,
1119 2322 1196 2402 quia
1211 2345 1250 2388 aa
1266 2325 1325 2388 bac
1341 2323 1511 2407 utriusque

183 2410 425 2496 probabilitatis
449 2413 664 2475 coniunctiore
686 2409 834 2491 sequitur
849 2414 939 2476 certe
955 2410 1146 2476 alterutrius
1166 2411 1250 2494 legis
1267 2412 1512 2480 ecclesiasticae

184 2500 294 2567 laesio.
342 2499 389 2566 uf.
413 2499 542 2581 Lugo,
568 2500 617 2564 De
641 2501 767 2565 eochar.
793 2499 873 2582 disp.
902 2501 952 2576 15,
976 2520 1007 2565 n.
1032 2502 1175 2566 46-54.

139 2636 172 2690 67
273 2614 311 2680 R.
329 2616 359 2679 3.
399 2613 436 2678 ln
452 2613 587 2678 eccardo
604 2634 681 2678 casu
698 2619 787 2679 certe
811 2612 961 2697 peccavit
976 2613 1134 2691 Leander,
1159 2613 1289 2696 quando
1313 2614 1455 2698 primum
1471 2616 1512 2681 ob

184 2703 390 2788 privilegium
406 2701 561 2785 sequendi
582 2702 738 2786 temporis
755 2702 882 2785 publici,
908 2701 1008 2768 etiam
1024 2724 1044 2767 a
1060 2707 1208 2786 tempore
1224 2723 1302 2767 vero
1319 2702 1511 2783 differentis,

184 2792 311 2859 distulit
335 2790 476 2857 officium
496 2790 650 2868 divinum,
676 2796 710 2856 et
725 2790 800 2855 dein
823 2795 951 2857 mutato
976 2791 1109 2857 consilio
1133 2796 1263 2874 tempus
1279 2813 1395 2857 verum
1418 2793 1510 2877 sequi

184 2882 297 2959 voluit,
318 2903 381 2963 quo
398 2885 531 2965 propter
547 2881 693 2964 elapsum
710 2880 794 2945 diem
811 2881 994 2945 naturalem
1012 2880 1152 2946 officium
1169 2880 1315 2946 divinum
1331 2882 1511 2948 omitteret.

184 2971 386 3053 Quamquam
403 2970 487 3034 enim
504 2969 694 3034 utrumlibet
710 2975 839 3052 tempus
855 2969 925 3034 sive
942 2991 1056 3034 verum
1071 2969 1142 3034 sive
1158 2970 1321 3053 publicum
1337 2970 1512 3038 seiunctim

183 3059 361 3145 probabilis
377 3064 411 3124 et
426 3058 516 3124 licita
532 3080 647 3123 norma
663 3063 730 3123 est:
754 3064 865 3124 tamen
882 3058 1068 3124 voluntaria
1090 3080 1224 3124 normae
1240 3059 1304 3123 iam
1322 3065 1513 3144 assumptae

183 3149 322 3217 mutatio
354 3169 453 3214 causa
484 3150 535 3212 est
557 3147 730 3212 violandae
760 3146 843 3229 legis
873 3151 1000 3224 certae,
1031 3169 1070 3213 ac
1101 3148 1195 3232 proin
1219 3148 1406 3214 voluntaria
1430 3151 1514 3233 legis

183 3234 294 3305 certae
319 3237 453 3303 violatio
477 3257 534 3302 seu
558 3240 739 3320 peccatum.

274 3354 312 3418 R.
338 3355 368 3417 4.
417 3351 552 3428 Quando
576 3356 685 3418 autem
708 3350 950 3434 inculpabiliter
972 3350 1199 3417 recitationem
1223 3350 1321 3416 officii
1345 3350 1512 3431 omiserat,

185 3442 339 3506 videlicet
362 3446 495 3507 coactus
518 3446 651 3524 propter
674 3440 809 3522 negotia
832 3439 938 3521 magis
961 3440 1155 3518 necessaria,
1184 3441 1315 3506 videtur
1338 3441 1513 3523 obligatio·

185 3552 259 3595 nem
290 3551 381 3595 suam
412 3551 470 3613 pro
500 3531 664 3595 exstincta
694 3529 814 3595 habere
844 3529 1005 3614 potuisse,
1037 3550 1135 3611 quam
1165 3529 1303 3612 primum
1333 3530 1512 3595 secundum

185 3625 314 3702 tempus
330 3640 444 3683 verum
460 3618 566 3684 media
582 3640 648 3683 nox
664 3619 855 3697 advenerat,
880 3619 956 3701 quia
980 3618 1021 3684 ad
1037 3618 1262 3684 sustinendam
1279 3618 1514 3700 obligationem

185 3730 250 3773 non
273 3709 449 3774 tenebatur
471 3707 503 3772 id
527 3708 635 3790 sequi,
660 3707 746 3790 quod
770 3728 811 3771 ex
835 3707 905 3773 sola
928 3707 1133 3790 indulgentia
1156 3708 1248 3790 sequi
1271 3707 1365 3774 licet:
1396 3708 1513 3775 lauda·

185 3797 280 3863 bilius
303 3801 414 3863 tamen
437 3801 526 3874 erat,
559 3796 749 3862 etiamtum
774 3797 932 3871 recitare,
963 3796 1115 3879 quamdiu
1139 3800 1269 3880 tempus
1294 3798 1457 3882 publicam
1481 3798 1514 3864 id

185 3886 407 3971 permittebat.

276 3984 338 4049 Sed
363 3983 424 4048 etsi
448 3990 577 4067 tempus
601 3982 698 4048 officii
722 3982 821 4046 divini
848 3982 912 4047 iam
936 4004 995 4067 pro
1019 3982 1184 4048 exstincto
1208 3982 1364 4066 sumpsit,
1395 3983 1515 4049 nihilo·

187 4073 292 4137 minus
314 4073 423 4156 potuit
439 4094 552 4138 cenam
569 4073 674 4137 adhuc
690 4092 828 4149 sumere,
854 4072 930 4153 quia
952 4071 985 4136 id
1001 4077 1075 4138 erat
1092 4074 1316 4156 lodulpcntioe,
1340 4075 1377 4137 ut
1400 4077 1515 4156 posset

186 4162 278 4244 sequi
308 4167 437 4245 tempus
468 4162 649 4246 publicum,
681 4183 744 4244 qua
768 4160 817 4227 uti
839 4181 919 4226 sane
947 4161 1059 4227 licebit
1087 4161 1119 4226 in
1145 4163 1242 4226 rebus
1264 4161 1514 4230 favorabilibus.

187 4251 301 4333 Neque
317 4251 408 4317 dicas
431 4251 482 4316 hic
506 4251 620 4316 eodem
642 4251 747 4328 modo,
772 4256 810 4316 ut
825 4256 934 4327 antea,
960 4249 1072 4315 haberi
1088 4272 1130 4315 ex
1148 4250 1374 4315 coniunctione
1391 4251 1516 4318 utrius·

187 4361 249 4422 que
280 4361 412 4406 normae
443 4341 584 4423 aliquam
614 4345 724 4406 certae
753 4339 837 4421 legis
860 4339 1081 4405 violationem.
1128 4339 1164 4403 ld
1189 4340 1274 4403 enim
1301 4359 1396 4420 nego.
1443 4341 1516 4408 Lex

187 4429 346 4495 recitandi
376 4429 474 4495 officii
504 4451 539 4494 re
563 4450 643 4493 vera
672 4450 736 4492 non
766 4428 905 4512 amplius
936 4429 1049 4504 adest,
1080 4427 1233 4510 quoniam
1263 4429 1436 4495 secundam
1466 4434 1517 4496 roi

187 4522 346 4584 acritatem
370 4518 439 4583 dies
456 4523 507 4584 est
523 4519 670 4602 elapsus;
695 4517 752 4582 sed
775 4539 881 4600 neque
904 4518 959 4582 lex
975 4523 1052 4583 ante
1068 4517 1202 4582 Missam
1226 4517 1380 4582 servandi
1403 4517 1517 4586 ieiunii

187 4606 343 4688 laeditur,
367 4608 460 4691 quia,
485 4629 557 4673 cum
581 4608 661 4673 haec
684 4607 739 4671 lex
761 4612 833 4674 tota
856 4607 900 4674 sit
924 4607 1161 4684 ecclesiastica,
1190 4605 1260 4672 eius
1282 4606 1517 4692 interpretatio
