3106 5168
62 299 136 354 luris
145 299 215 356 laesi
223 302 448 372 reparatio-ex
458 302 564 357 6611666
574 301 764 357 damnifioauts
774 318 835 357 cum
845 303 926 369 sulpio
934 302 1078 369 theotonica
1087 301 1271 354 amfarfdfco.
1319 303 1382 368 337

61 473 187 534 aliorum
208 494 276 534 raro
297 478 453 545 observat,
482 495 517 536 eo
538 478 613 553 quod
634 477 795 555 periculum
817 475 857 536 sit
877 475 1038 546 modicum,
1059 477 1135 551 quod
1156 475 1297 534 mediocri
1318 494 1384 551 ope·

60 555 205 615 rariorum
223 555 383 631 diligentia
398 556 486 616 facile
507 562 657 617 caveatur.
691 556 888 616 Nihilominus
908 575 941 614 re
962 574 1033 614 vera
1053 555 1245 614 intortunium
1267 555 1385 626 accidit,

60 635 105 693 ita
132 639 166 694 ut
192 640 254 694 tres
280 640 383 713 patres
410 636 539 696 familias
567 637 674 697 misere
701 637 860 714 perierint,
887 635 937 713 qui
964 654 1150 695 numerosam
1173 635 1316 695 familiam
1343 635 1385 693 in·
1407 707 1411 716 Ι

61 715 211 791 digentem
232 715 421 791 reliquerunt.

60 837 241 908 Quaamrua
272 840 300 896 1ο
334 838 478 976 {debeatne
508 838 657 898 leocrates
693 839 829 898 damnum
865 840 961 909 ferre,
996 857 1035 897 an
1069 836 1199 897 societas
1233 856 1385 896 assecura-

269 1008 300 1064 2ο
334 937 459 1082 qhoilllssi
476 1007 622 1076 damnum,
644 1007 720 1082 quod
741 1006 872 1065 familiae
891 1006 962 1065 illae
983 1006 1145 1082 patiuntur,
1168 1011 1289 1083 superat
1310 1025 1385 1064 sum·

334 1106 420 1158 mam,
442 1107 528 1162 quam
550 1087 733 1146 assecuratio
755 1087 861 1146 solvat.

657 1294 792 1362 Salutio.

151 1455 204 1520 An
227 1475 418 1530 quaasmuu
444 1458 481 1520 1¹n
508 1455 547 1521 R.
574 1459 602 1521 1.
649 1455 740 1532 Quod
763 1456 852 1540 ipsos
875 1456 1041 1540 operarios
1064 1457 1118 1522 vol
1140 1455 1250 1540 potius
1272 1472 1445 1526 66666665

60 1543 205 1609 familias
228 1543 422 1627 superstites
446 1544 575 1619 attinet,
601 1566 660 1610 666
683 1545 753 1610 6166
776 1545 871 1610 dubio
894 1546 980 1611 iuste
1002 1545 1159 1629 recipient
1183 1566 1203 1610 a
1225 1545 1385 1611 societate

60 1632 316 1699 assecurationis
338 1632 388 1709 id,
419 1632 504 1714 quod
531 1633 605 1716 lage
628 1634 680 1699 vel
705 1634 920 1699 conventione
943 1639 1104 1701 statutum
1128 1638 1195 1712 est,
1225 1634 1384 1716 siquidem

59 1720 273 1787 infortunium
297 1721 377 1786 illud
401 1722 696 1805 comprehendatur
717 1723 783 1788 illis
798 1723 936 1801 casibus,
961 1723 1127 1806 inquibus
1150 1724 1204 1789 lex
1227 1745 1286 1807 pro
1306 1744 1383 1807 ope·

60 1810 159 1875 rariis
182 1831 358 1892 eorumque
381 1808 506 1875 familia
530 1811 707 1877 subsidium
732 1812 811 1877 dare
834 1811 984 1878 intendit.

150 1915 190 1981 R.
216 1917 245 1981 2.
292 1915 326 1980 Si
349 1915 513 1980 Isocrates
542 1936 677 1997 gravem
707 1917 950 1998 neglegentiam
978 1915 1171 1999 culpabilem
1200 1937 1265 1981 non
1295 1937 1384 1981 com·

60 2003 152 2069 misit
182 2043 224 2052 -
254 2003 286 2068 id
310 2004 395 2086 quod
426 2024 491 2069 non
515 2004 644 2071 videtur
671 2024 744 2070 6666
773 2006 896 2071 factum
920 2007 954 2070 in
985 2027 1061 2070 casu
1091 2009 1205 2071 nostro
1228 2043 1288 2083 -,
1318 2026 1384 2071 non

59 2098 195 2160 tenetur
224 2091 294 2176 ipse
324 2114 367 2158 ex
396 2113 469 2157 sese
498 2093 642 2176 pandere
666 2093 814 2159 defectus
843 2094 993 2160 minimos
1025 2093 1078 2177 qui
1109 2096 1321 2159 occurrerant
1350 2094 1385 2160 in

60 2181 200 2248 cautelis
229 2181 294 2246 illis
323 2181 535 2265 praescriptis
564 2182 764 2248 adhibendis.
812 2183 934 2247 Verum
964 2183 991 2248 si
1019 2205 1061 2248 ex
1090 2187 1186 2266 parte
1215 2182 1383 2250 societatis

61 2270 316 2336 assecurationis
333 2270 383 2336 vel
401 2270 499 2336 aliter
513 2291 533 2335 a
549 2271 715 2354 deputatis
731 2274 769 2337 fit
785 2271 951 2354 inquisitio
968 2273 1009 2337 de
1024 2271 1193 2337 infortunii
1210 2272 1382 2351 adiunctis,

62 2381 127 2425 non
156 2363 267 2443 potest
290 2359 452 2425 leocrates
479 2360 576 2442 falsis
600 2363 729 2427 assertis
759 2381 827 2425 rem
850 2364 964 2443 tegere
994 2382 1099 2443 neque
1121 2360 1215 2426 falsis
1244 2361 1382 2427 testibus

61 2448 233 2514 instructis
256 2447 465 2531 inquisitores
481 2448 647 2532 decipere;
671 2454 706 2515 et
728 2449 757 2515 si
778 2449 987 2532 inquisitione
1009 2450 1100 2516 facta
1123 2450 1263 2516 iuridico
1287 2450 1382 2534 culpa

60 2537 217 2603 Isocratis
241 2536 509 2621 deprehenditur,
543 2538 583 2602 ob
610 2559 707 2621 quam
731 2539 800 2622 ipse
823 2539 1015 2604 societatem
1048 2538 1301 2605 assecurationis
1332 2539 1382 2604 in·

60 2627 211 2692 demnem
234 2626 369 2691 reddere
393 2626 526 2704 debeat,
557 2625 590 2691 id
613 2626 765 2693 societati
791 2627 971 2711 postulanti
996 2628 1093 2694 debet
1115 2628 1147 2692 in
1172 2628 1381 2694 conscientia.

59 2718 168 2781 -At
190 2715 218 2780 si
241 2715 383 2780 societas
398 2715 652 2781 assecurationis
668 2716 749 2782 adeo
773 2717 919 2799 rigorose
942 2738 1006 2782 non
1029 2716 1173 2798 inquirit,
1199 2738 1272 2782 cum
1299 2718 1383 2784 sciat

59 2805 152 2887 leges
183 2804 384 2870 cautelarum
415 2803 671 2869 adhibendorum
695 2805 869 2872 difficulter
892 2806 934 2871 ad
961 2807 1116 2871 amussim
1139 2806 1281 2884 servari,
1312 2806 1382 2872 Iso·

59 2896 172 2959 crates
194 2892 444 2958 indemnitatem
467 2898 638 2983 praestare
661 2915 726 2960 nou
749 2899 890 2961 tenetur.

149 3015 203 3082 Ao
226 3037 417 3093 qunnsrvuu
441 3020 480 3081 2¹¹³
510 3018 549 3084 R.
576 3021 604 3083 1.
651 3017 685 3083 si
709 3017 800 3101 leges
823 3017 985 3102 positivae
1009 3018 1097 3084 16166
1119 3039 1184 3083 666
1207 3023 1319 3086 666661
1342 3018 1381 3084 dc
1391 3034 1443 3087 666

59 3105 161 3173 certis
185 3107 323 3172 cautelis
346 3106 547 3185 adhibendis,
572 3111 722 3189 spectato
746 3108 816 3172 solo
839 3107 908 3172 iure
932 3107 1085 3185 naturali,
1110 3107 1283 3184 Isocrates,
1308 3128 1379 3172 cum

59 3199 210 3262 inoratam
226 3195 428 3278 diligentiam
444 3195 637 3271 adhibuerit,
662 3197 811 3262 absolute
834 3196 995 3277 loquendo
1018 3217 1060 3261 ex
1083 3196 1233 3277 rigorose
1255 3196 1381 3262 iustitia

59 3305 125 3348 non
149 3289 318 3350 teneretur
341 3285 493 3350 damnum
516 3284 649 3349 familiis
678 3285 908 3369 superstitibus
931 3285 1105 3363 resarcire,
1136 3304 1174 3348 eo
1199 3285 1283 3366 quod
1310 3289 1380 3349 tum

58 3373 273 3438 infortunium
297 3394 385 3450 casu,
408 3377 473 3438 non
495 3373 591 3455 gravi
613 3373 769 3439 Isocratis
793 3375 888 3456 culpa
912 3373 1066 3449 evaserit,
1097 3379 1167 3440 tum
1191 3377 1381 3439 contractus

58 3461 155 3539 desit,
180 3463 211 3527 vi
236 3462 328 3527 cuius
350 3462 513 3528 Isocrates
537 3462 577 3526 de
600 3461 786 3528 infortuniis
805 3463 941 3528 caverit.
973 3462 1201 3538 Nihilominus,
1225 3467 1263 3529 ut
1284 3463 1380 3528 farni-

58 3550 177 3616 liarum
200 3551 414 3634 indigentium
430 3572 541 3616 curam
565 3551 721 3635 suscipiat
738 3555 782 3629 et,
805 3557 964 3634 quantum
979 3551 1093 3635 possit,
1117 3552 1277 3631 sublevet,
1300 3572 1381 3618 6666

58 3660 206 3705 summas
230 3639 406 3722 aequitatis
430 3644 490 3707 661.

149 3743 188 3810 R.
213 3747 243 3810 2.
290 3744 368 3811 Cum
393 3744 484 3827 leges
506 3744 547 3809 ad
572 3743 676 3809 maius
700 3748 848 3810 tutamen
865 3744 1087 3829 operariorum
1111 3746 1257 3812 cautelas
1281 3747 1380 3814 etiam

58 3832 200 3899 maiores
223 3833 503 3917 praescripserint,
527 3833 668 3917 operarii
690 3833 740 3898 ius
759 3833 881 3900 habent
903 3833 1099 3918 postulandi,
1124 3838 1161 3900 61
1177 3855 1289 3901 omnes
1304 3835 1381 3902 11166

60 3921 103 3987 61
127 3922 280 3987 amussim
305 3923 538 3988 adhibeantur:
570 3922 685 4004 quodsi
715 3923 813 3987 herus
836 3923 993 4007 operariis
1021 3922 1135 3989 invitis
1158 3944 1215 3989 eas
1247 3925 1380 4003 omittit,

59 4010 219 4076 obnoxius
248 4012 286 4076 fit
316 4011 442 4076 damnis
471 4011 631 4095 praevisis
661 4011 862 4094 reparandis.
908 4012 942 4078 Si
966 4032 1044 4077 vero
1075 4013 1214 4096 operarii
1239 4014 1292 4079 vel
1323 4035 1379 4078 ex·

58 4121 172 4184 presse
188 4100 241 4165 vel
265 4100 365 4166 tacite
389 4104 622 4165 consenserunt
646 4105 746 4182 61666
768 4101 913 4167 contenti
937 4105 1033 4167 erant
1048 4102 1186 4167 cautelis
1200 4102 1274 4179 illis,
1299 4123 1381 4183 quas

58 4210 95 4255 re
115 4189 189 4272 ipsa
204 4190 366 4254 Isocrates
382 4188 583 4266 adhibuerat,
609 4209 713 4270 66666
736 4189 846 4273 plures
868 4191 1096 4273 postulabant:
1120 4191 1175 4256 ille
1199 4212 1241 4255 ex
1264 4211 1299 4255 66
1323 4192 1381 4256 ob·

58 4278 177 4343 noxius
187 4299 252 4342 non
265 4283 317 4344 est
328 4278 527 4361 supplendae
543 4277 747 4343 indemnitati
760 4277 969 4357 familiarum,
987 4299 1070 4362 quae
1082 4279 1216 4345 interitu
1232 4284 1380 4362 patrum·

58 4366 202 4433 familias
225 4367 376 4432 damnum
401 4367 618 4433 incurrerunt.

149 4473 187 4541 n.
212 4477 243 4539 3.
287 4472 504 4538 Nihilominus
525 4473 673 4555 familiae
695 4473 770 4537 illae
792 4471 843 4536 ius
866 4471 988 4538 habent
1011 4471 1184 4537 accusandi
1201 4471 1379 4537 Isocratem

58 4561 255 4630 violatarum
288 4562 395 4646 legum
426 4565 526 4643 atque
557 4561 732 4643 recipiendi
765 4582 892 4626 omnem
926 4561 1189 4638 indemnitatem,
1221 4561 1250 4625 si
1282 4581 1380 4642 quam

59 4651 150 4734 leges
181 4650 261 4735 ipsis
293 4649 486 4717 attribuunt.
540 4650 641 4715 Immo
675 4654 811 4733 possunt
844 4670 916 4715 cum
949 4648 1094 4715 Isocrate
1126 4670 1224 4731 agero
1257 4654 1291 4715 61
1321 4672 1380 4734 pro

111 4761 365 4809 conmonuemus
378 4761 537 4803 conscientiae.
564 4761 581 4802 l.
1132 4753 1166 4806 22
