3106 5168
320 297 474 352 'l'ranslatio
493 297 542 351 iur.
562 314 587 368 p.
607 299 763 351 conmeatus
781 326 816 335 -
835 297 973 349 cmtdacts'o
992 297 1120 363 operarii.
1316 296 1382 361 453

654 501 789 569 solutio.

150 646 202 709 Ao
226 664 416 720 ouansrrun
443 648 479 708 1¹²
509 643 548 709 R.
575 646 604 710 1.
658 643 755 720 Quies
779 664 799 709 a
821 645 933 710 labore
962 642 1131 709 turmatim
1162 663 1204 708 ex
1234 640 1445 707 condomare

58 734 152 800 facta
175 734 245 799 tere
268 737 387 799 natura
410 753 470 798 sua
493 736 589 799 tanta
612 753 724 798 secum
746 732 849 799 tralrit
872 732 969 810 mala,
994 736 1031 798 ut
1053 731 1111 796 vix
1130 751 1283 814 umquam
1308 750 1385 794 con·

58 823 198 889 sulenda
221 822 274 889 sit.
322 821 407 886 Nem
431 826 469 887 ut
491 821 557 886 alia
579 825 725 901 taceam,
757 821 914 906 pessimos
937 821 1038 886 habet
1061 822 1196 887 effectus
1219 821 1253 884 in
1276 838 1384 883 mores

59 912 300 995 operariorum,
332 911 386 992 qui
417 910 586 976 otiositate
615 910 712 976 facile
738 911 888 977 teruntur
910 911 945 976 in
969 909 1179 988 ebrietatem,
1209 907 1382 984 luxuriam,

59 1001 244 1079 violentias,
269 1005 368 1082 atque
386 1000 519 1082 insuper
534 999 627 1082 proni
643 1000 823 1065 redduntur
839 1001 879 1065 ad
896 1000 939 1076 id,
963 1004 1010 1077 ut,
1035 999 1134 1064 etiam
1150 1020 1208 1083 per
1224 995 1383 1073 iniuriam,

59 1111 118 1155 eos
142 1090 184 1156 ad
208 1089 432 1172 deponendum
457 1089 601 1154 laborem
626 1095 755 1172 cogant,
780 1089 836 1172 qui
859 1110 900 1154 ex
924 1109 997 1154 sese
1020 1090 1171 1154 laborare
1194 1089 1320 1172 optent.

149 1196 189 1262 R.
215 1198 244 1262 2.
291 1193 510 1260 Nihilominus
539 1214 604 1259 non
634 1194 666 1258 in
690 1195 776 1260 omni
800 1215 879 1260 casu
902 1194 1067 1277 quaelibet
1090 1195 1327 1276 quasi-coactio
1351 1197 1383 1263 in

59 1286 144 1352 alios
168 1284 334 1368 operarios
358 1283 505 1349 exercita
528 1287 580 1348 est
608 1282 746 1361 iniusta,
777 1284 884 1348 minus
907 1283 1008 1349 etiam
1037 1303 1167 1366 semper
1189 1283 1311 1351 iniusta
1333 1290 1385 1352 est

60 1374 235 1456 denegatio
259 1372 380 1438 laboris
404 1392 425 1437 a
449 1373 635 1438 volentibus
658 1372 757 1439 etiem
781 1393 823 1437 ex
848 1371 1064 1438 conventione
1087 1371 1186 1438 facte.

150 1487 203 1553 Ao
219 1508 410 1564 ouansrrnn
427 1489 465 1551 2³
489 1487 528 1552 lt.
544 1490 572 1552 1.
608 1487 768 1571 Tempore
784 1490 983 1564 contractus,
1009 1487 1109 1553 etiam
1132 1487 1209 1554 iusti
1226 1493 1259 1555 et
1278 1488 1384 1571 acqui,
1395 1505 1448 1562 894

61 1579 184 1661 elapso,
209 1576 263 1660 qui
280 1577 404 1654 volunt,
428 1575 498 1641 sine
520 1574 640 1641 iniuria
659 1597 738 1659 erga
755 1576 920 1641 domiuum
935 1576 1094 1642 desistere
1117 1581 1264 1660 possunt,
1288 1578 1386 1661 idque

61 1666 163 1733 etiam
187 1687 229 1730 ex
245 1665 470 1742 conventione,
494 1685 578 1747 quae
601 1668 713 1730 temen
734 1665 908 1731 conventio
932 1687 1008 1731 raro
1031 1665 1119 1749 parit
1142 1666 1384 1749 obligationem.

62 1755 154 1821 Alios
178 1759 287 1820 autem
311 1775 376 1819 non
398 1755 549 1820 volentes
572 1753 698 1819 adhoc
721 1753 874 1832 incitare,
899 1753 962 1819 nisi
984 1754 1097 1836 gravis
1121 1775 1222 1820 cause
1244 1756 1386 1822 necessi·

60 1844 144 1911 tatis
159 1843 309 1923 exsistet,
335 1848 450 1908 contra
474 1842 645 1909 caritatem
668 1846 739 1908 tum
758 1843 981 1927 operariorum
1005 1847 1074 1908 turn
1091 1843 1293 1910 dominorum
1317 1850 1385 1925 est;

61 1934 90 1999 si
120 1935 158 2000 fit
187 1932 302 1998 mediis
324 1931 469 2008 iniustis,
503 1931 602 1998 etiam
626 1935 677 1998 est
700 1936 815 1998 contra
841 1932 999 1998 iustitiam
1030 1931 1100 1997 sive
1128 1932 1194 1997 illis
1218 1934 1386 2017 operariis,

62 2023 134 2088 sive
158 2021 306 2098 dominis,
330 2021 401 2085 sive
425 2020 572 2102 utrisque
596 2041 655 2104 pro
679 2020 811 2086 diversa
834 2042 942 2086 rerum
967 2020 1155 2087 condicione
1178 2022 1331 2089 debitam.

151 2129 191 2196 R.
216 2131 246 2194 2.
293 2129 453 2211 Tempore
483 2131 671 2193 contractus
701 2126 842 2192 noudum
873 2127 983 2210 elapso
1014 2125 1084 2192 sine
1110 2126 1272 2195 iniustitia
1294 2129 1388 2196 labor

62 2218 180 2303 deponi
203 2217 325 2300 nequit,
350 2215 412 2281 nisi
436 2220 470 2281 et
492 2220 681 2282 contractus
705 2216 748 2282 sit
766 2217 819 2280 vel
843 2215 987 2281 evaserit
1009 2215 1148 2281 iniustus
1171 2221 1286 2283 contre
1309 2238 1387 2302 ope-

62 2307 202 2385 rarium,
234 2311 268 2373 et
298 2305 447 2371 dominus
477 2305 560 2371 nolit
589 2306 631 2370 ab
660 2304 821 2371 iniustitia
851 2304 1013 2371 recedere.
1037 2342 1081 2352 —
1111 2304 1200 2381 Quae
1226 2305 1388 2372 iniustitia

65 2398 98 2480 1)
122 2400 238 2480 aperte
261 2401 312 2461 est
336 2416 378 2460 ex
401 2399 496 2477 perte
520 2393 657 2469 domini,
682 2393 710 2458 si
733 2393 938 2459 condiciones
961 2393 1140 2477 stipulatae
1163 2416 1228 2460 non
1250 2415 1386 2461 servan·

62 2491 133 2561 tur3
167 2486 200 2565 2)
230 2505 294 2549 non
318 2484 366 2550 ite
389 2484 479 2548 clare
502 2488 536 2549 et
559 2486 675 2566 aperta
698 2488 766 2559 est,
797 2483 824 2547 si
848 2482 959 2564 egitur
982 2483 1022 2548 de
1045 2484 1195 2549 mercede
1218 2483 1387 2568 stipulata,

63 2596 162 2659 quam
186 2573 386 2639 contendunt
410 2572 548 2655 operarii
577 2573 664 2637 intra
687 2572 846 2639 iustitiam
874 2592 946 2637 esse
969 2573 1174 2656 depressam:
1205 2574 1388 2657 complures

64 2664 151 2730 enim
174 2665 312 2747 possunt
335 2682 408 2727 esse
438 2681 574 2739 causae,
606 2682 664 2726 cur
686 2662 869 2727 mercedem
892 2661 1093 2743 aliquantum
1119 2661 1256 2746 deprimi
1279 2663 1387 2739 liceat,

63 2756 164 2836 atque
197 2751 370 2816 conventio
403 2749 494 2816 fecta
525 2750 822 2834 praesumptionem
854 2771 913 2834 pro
946 2771 981 2816 se
1013 2751 1113 2816 habet
1144 2751 1290 2818 iustitiae
1323 2773 1388 2818 non

64 2844 193 2908 laesae:

154 2928 372 2995 Nihilominus
393 2927 545 3010 quoniam
569 2927 709 3011 operarii
732 2949 796 2992 nou
820 2949 896 2993 raro
920 2927 1089 2993 moraliter
1112 2928 1218 2994 coecti
1240 2934 1327 3007 sunt,
1352 2932 1449 2999 ursos

63 3018 273 3086 consentiant
302 3018 335 3082 in
366 3017 546 3082 mercedem
579 3037 599 3082 a
629 3017 757 3082 domino
788 3019 947 3083 statutam
979 3017 1042 3082 etsi
1074 3017 1160 3083 iusto
1190 3017 1387 3097 interiorem,

64 3108 181 3174 morali
204 3106 398 3172 certitudine
421 3109 455 3171 et
480 3105 659 3190 peritorum
692 3105 810 3170 iudicio
842 3105 1016 3187 aliquando
1039 3111 1192 3173 constare
1214 3111 1325 3190 potest
1354 3107 1388 3172 in

64 3197 165 3263 certis
195 3196 324 3261 casibus
354 3195 535 3260 mercedem
565 3194 651 3259 infra
680 3194 826 3260 iustitiae
856 3194 976 3260 limites
1004 3195 1156 3269 haerere;
1189 3199 1389 3279 quapropter

63 3293 151 3364 tum,
176 3286 203 3350 si
228 3285 394 3361 dominus,
419 3305 490 3349 cum
514 3284 634 3367 possit,
660 3304 732 3348 sem
757 3304 878 3365 engere
900 3304 1003 3365 usque
1027 3283 1069 3348 ad
1092 3284 1219 3349 infimos
1241 3284 1388 3350 iustitiae

63 3377 185 3441 limites
215 3374 312 3450 nolit,
348 3394 407 3456 per
437 3394 472 3438 se
502 3372 628 3450 licebit,
660 3373 730 3437 sine
759 3372 936 3448 iniustitia,
967 3373 1113 3438 laborem
1144 3394 1185 3437 ex
1216 3377 1388 3440 contractu

63 3468 268 3548 assumptum
295 3463 466 3547 deponere.

153 3570 193 3635 R.
225 3571 256 3636 3.
302 3568 421 3645 Quodsi
454 3565 614 3632 iniustitia
647 3566 848 3632 dominorum
882 3567 972 3633 clera
1005 3572 1056 3634 est
1088 3572 1122 3634 et
1151 3567 1185 3632 in
1218 3588 1388 3634 commune

63 3661 217 3725 damnum
249 3658 470 3741 operariorum
500 3677 603 3738 grave
632 3657 811 3733 redundat,
841 3656 996 3722 iniustum
1027 3678 1092 3721 non
1115 3657 1179 3723 erit
1208 3658 1308 3723 etiarn
1331 3677 1388 3723 eos

64 3749 249 3833 operarios,
281 3747 335 3830 qui
367 3747 490 3812 vellent
519 3765 658 3829 pergere
687 3767 747 3828 pro
776 3745 834 3811 illa
863 3745 1014 3810 mercede
1043 3745 1197 3811 inferiore
1227 3748 1387 3825 laborare,

63 3840 228 3904 moraliter
257 3858 379 3921 cepere,
412 3856 453 3899 ne
484 3833 625 3899 faciant:
659 3835 755 3900 modo
786 3855 826 3900 ne
855 3836 937 3901 fient
967 3838 1083 3900 contra
1114 3857 1171 3901 eos
1200 3836 1387 3913 violentiae,

64 3947 170 4008 neque
193 3926 232 4004 ii,
263 3926 376 3990 labore
400 3923 564 4007 deposito,
596 3923 628 3988 in
653 3924 805 3988 damnum
831 3923 1041 3991 conicientur.
1088 3925 1196 3991 Aliter
1219 3926 1304 3990 enim
1327 3925 1387 3990 im·

62 4016 250 4100 pedimento
275 4018 387 4091 erunt,
414 4012 585 4094 quominus
609 4013 831 4095 operariorum
855 4014 1071 4079 communitas
1095 4014 1136 4080 ad
1159 4014 1278 4080 iustam
1302 4035 1387 4079 mer·

63 4105 177 4170 cedem
201 4103 306 4187 possit
328 4101 509 4186 pervenire.

154 4210 192 4275 R.
225 4215 255 4276 4.
302 4209 461 4291 Tempore
492 4202 681 4273 contractus
711 4208 856 4291 legitime
886 4209 993 4285 finito,
1025 4208 1180 4293 operarii,
1213 4228 1255 4272 ex
1285 4207 1387 4273 libera
1397 4220 1450 4275 896

62 4299 281 4366 conventione
305 4302 403 4379 atque
427 4297 554 4362 seclusa
573 4298 657 4361 omni
683 4297 850 4363 coactione
869 4302 984 4363 contra
1000 4297 1166 4382 operarios
1183 4295 1386 4374 dissidentes,

62 4393 212 4456 statuere
235 4392 372 4471 possunt
395 4386 523 4452 labores
547 4407 611 4450 non
634 4407 800 4452 resumere
823 4407 881 4452 seu
902 4390 1106 4452 contractum
1129 4406 1194 4451 non
1217 4405 1386 4461 renovare,

61 4479 127 4545 nisi
152 4476 271 4544 domini
301 4475 495 4559 promittent
525 4475 707 4540 mercedem
738 4476 837 4541 etiam
867 4477 1031 4541 maiorem.
1078 4474 1239 4540 Videlicet
1268 4473 1388 4539 iniuste

42 4580 129 4635 ’non
145 4572 259 4650 agunt,
284 4586 480 4647 quamquam
497 4564 638 4629 tortasse
661 4564 893 4647 imprudenter,
916 4565 944 4629 si
967 4564 1148 4629 mercedem
1164 4564 1253 4628 intra
1268 4562 1388 4629 limites

60 4656 211 4724 iustitiae
234 4677 390 4721 summum
413 4653 588 4737 postulent.
