3106 5168
379 306 448 360 luris
466 306 532 361 laesi
550 309 694 378 reparatio.
715 338 748 347 —
768 309 885 363 Causae:
906 311 1062 376 cooperatio.
1316 312 1378 376 371

139 506 412 574 COOPERATIO
436 509 667 577 NEGATIVA
690 513 746 576 ET
769 511 973 578 POSITIVA
996 511 1043 575 IN
1067 510 1225 575 DAMNO
1251 512 1303 592 (Ι).

615 659 726 726 Casus.
753 667 828 734 (aar)

150 787 257 862 Scipio,
281 808 456 848 oeconomus
477 792 584 850 nobilis
600 791 664 860 viri,
686 791 767 849 videt
786 809 908 867 puerum
922 789 1053 849 excitare
1075 790 1250 856 incendium,
1273 811 1309 849 ex
1324 812 1380 867 quo

56 886 186 940 magnae
207 868 284 942 parti
306 869 399 928 silvae
420 871 569 946 impendet
590 871 736 930 interitus.
779 869 849 930 Cum
872 870 944 928 velit
965 889 1135 941 accurrere,
1159 877 1190 928 ut
1211 871 1254 929 illi
1275 871 1380 930 damno

56 946 249 1021 praeveniat,
278 949 394 1007 obvium
416 951 505 1009 hebet
526 950 707 1022 Cornelium,
736 951 784 1026 qui
813 951 909 1026 ipsum
931 950 1051 1009 divertit
1079 956 1108 1009 et
1130 951 1256 1023 detinet,
1285 952 1327 1009 ita
1348 958 1382 1010 nt

57 1046 165 1084 revera
186 1046 294 1102 magna
315 1029 408 1088 silvae
429 1050 498 1106 pars
519 1031 643 1089 flammis
665 1037 862 1090 consumatur.

57 1131 235 1200 Quaemrun
260 1136 287 1190 1⁰
314 1154 387 1209 quae
409 1136 449 1194 sit
470 1156 585 1206 eorum,
613 1136 663 1213 qui
686 1137 829 1213 positive,
852 1141 882 1195 et
903 1155 1022 1206 eorum,
1043 1135 1092 1211 qui
1113 1135 1253 1211 negativa
1275 1136 1380 1195 damno

313 1214 409 1273 alieno
431 1223 636 1293 cooperantur,
658 1216 834 1276 restituendi
855 1215 997 1290 obligatio
1019 1220 1049 1274 et
1070 1216 1149 1275 ordo.

258 1304 288 1360 2ο
313 1304 396 1378 quid,
428 1306 453 1362 si
475 1305 627 1363 Cornelius
650 1305 816 1382 Scipionem
838 1306 894 1364 hac
915 1305 1012 1363 damni
1043 1304 1189 1363 inferendi
1216 1305 1381 1364 intentione

314 1384 362 1440 vel
384 1385 412 1442 vi
435 1404 469 1442 ec
492 1387 593 1444 fraude
615 1385 794 1444 retinuisset.

652 1557 788 1623 Solutio.

149 1679 201 1743 Au
224 1700 415 1755 orreasrruu
442 1684 478 1744 1¹¹¹
508 1681 546 1746 R.
575 1683 601 1746 1.
649 1680 708 1758 Qui
739 1681 879 1765 positive
909 1681 950 1746 ad
981 1681 1121 1746 alienum
1146 1682 1299 1746 damnum
1327 1692 1442 1747 (το-735

56 1773 253 1852 operantur,
285 1770 327 1834 ad
351 1769 502 1834 damnum
527 1770 742 1853 reparandum
767 1774 937 1849 tenentur,
969 1771 1040 1834 sive
1063 1770 1287 1854 principaliter
1311 1771 1381 1836 sive

55 1858 269 1934 secundarie,
294 1858 390 1940 idque
414 1858 521 1940 quoad
544 1858 706 1940 integrum
731 1859 783 1923 vel
807 1858 947 1942 partiale
971 1859 1140 1936 damnum,
1172 1865 1270 1942 prout
1293 1859 1381 1943 prin-

55 1946 209 2030 cipaliter
232 1947 360 2030 egerint
383 1953 441 2013 aut
464 1969 538 2024 non,
562 1952 659 2031 prout
682 1948 714 2013 in
737 1952 843 2013 totum
866 1948 1019 2012 damnum
1043 1947 1221 2014 efficaciter
1243 1949 1382 2015 induxe-

55 2037 124 2102 rint
148 2043 206 2102 aut
228 2036 262 2101 in
278 2041 406 2119 partem
426 2041 570 2103 tantum:
596 2041 795 2103 excusantur
817 2037 850 2101 in
870 2037 939 2103 solo
962 2037 1023 2101 hoc
1047 2058 1135 2114 casu,
1161 2058 1223 2119 quo
1247 2042 1382 2121 propter

54 2125 254 2206 gravissima
291 2126 378 2190 mela
416 2127 548 2210 propria
586 2125 742 2191 evitanda
778 2126 836 2191 illa
874 2125 1060 2210 cooperatio
1099 2125 1243 2192 evaserit
1280 2127 1380 2195 licita.

55 2216 105 2280 uf.
132 2236 232 2298 supra
255 2237 286 2280 n.
313 2217 386 2281 732.

147 2311 185 2378 R.
207 2315 236 2378 2.
277 2311 337 2389 Qui
361 2312 514 2395 negative
538 2316 731 2396 cooperatus
755 2316 806 2377 est
829 2334 893 2377 non
916 2311 1183 2397 impediendaei
1206 2313 1380 2379 restituere

56 2407 206 2479 tenetur,
238 2404 370 2467 tenetur
389 2410 459 2486 post
482 2422 573 2479 eum,
605 2402 695 2466 cuius
719 2401 879 2467 actionem
903 2423 966 2466 non
991 2402 1176 2486 impedivit,
1208 2402 1271 2467 nisi
1293 2402 1380 2468 forte

55 2491 109 2556 hic
133 2490 202 2555 sive
226 2490 421 2556 naturaliter
444 2490 513 2555 sive
537 2490 689 2572 legaliter
711 2512 774 2555 non
798 2490 842 2556 sit
864 2490 914 2555 sui
941 2491 1037 2568 iuris,
1069 2491 1117 2557 ita
1140 2495 1177 2557 ut
1200 2492 1269 2556 eius
1293 2492 1380 2557 actio

55 2602 131 2645 cum
161 2580 302 2661 aequalis
332 2580 509 2662 potinem,
541 2580 594 2662 qui
619 2581 688 2644 eius
711 2601 821 2645 curem
849 2579 936 2663 agit,
967 2580 1165 2664 imputetur,
1196 2602 1294 2663 quam
1317 2580 1379 2664 ipsi

56 2670 168 2734 damni
191 2669 319 2734 auctori
341 2669 493 2752 positive.

149 2766 185 2831 R.
211 2769 239 2831 3.
288 2766 334 2831 Ut
358 2771 467 2831 autem
495 2766 524 2830 is
555 2769 729 2848 utcumque
759 2766 801 2831 ad
832 2765 1072 2832 restitutionem
1097 2767 1136 2831 ob
1161 2767 1314 2831 damnum
1338 2767 1379 2831 ab
1390 2775 1441 2828 736

55 2855 163 2921 altero
186 2854 313 2920 illatum
338 2859 507 2930 teneatur,
538 2855 650 2921 debuit
674 2855 836 2938 obligatus
864 2876 936 2920 esse
966 2855 1008 2919 ad
1038 2855 1277 2938 impediendum
1300 2855 1380 2920 illud

56 2945 210 3008 damnum
237 2965 300 3008 non
325 2965 366 3007 ex
391 2944 530 3008 caritate
553 2948 698 3019 tantum,
730 2944 788 3008 sed
813 2966 855 3009 ex
878 2944 1021 3022 iustitia,
1046 2943 1116 3009 sive
1138 2948 1274 3027 propter
1297 2944 1379 3008 rela-

55 3034 180 3098 tionem
204 3033 301 3096 otficii
320 3053 415 3113 quam
440 3033 540 3098 habet
563 3054 641 3116 erga
665 3033 918 3109 damnificatum,
942 3033 1012 3097 sive
1036 3037 1171 3115 propter
1194 3053 1265 3096 eam
1282 3053 1378 3113 quarn

55 3123 157 3187 habet
187 3142 266 3204 erga
297 3121 591 3188 damnificatorem:
624 3123 656 3185 in
687 3142 750 3202 quo
783 3122 963 3205 posteriore
996 3143 1090 3198 casu,
1124 3125 1161 3186 ut
1191 3120 1275 3196 dixi,
1308 3122 1379 3185 fieri

55 3215 184 3295 potest,
216 3216 252 3276 ut
282 3216 435 3277 teneatur
458 3232 612 3294 reparare
636 3211 787 3275 damnum
819 3209 1042 3294 principaliter
1064 3231 1121 3275 seu
1153 3214 1230 3275 ante
1254 3208 1379 3274 damni·

55 3304 236 3366 ficatorem.

147 3389 245 3455 Ratio
269 3393 395 3465 autem,
421 3410 479 3453 eur
502 3390 605 3453 solum
629 3388 693 3464 ille,
719 3387 774 3470 qui
797 3408 839 3451 ex
862 3387 988 3452 iustitia
1011 3391 1180 3466 teneatur,
1205 3386 1379 3453 restituere

10 3520 15 3528 ·
56 3479 193 3554 debeat,
225 3499 264 3542 ea
288 3482 354 3555 est,
387 3479 471 3559 quod
501 3481 636 3561 propter
660 3478 763 3542 solam
795 3480 914 3541 laesam
946 3479 1116 3558 iustitium,
1150 3499 1214 3543 non
1244 3481 1381 3562 propter

54 3570 180 3633 laesam
199 3566 371 3632 caritatem
395 3567 436 3630 ad
452 3566 691 3632 restitutionem
709 3565 879 3648 quisquam
896 3565 1067 3646 obligetur.
1107 3566 1144 3630 In
1160 3567 1379 3652 applicatione

54 3664 169 3723 tamen
193 3661 288 3721 caute
312 3655 576 3721 circumstantiae
601 3655 856 3719 considerandae
879 3659 971 3731 sunt,
997 3653 1073 3735 quia
1096 3656 1166 3720 fieri
1189 3661 1316 3740 potest,
1342 3662 1380 3723 ut

54 3748 130 3821 ille,
162 3745 215 3827 qui
240 3745 282 3809 ad
306 3745 457 3808 damnum
488 3744 566 3808 illud
597 3743 835 3827 impediendum
866 3743 1053 3807 immediate
1077 3744 1206 3825 quidem
1236 3766 1278 3810 ex
1308 3748 1379 3812 sola

54 3836 197 3901 caritate
220 3838 382 3909 teneatur,
407 3833 517 3898 laedat
541 3837 650 3898 tamen
674 3833 816 3898 mediate
839 3833 1008 3898 iustitiam.

146 3949 200 4011 Au
216 3968 406 4021 ounnsrrun
423 3951 461 4011 2¹¹¹
484 3947 523 4013 R.
544 3950 571 4013 1.
614 3947 731 4031 Scipio,
756 3947 784 4012 si
808 3968 1003 4013 oeconomus
1026 3947 1098 4025 fuit,
1124 3947 1178 4029 qui
1201 3947 1234 4012 in
1257 3964 1440 4029 genere737

54 4041 214 4104 bonorum
232 4037 350 4101 domini
374 4037 423 4100 sui
448 4058 559 4101 curam
582 4036 734 4113 habebat,
759 4058 801 4101 ex
817 4037 923 4101 officio
947 4058 1005 4101 suo
1027 4056 1085 4101 seu
1109 4058 1150 4101 ex
1173 4037 1299 4104 iustitia
1323 4038 1379 4101 ob-

55 4129 180 4210 ligatus
199 4130 272 4191 erat
293 4125 467 4207 invigilare
491 4131 525 4192 et
541 4126 660 4191 damne
682 4126 904 4209 impendentia
920 4130 1081 4191 avertere.
1121 4127 1255 4203 Quando
1279 4125 1380 4209 igitur

54 4215 342 4283 animadvertebat
373 4214 554 4279 incendium
589 4215 745 4290 excitari,
779 4236 842 4297 quo
875 4215 971 4279 rebus
1002 4215 1123 4279 domini
1156 4217 1203 4279 sui
1237 4219 1270 4280 et
1302 4235 1379 4279 con-

53 4310 234 4388 sequenter
258 4303 385 4368 domino
410 4325 468 4368 suo
493 4304 645 4368 damnum
668 4304 862 4380 inferretur,
888 4304 1028 4369 debebat
1052 4325 1094 4368 ex
1117 4304 1242 4369 iustitia
1265 4324 1379 4367 accur-

53 4416 129 4462 rere
154 4397 191 4458 ut
206 4393 394 4476 impediret;
420 4397 454 4458 et
478 4392 506 4457 si
529 4416 656 4478 prooem
680 4393 923 4474 neglegentiam
940 4393 1110 4470 commisit,
1136 4397 1172 4456 ut
1188 4396 1380 4473 cooperator

54 4483 233 4567 negativus
257 4482 298 4546 ad
322 4482 505 4564 reparanda
530 4483 648 4546 damna
672 4482 846 4564 obligatur.

147 4572 258 4638 Solum
283 4571 459 4636 difficultas
487 4571 623 4636 excitari
655 4574 764 4653 potest
798 4592 839 4635 ex
872 4591 910 4634 eo
942 4571 1026 4651 quod
1051 4568 1199 4633 dominus
1228 4588 1292 4631 non
1322 4588 1379 4630 ne·

52 4662 201 4731 cessario
218 4662 370 4726 damnum
394 4660 549 4742 patiatur,
575 4660 705 4724 sedvel
731 4681 808 4725 arca
831 4658 1094 4735 assecurationiS,
1120 4656 1146 4719 si
1171 4677 1224 4720 res
1248 4676 1380 4721 assecu-

1108 4761 1166 4812 24*
