3106 5168
64 296 135 351 luris
147 295 215 352 laesi
227 296 406 367 reparatio-
417 314 452 350 ex
461 296 566 350 actione
576 296 766 351 damnifioaute
776 314 836 350 cum
846 299 925 366 adpo
934 299 1077 367 theolopr'oa
1087 305 1135 351 oret
1142 299 1272 351 iuridtca.
1320 301 1384 365 347

62 492 138 536 eum
168 470 342 536 excludere
372 474 492 554 potest.
544 472 615 538 Lex
646 471 732 538 euim
762 472 1003 550 ecclesiastica,
1035 494 1119 554 quae
1149 472 1266 540 victori
1295 473 1385 539 iubet

62 559 256 625 beneficium
280 559 445 637 conferre,
475 560 523 625 illi
552 565 627 644 post
656 561 780 628 factum
811 561 989 644 periculum
1020 565 1055 627 et
1081 561 1300 627 condicionem
1324 563 1384 627 irn-

62 649 188 803 plpltamd
212 670 255 714 ex
277 649 370 730 quasi
394 654 565 716 contractu
595 651 778 732 rigorosum
807 651 858 716 ius
881 651 1009 717 confert
1038 672 1102 716 non
1129 650 1162 715 in
1186 672 1222 716 rc
1245 651 1384 732 quidem,

62 759 100 805 se
145 759 166 804 a
212 759 290 804 rem.
436 759 439 765 ·

153 835 261 913 Quare
276 835 406 900 dubium
431 857 496 900 non
512 836 651 914 videtur,
676 837 752 919 q'uin
769 836 905 901 Rufinus
927 840 1082 903 teneatur
1097 837 1137 915 ei,
1162 837 1216 919 qui
1232 837 1386 903 damnum

62 946 181 1008 passus
197 925 251 1003 sit,
276 924 428 989 damnum
444 945 615 1008 reparare;
639 924 738 990 immo
754 925 781 990 si
803 925 963 991 iniustitia
978 929 1081 1010 patet,
1105 926 1318 992 retractanda
1334 932 1386 994 est

62 1013 211 1169 gpnepipii
234 1013 500 1168 collIati90÷2atque
515 1014 603 1080 actio
625 1014 785 1081 iudicialis
802 1015 842 1080 de
861 1015 952 1080 laesa
975 1015 1101 1082 iustitia
1123 1015 1239 1081 instrui
1263 1020 1384 1099 potest.

105 1154 111 1169 .
190 1125 313 1181 .m.,
406 1154 412 1168 .

153 1200 270 1266 Modus
298 1204 409 1266 autem
439 1201 614 1283 reparandi
638 1200 746 1266 damni
776 1201 950 1283 aliquando
980 1222 1044 1267 non
1076 1201 1123 1268 ita
1152 1199 1293 1266 difficilis
1323 1206 1383 1267 est.

62 1289 152 1355 Nam
170 1290 197 1354 si
213 1289 351 1354 Rufinus
373 1310 488 1354 curare
512 1294 631 1373 potest,
656 1294 693 1356 ut
716 1290 781 1369 ille,
806 1311 901 1372 quem
924 1290 1044 1356 iniuste
1067 1289 1263 1374 postposuit,
1287 1290 1385 1356 bene·

62 1380 173 1444 ficium
196 1379 336 1444 alterum
360 1398 464 1459 aeque
488 1379 606 1444 bonum
630 1379 777 1462 recipiat,
802 1380 955 1445 damnum
978 1384 1166 1463 reparatum
1191 1378 1331 1446 exsistit.

153 1493 192 1558 R.
218 1496 248 1559 2.
295 1493 333 1557 ln
361 1493 543 1577 posteriore
573 1515 651 1560 casu
681 1494 833 1560 custodes
863 1494 1042 1562 sanctuarii
1072 1495 1113 1561 ad
1144 1495 1385 1577 eleemosynam
1395 1504 1446 1560 686

62 1581 155 1648 illam
184 1603 327 1648 annuam
356 1582 407 1647 ius
437 1582 587 1649 strictum
617 1583 783 1649 habebunt
812 1583 944 1650 nullum.
992 1583 1198 1669 Quapropter
1226 1584 1253 1649 si
1280 1583 1387 1649 Rufus

62 1675 199 1755 propter
221 1671 410 1755 impeditam
439 1670 530 1737 illam
552 1673 794 1756 eleemosynam
823 1673 863 1739 ad
891 1671 1133 1740 restitutionem
1156 1676 1304 1750 tenetur,
1335 1676 1386 1738 to·

63 1765 238 1915 pepurtmr
272 1761 350 1825 solis
387 1760 516 1827 iniustis
554 1761 708 1828 adhibitis
746 1761 879 1827 mediis:
919 1783 1003 1844 quae
1041 1762 1233 1845 singillatim
1268 1761 1386 1828 discuti

87 1870 194 1915 een.

153 1955 192 2020 R.
210 1957 241 2020 3.
277 1954 368 2031 Quod
391 1955 497 2037 egerit
520 1977 562 2020 ex
586 1955 669 2032 odio,
692 1956 844 2039 peccavit
860 1955 1000 2038 quidem,
1024 1956 1081 2020 sed
1105 1955 1246 2020 nondum
1271 1959 1387 2023 contra

63 2043 234 2121 iustitiam,
259 2044 321 2108 nisi
345 2045 451 2110 media
474 2044 541 2111 sint
564 2068 599 2109 re
620 2044 751 2112 iniusta.
792 2045 942 2110 Occurrit
965 2045 1069 2128 primo
1085 2049 1278 2127 praetextus
1294 2046 1385 2110 vale·

63 2133 187 2199 tudinis
216 2132 359 2215 periculo
390 2155 453 2198 non
483 2134 712 2217 exponendae,
743 2154 807 2216 quo
835 2134 991 2198 dissuasit
1020 2133 1123 2198 amico
1154 2134 1218 2200 iter
1242 2133 1320 2198 illud
1351 2139 1386 2200 et

63 2226 303 2304 consequenter
325 2222 442 2299 effecit,
466 2243 507 2287 ne
531 2223 700 2288 occasione
722 2221 849 2288 itineris
873 2223 1006 2288 daretur
1029 2223 1246 2305 eleemosyna.
1294 2222 1386 2287 Haec

63 2312 156 2377 fraus
180 2310 308 2393 quidem
333 2315 399 2388 est,
431 2310 488 2375 sed
519 2310 676 2394 imprimis
699 2311 790 2376 fraus
814 2316 887 2376 erat
911 2332 992 2393 erga
1015 2310 1170 2388 amicum,
1201 2332 1266 2394 qua
1289 2332 1385 2376 aver·

63 2404 192 2467 teretur
222 2401 262 2465 ob
292 2403 420 2482 itinere,
451 2419 516 2465 uon
547 2400 754 2466 detinebatur
784 2401 825 2466 ab
856 2400 1079 2484 eleemosyna:
1110 2400 1194 2465 hanc
1223 2399 1325 2477 enim,
1356 2400 1384 2465 si

63 2489 178 2566 voluit,
203 2488 302 2555 etiam
326 2489 433 2572 potuit
456 2488 596 2555 mittere.
636 2489 756 2566 Quodsi
779 2511 843 2554 nou
867 2490 964 2567 misit,
988 2490 1021 2554 id
1043 2489 1125 2555 satis
1145 2488 1288 2555 ostendit
1311 2509 1385 2554 euru

62 2599 128 2643 nou
152 2577 289 2643 invitum
315 2599 463 2643 cessasse
486 2580 527 2643 ab
551 2578 774 2663 eleemosyna,
806 2584 905 2661 atque
927 2579 1008 2644 illud
1031 2578 1184 2644 damnum
1207 2578 1385 2644 sanctuarii

62 2688 106 2733 ex
129 2667 340 2751 persuasione
356 2667 429 2732 Rufi
452 2673 598 2734 secutum
624 2689 695 2734 esse
717 2689 777 2751 per
797 2669 948 2733 accidens
972 2672 1007 2734 et
1022 2669 1116 2749 quasi
1139 2688 1181 2732 ex
1205 2667 1384 2742 occasione,

62 2777 127 2821 non
147 2760 314 2838 tamquam
332 2777 374 2821 ex
394 2777 503 2823 causa.
543 2757 705 2823 Existimo
728 2756 830 2840 igitur
852 2757 913 2821 hoc
935 2757 1032 2823 titulo
1050 2757 1169 2823 Rufum
1193 2778 1257 2821 non
1280 2756 1385 2822 teneri

62 2845 105 2911 ad
140 2845 380 2911 resarciendam
412 2847 600 2912 sanctuario
634 2851 801 2929 speratam
836 2846 925 2910 illam
961 2847 1211 2928 eleemosynam.
1266 2846 1384 2928 Lnga

62 2939 175 3001 tamen
198 2936 248 3000 De
270 2938 343 3001 iust.
369 2938 489 3001 otiare
512 2935 541 3000 d.
569 2937 619 3013 18,
644 2957 675 3001 n.
702 2939 764 3001 100
788 2935 934 3000 severius
956 2934 1088 3000 iudicat.

153 3049 192 3116 n.
224 3053 254 3116 4.
307 3048 443 3115 Accedit
477 3050 562 3132 quod
598 3049 703 3115 Rufus
741 3050 863 3115 directe
899 3049 1019 3116 dixerit
1051 3049 1273 3114 sanctuarium
1305 3048 1384 3113 illud
1395 3060 1446 3115 687

63 3137 146 3204 satis
169 3159 330 3222 superque
347 3137 522 3222 possidere,
547 3142 646 3221 atque
662 3143 777 3223 aperte
792 3139 933 3204 suaserit
949 3139 1063 3216 amico,
1088 3159 1129 3202 ns
1145 3137 1384 3219 eleemosynam

64 3227 240 3294 conferret.
286 3227 398 3304 Quoad
421 3229 505 3292 hano
528 3229 712 3294 suasionem
736 3226 840 3293 videri
863 3227 976 3306 debet,
1008 3249 1084 3292 num
1114 3226 1198 3291 ratio
1228 3248 1303 3291 vera
1330 3225 1383 3292 sit.

63 3315 180 3382 Suasio
203 3316 288 3382 enim
313 3337 376 3382 non
400 3337 536 3382 erronea
560 3338 664 3398 neque
686 3317 897 3383 fraudulenta
920 3321 1034 3382 contra
1058 3315 1231 3381 caritatem
1256 3313 1385 3396 quidem

64 3409 133 3484 est,
165 3405 193 3470 si
216 3427 257 3471 ex
282 3406 355 3471 odio
379 3406 499 3484 oritur,
531 3410 645 3472 contra
668 3406 828 3473 iustitiam
856 3409 1010 3483 nonest,
1043 3404 1119 3486 quia
1142 3424 1247 3486 neque
1271 3407 1386 3469 contra

64 3494 256 3560 donatorem
279 3515 384 3577 neque
408 3499 522 3561 contra
546 3495 752 3562 donatarium
774 3493 967 3561 iniustitiam
992 3494 1147 3560 continet.
1194 3492 1241 3558 uf.
1267 3493 1385 3577 Lugo

63 3584 85 3650 l.
102 3605 129 3650 c.
154 3606 185 3648 n.
210 3586 262 3650 98.
311 3584 373 3650 Sed
397 3583 424 3647 si
448 3584 532 3649 ratio
556 3583 669 3650 addita
690 3584 780 3667 falso
804 3588 864 3662 est,
890 3604 993 3665 eaque
1016 3583 1090 3648 Rufi
1114 3581 1253 3648 amicum
1277 3582 1385 3648 deter-

63 3671 212 3751 minavit,
236 3693 278 3737 ne
294 3672 533 3756 eleemosynam
551 3673 633 3738 alias
649 3673 786 3739 daturus
802 3674 905 3751 daret,
922 3673 1027 3737 Rufus
1043 3675 1176 3738 tenetur
1190 3670 1385 3738 iniustitiam

63 3782 228 3845 reparare.
266 3761 362 3828 Multi
385 3766 463 3827 sunt
486 3762 540 3843 qui
565 3782 637 3827 eum
662 3763 810 3844 obligant
832 3762 874 3827 ad
897 3761 1127 3827 conferendam
1144 3762 1386 3845 eleemosynam

64 3851 154 3916 illam
175 3871 217 3916 ex
241 3851 318 3928 suis,
341 3851 515 3934 siquando
538 3851 662 3915 amicus
684 3852 826 3916 noluerit
849 3850 989 3934 amplius
1004 3851 1093 3928 dare,
1119 3849 1182 3915 etsi
1205 3849 1385 3916 falsitatem

63 3939 202 4006 rationis
218 3940 340 4006 allatae
356 3940 490 4006 edoctus
506 3939 558 4005 sit.
590 3941 655 4005 Alii
670 3945 789 4023 putant
804 3940 964 4017 sufficere,
989 3943 1026 4005 ut
1042 3939 1147 4004 Rufus
1163 3939 1301 4004 amicum
1319 3939 1386 4004 sin·

65 4050 139 4095 cere
163 4029 336 4096 veritatem
361 4029 478 4096 doceat
501 4050 639 4111 eumque
661 4034 766 4112 roget,
791 4035 828 4094 ut
850 4028 980 4095 solitam
1005 4028 1245 4111 eleemosynam
1270 4028 1385 4094 donet:

64 4118 122 4196 ita,
147 4118 175 4182 si
198 4118 321 4183 amicus
344 4118 377 4183 in
393 4118 580 4184 condicione
604 4119 700 4202 plane
724 4119 838 4184 eadem
854 4117 1012 4184 manserit
1035 4139 1140 4200 neque
1163 4118 1263 4181 ullum
1280 4117 1386 4181 maius

64 4207 302 4272 incommodum
325 4208 465 4274 senserit
494 4208 527 4272 iu
552 4208 761 4291 eleemosyna
783 4229 868 4273 nunc
891 4207 1106 4282 conferenda;
1136 4205 1252 4287 quodsi
1275 4212 1385 4270 autem

65 4301 194 4363 mutata
209 4297 380 4362 voluntate
403 4298 486 4363 nolit
508 4297 648 4380 amplius
671 4298 910 4379 eleemosynam
927 4296 1015 4370 dare,
1039 4295 1072 4360 id
1095 4315 1159 4359 non
1176 4315 1247 4358 esse
1271 4298 1386 4360 contra

64 4385 288 4452 sanctuarium
317 4386 488 4463 iniustum,
520 4406 624 4468 neque
654 4386 746 4469 proin
777 4385 935 4451 committi
959 4406 979 4450 a
1002 4383 1088 4449 Rufo
1118 4382 1240 4463 aliquid
1271 4387 1387 4448 cantra

65 4475 288 4542 sanctuarium
321 4474 498 4540 efficaciter
528 4475 657 4546 iniusti;
694 4474 849 4541 iniustum
882 4474 966 4538 enirn
997 4471 1197 4537 solummodo
1231 4492 1320 4547 esse,
1358 4471 1386 4535 si

65 4566 162 4630 incito
192 4567 293 4630 amico
322 4563 543 4630 sanctuarium
574 4565 664 4630 lucro
694 4563 750 4629 illo
777 4564 940 4647 privetur,
972 4582 1076 4643 neque
1100 4559 1224 4625 amicus
1247 4559 1387 4643 amplius

65 4654 111 4719 sit
133 4654 166 4719 iu
190 4674 231 4719 ea
253 4653 441 4719 condicione
464 4658 501 4720 ut
524 4653 692 4719 commode
714 4652 818 4737 possit
842 4652 930 4717 dare.
