3106 5168
149 261 212 326 170
360 255 400 311 Da
420 255 568 311 virtutibus
586 258 614 311 st
632 254 731 310 officiis
748 272 814 324 arga
832 253 927 310 Deum.
947 256 1092 311 —Virtus
1110 255 1257 326 religionis.

235 432 275 498 It.
300 434 330 498 3.
377 431 467 510 Quod
492 435 602 498 autem
633 431 804 498 concilium
835 432 1018 516 plenarium
1040 432 1214 501 Americae
1242 434 1366 501 latinae
1389 435 1473 502 hanc

147 520 331 607 opinionem
355 519 492 604 elegerit
521 525 557 586 et
585 521 627 586 ab
654 520 716 588 hac
740 520 890 605 opinione
913 522 1150 606 proficiscatur,
1175 524 1305 606 quando
1329 523 1475 608 explicat

147 631 283 676 munera
306 610 543 692 religiosorum,
571 630 677 692 neque
699 609 767 676 vim
788 609 873 692 legis
895 610 1006 690 habet,
1030 632 1136 695 neque
1159 612 1368 680 authenticae
1391 613 1474 697 legis

148 698 438 784 interpretationis,
463 699 521 765 sed
543 698 665 766 limites
688 698 873 766 sententiae
896 703 1130 767 controversae
1152 722 1218 768 noa
1240 701 1380 770 excedit.

85 831 137 887 337
236 826 289 889 An
312 843 504 900 ouausrrux
528 825 568 887 2¹¹²
590 822 629 890 R.
653 826 681 889 1.
720 822 914 906 Praecepta,
938 843 1022 906 quae
1045 822 1080 888 vi
1102 824 1173 891 voti
1195 823 1340 906 religiosi
1359 825 1474 892 stricte

148 917 225 980 sunt
241 911 406 996 imposita,
430 932 505 978 cum
520 912 695 989 violantur,
720 911 876 989 efficiunt,
901 915 939 977 ut
953 911 1080 978 malitia
1095 912 1183 980 adsit
1198 912 1233 978 in
1246 913 1356 997 specie
1371 917 1474 980 sacm-

146 1005 230 1089 lepti,
246 1002 304 1068 sed
320 1022 385 1066 non
397 1000 554 1078 efficiunt,
570 1006 608 1069 ut
622 1000 770 1067 malitiae
785 1001 933 1085 specifice
949 1001 1016 1067 sint
1028 1001 1213 1080 distinctae,
1230 1001 1293 1068 etsi
1308 1023 1363 1068 res
1378 1023 1475 1087 prae·

147 1095 262 1175 ceptae
285 1089 507 1158 moralitatem
530 1089 680 1173 specifice
704 1089 868 1156 diversam
890 1090 1013 1156 habent
1036 1111 1078 1156 ex
1101 1111 1146 1158 se.
1187 1090 1372 1176 Praecepta
1394 1113 1474 1158 vero

146 1180 180 1246 vi
195 1179 428 1247 iurisdictionis
442 1178 606 1264 imposita,
623 1199 708 1263 quae
723 1178 898 1256 violantur,
915 1183 1049 1246 sumunt
1063 1183 1272 1263 peccatorum
1289 1180 1474 1264 specificam

147 1269 306 1336 malitiam
337 1290 380 1335 ex
407 1268 488 1353 ipsis
517 1268 654 1334 obiectis
676 1269 861 1353 praeceptis
890 1269 923 1333 in
953 1289 990 1334 se
1019 1268 1192 1352 spectatis,
1222 1269 1371 1353 adeoque
1397 1270 1474 1336 illae

146 1357 426 1443 transgressiones
449 1356 654 1424 constituunt
681 1361 821 1441 peecata
849 1357 958 1442 specie
988 1357 1136 1436 diversa,
1165 1362 1265 1442 prout
1295 1379 1349 1423 res
1379 1379 1475 1442 praa·

148 1451 264 1533 ceptae
287 1448 328 1513 ad
352 1446 501 1513 diversas
523 1446 664 1512 virtutes
688 1446 742 1512 vel
765 1445 896 1512 diversa
918 1445 1078 1512 virtutum
1108 1446 1268 1513 exercitia
1296 1447 1473 1531 pertinent,
1505 1485 1508 1488 ·

148 1558 253 1620 neque
275 1536 374 1602 aliam
397 1535 557 1601 malitiam
581 1534 744 1617 sacrilegii
767 1555 826 1619 per
849 1556 885 1601 se
908 1535 1044 1602 addunt.

237 1633 322 1699 Hinc
346 1636 413 1711 est,
444 1636 482 1699 ut
503 1632 601 1698 iidem
625 1637 734 1711 actus,
765 1633 793 1697 si
816 1633 851 1698 vi
873 1632 944 1698 voti
966 1631 1119 1717 imperati
1142 1653 1208 1699 non
1233 1638 1400 1717 ponuntur
1422 1633 1476 1699 vel

148 1723 303 1807 prohibiti
317 1726 492 1807 ponuntur,
512 1721 687 1803 aliquando
702 1721 870 1800 leviorem,
890 1721 1063 1805 aliquando
1082 1720 1153 1788 fere
1169 1722 1352 1804 aequalem,
1376 1743 1475 1806 saepe

148 1812 333 1894 graviorem
350 1810 509 1877 malitiam
526 1810 737 1888 constituant,
755 1831 852 1892 quam
874 1831 913 1876 ea
935 1815 995 1890 est,
1013 1831 1097 1893 quae
1112 1815 1248 1896 propter
1262 1816 1474 1896 praeceptum

150 1900 384 1967 iurisdictionis
406 1900 530 1966 laesum
555 1898 812 1966 contraheretur.

87 2035 140 2090 338
238 2007 277 2072 R.
303 2008 333 2071 2.
379 2004 489 2071 Etiam
520 2024 562 2069 ex
586 2003 716 2070 diversa
739 2003 909 2086 utriusque
938 2004 1116 2088 potestatis
1138 2008 1259 2071 natura
1282 2004 1476 2090 diversoque

149 2095 218 2162 eius
241 2097 305 2160 fine
329 2094 494 2176 sequitur,
525 2113 599 2159 esse
628 2092 774 2172 obiecta,
805 2113 889 2175 qnae
912 2092 946 2158 vi
976 2093 1061 2171 voti,
1093 2114 1159 2159 non
1181 2093 1215 2158 vi
1244 2093 1477 2161 iurisdictionis

150 2184 293 2269 praecipi
316 2182 459 2267 possiut;
485 2182 584 2248 etiam
608 2202 657 2261 ea,
682 2182 824 2264 quaeri
847 2181 1088 2262 iurisdictionis,
1111 2203 1177 2248 non
1200 2182 1234 2247 vi
1257 2182 1328 2249 voti
1350 2185 1478 2268 possint

149 2294 281 2358 imponi.

237 2370 275 2435 ln
298 2367 520 2453 superioribus
535 2367 698 2451 religiosis
712 2366 793 2452 ipsis
809 2370 958 2451 potestas
980 2367 1014 2432 vi
1030 2367 1100 2435 voti
1115 2367 1246 2434 iubendi
1262 2368 1477 2436 communiter

149 2461 246 2541 longe
268 2458 368 2525 latius
391 2460 485 2542 patet
507 2479 606 2541 quam
627 2462 777 2541 potestas
799 2456 1031 2523 iurisdictionis
1062 2457 1148 2523 nude
1177 2478 1220 2523 ex
1248 2478 1286 2523 se
1315 2462 1475 2542 spectata.

149 2549 237 2615 Nam
259 2551 409 2632 potestas
431 2547 465 2611 vi
488 2547 558 2613 voti
587 2545 719 2611 iubendi
748 2545 791 2612 ad
820 2545 929 2612 omnia
958 2546 1158 2625 extenditur,
1183 2567 1267 2628 quae
1290 2547 1415 2630 regulis
1444 2551 1477 2613 et

150 2635 437 2704 constitutionibus
459 2635 627 2718 religionis
651 2635 831 2701 conformia
853 2639 946 2701 sunt:
970 2635 1052 2701 haec
1076 2639 1184 2702 autem
1210 2637 1375 2701 excedunt
1393 2636 1476 2701 mul·

149 2732 219 2793 tum
244 2747 292 2804 ea,
318 2726 360 2792 ad
383 2745 467 2807 quae
490 2729 643 2808 respectu
661 2724 737 2789 boni
754 2723 934 2789 communis
957 2723 1004 2806 (id
1025 2724 1111 2790 enim
1131 2723 1313 2790 iurisdictio
1328 2724 1476 2809 respicit)

150 2815 336 2894 christiani,
367 2814 468 2880 etiam
496 2814 626 2881 ratione
649 2813 853 2878 diversorum
877 2815 1023 2880 statuum
1053 2811 1183 2891 habita,
1214 2813 1402 2895 obligentur
1423 2813 1476 2879 vel

149 2904 364 2971 communiter
387 2902 525 2985 obligari
548 2901 684 2987 possint.
730 2901 806 2967 Non
828 2906 941 2968 tamen
964 2901 1155 2985 negaverim
1183 2911 1255 2987 poet
1276 2911 1474 2988 paeceptum

149 2998 181 3059 oi
214 2996 275 3059 voti
308 2995 489 3079 impositum
523 2990 603 3057 illud
638 3011 756 3073 urgere
789 3011 886 3074 posse
920 2992 1120 3074 superiorem
1155 2991 1256 3057 etiam
1289 3011 1350 3075 per
1383 3012 1476 3058 suam

149 3082 380 3149 iurisdictionis
403 3084 613 3166 potestatem.
660 3079 753 3157 Quod
776 3080 970 3162 quandoque
998 3079 1032 3145 in
1055 3080 1154 3145 rebus
1176 3079 1384 3162 gravioribus
1407 3080 1476 3147 fieri

149 3174 235 3239 solet
258 3192 317 3256 per
340 3171 571 3237 auctoritatem
602 3169 636 3234 in
660 3168 773 3234 ordine
796 3190 992 3251 supremam,
1017 3169 1146 3251 quando
1169 3169 1240 3235 soil.
1264 3174 1476 3254 praeceptum

149 3260 375 3328 oboedientiae
389 3259 569 3343 imponitur
592 3264 626 3325 et
649 3258 745 3324 simul
768 3258 927 3324 statuitur
942 3278 1049 3342 poena
1064 3257 1287 3324 ecclesiastica
1310 3258 1343 3323 in
1366 3262 1476 3324 trans·

151 3372 333 3435 gressuros.

238 3447 276 3512 In
301 3448 432 3513 Summo
455 3445 612 3511 Pontifice
635 3466 715 3510 vero
745 3447 894 3529 potestas
924 3442 1173 3522 iurisdictionis,
1203 3443 1231 3509 si
1261 3465 1377 3510 severe
1408 3466 1476 3511 rem

150 3537 322 3614 sumimus,
356 3535 456 3602 latius
478 3539 572 3620 patet
594 3535 628 3600 in
651 3534 821 3617 religiosos
845 3554 942 3616 quam
965 3536 1115 3617 potestas
1136 3533 1195 3598 illa
1218 3533 1423 3600 dominativa
1445 3533 1476 3599 vi

150 3626 219 3692 voti
249 3626 437 3691 immediate
467 3624 646 3701 exsistens,
677 3622 807 3689 etiamsi
837 3623 870 3688 in
899 3621 980 3706 ipsis
1003 3622 1089 3689 votis
1119 3621 1345 3705 religiosorum
1376 3623 1476 3688 semel

150 3719 392 3799 assumptorum
408 3715 490 3780 haec
506 3712 739 3778 iurisdictionis
755 3715 931 3797 amplitudo
955 3732 997 3777 ex
1020 3711 1165 3777 maxima
1187 3717 1282 3795 parte
1300 3711 1475 3779 radicetur.

150 3804 368 3870 Nihilominus
392 3802 525 3868 rarioris
548 3823 626 3867 usus
649 3801 730 3866 haec
752 3801 982 3867 iurisdictionis
1003 3804 1152 3885 potestas
1176 3820 1249 3866 csse
1272 3801 1379 3878 debet,
1405 3822 1476 3867 cum

150 3894 305 3958 fundetur
327 3892 360 3956 in
384 3891 524 3974 quadam
541 3889 738 3955 necessitate
756 3890 833 3955 boni
853 3890 1031 3955 communis
1055 3890 1126 3956 sive
1149 3911 1207 3974 pro
1224 3890 1383 3968 Ecclesia,
1407 3891 1476 3955 sive

152 4003 210 4066 pro
241 3981 354 4046 ordine
382 3980 546 4063 religioso.
594 3978 800 4063 Quapropter
829 3979 868 4044 R.
893 3980 1048 4045 Pontifex
1071 3980 1105 4044 vi
1135 3978 1383 4056 iurisdictionis,
1414 4000 1477 4044 non

152 4071 185 4135 vi
202 4070 273 4136 voti
296 4070 407 4134 iubere
426 4068 597 4152 religiosos
620 4073 731 4152 potest
753 4090 785 4134 v.
802 4090 834 4150 g.
859 4067 1023 4152 suscipere
1040 4068 1274 4153 episcopatum,
1299 4068 1354 4133 vel
1373 4068 1477 4134 refor-

152 4159 328 4226 mationem
352 4157 474 4224 ordinis
497 4157 578 4241 pati.

240 4255 407 4322 Breviter:
438 4256 592 4322 Potestas
615 4253 862 4332 iurisdictionis,
888 4253 988 4320 etiam
1012 4254 1141 4337 quando
1165 4255 1208 4320 ad
1229 4255 1325 4338 plura
1348 4254 1476 4321 obiecta

152 4346 341 4413 extenditur
364 4366 462 4427 quam
481 4348 630 4428 potestas
653 4344 687 4408 vi
710 4343 779 4409 voti
802 4343 943 4421 iubendi,
967 4344 1152 4426 graviorem
1170 4364 1304 4409 causam
1319 4344 1475 4427 postulat,

152 4441 189 4504 ut
212 4437 421 4509 exeroeatnr;
453 4455 537 4516 quae
560 4434 594 4497 vi
618 4433 687 4499 voti
709 4432 835 4514 iniungi
857 4438 1010 4516 possunt,
1045 4455 1087 4498 ex
1110 4454 1210 4498 causa
1233 4433 1329 4516 longe
1352 4432 1475 4498 minore

152 4524 277 4606 iniungi
307 4527 460 4607 possunt,
494 4524 591 4587 immo
624 4522 746 4588 sufficit
777 4523 848 4587 sola
879 4522 1084 4588 rationabilis
1116 4523 1269 4589 voluntas
1300 4522 1475 4607 superioris

152 4617 252 4695 atque
275 4613 454 4696 spiritualis
478 4612 682 4679 subditorum
705 4610 882 4696 proiectus.
