3106 5168
585 287 703 343 Peccata
720 287 863 359 capitalia:
882 290 940 343 Ira.
1384 292 1427 358 83

191 463 230 531 R.
259 465 290 530 3.
343 463 481 529 Demum
516 463 612 530 homo
645 465 841 532 christianus
876 466 909 531 in
943 465 1031 531 omni
1064 486 1101 532 re
1136 467 1248 532 oculos
1280 465 1428 532 conicere

98 553 200 619 debet
222 553 255 617 in
279 553 465 636 exemplum
488 553 608 620 Christi
632 555 722 620 ducis
745 555 849 623 nostri
873 559 972 637 atque
1002 576 1062 640 per
1091 555 1160 621 eius
1188 555 1308 622 merita
1334 554 1428 620 auxi·

98 642 180 707 lium
210 641 340 723 gratias
368 641 544 726 implorare
577 644 618 709 ad
649 645 813 726 quaslibet
844 644 1046 712 tentationes
1075 645 1287 729 superandas.
1334 644 1428 711 Neve

98 731 235 797 omittat
257 732 353 797 homo
377 752 499 798 avarus
523 731 615 798 dives
637 733 699 798 sibi
722 733 922 801 constituere
945 738 1068 800 certam
1092 754 1252 799 summam
1273 733 1430 818 pecunias

100 826 136 886 et
160 823 270 886 certas
285 820 474 886 occasiones
497 820 540 886 ad
556 821 797 889 misericordiae
813 844 913 907 opera
933 843 969 888 re
987 822 1059 907 ipsa
1074 824 1267 889 exercenda.
1301 823 1430 907 Pauper

101 930 192 987 vero,
218 909 272 992 qui
296 910 438 977 avaritia
453 910 612 993 tangitur,
636 911 861 995 multomagis
885 912 927 977 ad
950 911 1113 978 Christum
1130 932 1306 996 pauperem
1326 912 1430 996 respi-

100 998 170 1065 ciat
193 1002 294 1081 atque
317 1020 390 1065 cum
414 999 533 1082 gaudio
557 1005 592 1067 et
614 1001 796 1083 gratiarum
820 1000 950 1068 actione
972 1000 1154 1086 perpendat
1169 1003 1271 1067 verba
1292 1000 1428 1067 Christi:

102 1088 240 1244 idBessaqih
253 1109 415 1243 pgup3eres
446 1088 579 1174 spiritu,
613 1090 765 1171 quoniam
797 1089 942 1174 ipsorum
976 1094 1028 1156 est
1061 1111 1198 1173 regnum
1232 1091 1426 1156 caelorum.“

145 1198 166 1242 a
243 1230 250 1242 .
299 1227 307 1256 ,
355 1229 363 1244 .

725 1338 812 1404 IRA.

669 1493 780 1561 Gasus.
808 1501 866 1570 (46)

196 1630 367 1703 Fabricius,
388 1632 476 1691 bomo
498 1631 625 1704 bilosus,
653 1633 691 1691 ad
711 1653 760 1692 res
782 1632 834 1692 vix
855 1633 943 1692 ullius
964 1632 1103 1692 momenti
1124 1631 1167 1692 ita
1188 1630 1356 1691 exardescit
1377 1630 1432 1703 ira,

103 1718 138 1771 ut
158 1715 224 1771 toto
245 1730 367 1788 corpore
389 1712 613 1787 contremiscat,
637 1732 694 1789 quo
717 1713 892 1790 compluries
914 1714 1025 1772 factum
1047 1717 1109 1784 ast,
1130 1712 1214 1771 utin
1237 1712 1368 1770 morbum
1390 1710 1432 1770 in·

104 1791 226 1863 ciderit,
256 1811 312 1867 quo
339 1794 377 1850 ab
405 1792 502 1852 officio
530 1812 583 1852 suo
612 1793 745 1852 obeundo
773 1793 996 1870 impediebatur.
1037 1792 1136 1869 Atque
1166 1792 1195 1850 in
1216 1791 1270 1850 tali
1291 1791 1335 1850 ira
1357 1792 1434 1851 solet

105 1871 207 1930 verbis
235 1872 457 1932 contumeliosis
484 1873 648 1949 proximum
675 1873 837 1950 impetere,
867 1873 969 1932 liberis
997 1878 1087 1949 atque
1114 1872 1199 1931 uxori
1227 1891 1313 1930 omne
1339 1890 1433 1946 genus

104 1952 251 2012 malorum
282 1952 445 2028 imprecari.
486 1953 647 2029 Hucusque
675 1953 825 2012 incassum
855 1955 1045 2023 monebatur,
1077 1957 1109 2012 ut
1137 1951 1344 2012 affectionibus
1371 1952 1434 2011 suis

104 2032 318 2093 moderaretur.
333 2064 370 2074 -
391 2031 493 2109 Nuper
510 2033 644 2108 graviter
663 2033 797 2093 irascens
818 2034 877 2092 filio
897 2033 1078 2092 adolescenti
1099 2052 1173 2092 vasa
1194 2032 1225 2091 in
1246 2038 1354 2092 terram
1369 2052 1434 2109 pro·

104 2113 200 2252 {ciens
222 2112 384 2266 conffiit,
405 2112 457 2172 filii
478 2112 617 2190 pileolum
639 2134 747 2173 novum
769 2113 914 2190 arripiens
935 2113 1085 2189 inignem
1107 2112 1242 2172 coniecit.
1280 2113 1435 2185 (ibenter

117 2213 172 2254 .o.
195 2212 255 2252 cas.
319 2240 324 2252 .

105 2308 286 2379 stamrua
309 2310 337 2366 1ο
362 2307 507 2383 quomodo
528 2306 674 2383 perirem
697 2307 792 2367 soleat
812 2307 939 2384 peccari.

307 2396 337 2454 2⁰
362 2396 505 2472 quomodo
531 2396 561 2454 in
585 2416 658 2455 casu
683 2401 785 2456 nostro
807 2396 975 2456 Fabricium
1000 2414 1143 2472 peccasse
1167 2393 1292 2454 iudicari
1321 2395 1435 2454 debeat.

307 2487 338 2545 3⁰
363 2484 432 2561 quid
452 2485 532 2559 exigi
554 2486 660 2545 debeat
677 2506 695 2543 a
708 2485 853 2557 Fabricio,
876 2491 909 2544 ut
930 2485 1084 2545 confessus
1106 2484 1288 2557 absolvatur,
1311 2490 1436 2559 atquae

362 2565 492 2625 remedia
513 2565 540 2624 ei
561 2565 728 2625 indicanda.

707 2755 842 2823 Solutio.

200 2899 252 2962 An
276 2916 467 2972 aurasicum
493 2900 529 2961 1m
553 2897 593 2963 R.
617 2901 644 2965 l.
684 2899 738 2964 Ira
757 2899 881 2964 duobus
900 2899 1004 2964 modis
1022 2899 1149 2983 peccari
1172 2901 1299 2982 potest:
1321 2900 1436 2984 primo,
1448 2909 1499 2964 164

107 2991 147 3055 ut
170 2986 300 3063 dicitur,
326 3009 363 3052 ex
382 2995 476 3072 parte
499 2986 618 3071 obiecti,
642 2987 670 3052 si
694 2987 766 3069 quis
789 2988 969 3055 vindictam
993 3009 1121 3054 sumere
1145 2990 1239 3072 optat
1258 2987 1311 3052 vel
1334 2987 1376 3051 ab
1400 3005 1438 3051 eo

108 3075 165 3159 qui
189 3097 254 3140 non
279 3081 433 3154 meretur,
458 3076 512 3140 vel
535 3077 690 3142 maiorem
716 3098 812 3158 quam
837 3082 990 3154 meretur,
1015 3077 1068 3143 vel
1091 3077 1301 3158 infligendam
1335 3075 1376 3140 ab
1400 3094 1438 3140 eo

107 3166 165 3248 qui
188 3164 339 3248 infligere
362 3164 474 3247 nequit
496 3165 660 3247 legitime;
685 3167 828 3231 secundo
853 3190 891 3232 ea·
911 3175 1005 3252 porte
1026 3169 1123 3248 modi,
1147 3166 1174 3231 si
1198 3164 1380 3247 indignatio
1405 3168 1439 3230 et

109 3253 385 3320 excandescentia
409 3274 541 3319 causam
564 3255 619 3319 vel
643 3276 826 3321 mensuram
852 3255 992 3321 excedit.

201 3359 239 3425 R.
265 3363 296 3425 2.
342 3359 380 3423 In
402 3359 510 3444 priore
533 3360 629 3424 modo
658 3359 728 3424 irae
751 3364 907 3443 peccatur
930 3380 972 3425 ex
1002 3380 1038 3424 se
1061 3358 1254 3437 mortaliter,
1285 3358 1313 3423 si
1337 3378 1439 3440 grave

108 3448 212 3514 fuerit
235 3448 367 3528 malum,
392 3449 477 3531 quod
501 3448 597 3514 alteri
620 3448 824 3514 inferendum
849 3449 1063 3515 desideratur.

201 3546 239 3611 ln
263 3545 445 3629 posteriore
469 3545 563 3611 modo
587 3550 743 3630 peccatur
766 3567 808 3612 ex
838 3567 874 3612 se
896 3546 1070 3613 venialiter
1092 3549 1239 3621 tantum;
1272 3566 1332 3628 per
1355 3544 1439 3611 acci-

110 3638 192 3702 dens
216 3640 326 3701 tamen
351 3656 454 3718 grave
478 3640 649 3719 peccatum
673 3634 832 3700 committi
856 3640 967 3720 potest
992 3659 1029 3701 ea
1052 3634 1110 3715 ira,
1136 3634 1290 3700 videlicet
1312 3634 1440 3701 ratione

110 3725 387 3809 blasphemiarum
410 3725 465 3789 vel
488 3724 767 3802 contumeliarum,
798 3725 926 3790 ratione
949 3721 1106 3803 scandali,
1130 3725 1184 3790 vel
1212 3723 1339 3789 ratione
1363 3723 1440 3788 mali

110 3814 236 3899 gravis,
261 3814 344 3896 quod
370 3834 412 3878 ex
435 3813 485 3878 ira
509 3814 638 3879 causari
661 3813 835 3879 iracundus
859 3814 1040 3898 praevidet.

203 3930 255 3993 An
279 3949 470 4004 ousasvrun
495 3930 533 3992 2m
556 3927 595 3994 R.
619 3932 647 3997 1.
686 3927 820 3993 Morbus
844 3927 972 4011 quidem
996 3927 1029 3993 in
1053 3948 1089 3993 se
1111 3948 1176 3995 non
1193 3926 1324 3992 videtur
1339 3927 1440 3992 fuisse
1452 3939 1502 3993 165

111 4018 243 4102 gravis;
268 4021 305 4083 at
327 4017 496 4100 neglectus
520 4016 617 4082 officii
641 4018 753 4100 gravis
777 4016 846 4083 fieri
869 4017 987 4101 potuit,
1012 4016 1040 4082 si
1064 4015 1211 4082 Fabricio
1228 4021 1361 4101 praesto
1377 4037 1441 4103 non

111 4112 196 4186 erat,
221 4106 277 4189 qui
306 4127 364 4190 pro
398 4127 433 4173 se
457 4106 625 4191 suppleret
648 4112 747 4189 atque
771 4107 853 4173 bene
877 4109 1052 4191 suppleret.
1100 4106 1207 4182 Quare
1230 4106 1300 4171 fieri
1323 4105 1440 4188 potuit,

111 4202 150 4265 ut
173 4195 342 4262 Fabricius
365 4217 407 4261 ex
430 4195 526 4278 gravi
549 4196 647 4261 officii
672 4198 823 4278 neglectu
848 4196 914 4278 (vel
939 4217 981 4261 ex
1005 4194 1100 4277 gravi
1122 4198 1292 4261 contracto
1316 4195 1441 4276 morbo)

111 4286 263 4370 graviter
286 4290 448 4369 peccaret.
487 4283 578 4360 Quod
595 4285 724 4367 quidem
747 4286 854 4369 prima
876 4286 947 4350 vice
971 4285 1117 4349 homines
1140 4304 1206 4348 non
1230 4285 1338 4349 solent
1360 4283 1442 4348 satis

110 4375 271 4461 suspicari
296 4378 330 4440 et
352 4373 561 4458 praevidere,
593 4396 632 4440 ac
662 4375 755 4459 proin
784 4375 891 4460 prima
913 4374 1001 4452 vice,
1033 4395 1098 4456 qua
1125 4373 1282 4439 eiusmodi
1307 4372 1442 4437 effectus

111 4465 287 4542 acciderit,
317 4463 486 4529 Fabricius
509 4463 639 4530 videtur
662 4464 843 4530 subiactive
867 4464 1072 4530 excusandus
1096 4482 1168 4527 esse
1199 4484 1218 4527 a
1246 4462 1340 4546 provi
1366 4481 1442 4542 pec·

109 4560 206 4633 cato,
241 4575 307 4619 non
342 4574 363 4618 a
395 4552 524 4619 veniali.
581 4554 645 4619 Sed
679 4558 854 4637 postquam
888 4553 1016 4618 iteratis
1049 4552 1174 4618 vicibus
1209 4551 1242 4615 id
1275 4548 1441 4636 acciderit,

109 4644 281 4713 Fabricius
304 4641 413 4728 potuit
435 4646 469 4708 et
492 4642 604 4708 debuit
632 4643 843 4727 praevidere,
874 4642 971 4707 immo
1002 4642 1084 4707 satis
1114 4639 1279 4723 praevidit
1301 4658 1337 4703 se
1361 4638 1443 4704 adeo

1246 4743 1284 4796 6*
