3106 5168
457 290 528 346 0616
548 291 622 346 vitae
641 291 941 362 6166116666111166116.
1299 297 1359 360 191

33 470 109 536 dum
133 469 253 553 suscipi
277 472 440 553 poterant,
468 473 503 536 et
526 490 621 552 quem
644 469 715 535 sine
737 469 835 537 dubio
858 468 1031 536 Nemeeius
1054 469 1202 553 proxime
1225 491 1362 536 161616

32 562 226 643 prosecutus
250 564 311 626 661.
349 558 524 641 Attingero
547 580 605 625 seu
628 579 805 642 procurare
827 559 947 625 bonum
970 559 1135 642 publicum
1158 559 1270 642 magni
1292 581 1361 624 mo-

32 648 134 716 menti
166 648 220 714 161
254 648 374 713 bonum
406 669 561 730 magnum
596 650 761 732 privatum
794 648 933 714 hominis
964 648 1147 714 innocentis
1182 652 1254 714 erat
1287 649 1361 713 finis

32 738 199 804 actionum
222 737 377 804 Nomesii.
424 737 486 803 Hic
511 736 586 801 finis
610 741 662 803 est
690 741 810 803 natura
832 759 892 803 666
921 741 956 803 61
986 742 1059 803 6161
1081 737 1236 803 Nemesio
1260 760 1361 802 66666

32 831 157 910 tamisa,
182 848 241 892 cur
263 825 463 909 periculosas
486 827 634 892 actiones
657 827 853 910 susciperet;
877 826 1074 892 desiderium
1094 826 1256 892 finiendae
1272 826 1361 893 vitae

32 921 106 983 erat
122 937 204 982 6666
220 919 254 981 61
272 917 392 981 occasio
409 915 461 979 vel
477 937 575 981 66666
591 918 762 1001 impellent,
783 938 847 981 non
861 919 987 998 1661116,
1011 936 1070 980 661
1091 936 1127 981 66
1150 915 1192 981 ad
1216 915 1362 982 actiones

31 1005 233 1090 periculosas
256 1025 298 1070 ex
322 1025 422 1069 causa
444 1004 535 1071 116116
558 1003 782 1087 suscipiendas
805 1005 1003 1087 accingeret.

121 1112 161 1178 R.
187 1115 217 1180 2.
264 1111 380 1194 Neque
410 1110 473 1176 hoc
503 1110 699 1177 desiderium
728 1111 887 1177 moriendi
916 1131 1053 1194 grsvem
1081 1110 1358 1177 deordinatiouem

32 1201 196 1278 continet3
226 1221 303 1266 6616
333 1200 509 1265 secundum
539 1220 593 1279 66,
625 1220 709 1284 quae
738 1200 771 1265 in
796 1221 874 1266 casu
897 1204 1051 1266 66611616
1075 1204 1250 1284 66661661,
1280 1199 1359 1265 illud

32 1291 137 1373 gessit
160 1310 233 1355 6616
256 1289 521 1355 subordinatione
544 1309 624 1372 erga
648 1289 792 1355 divinam
815 1289 1029 1357 voluntatem.
1070 1288 1225 1354 Adfuisse
1248 1293 1358 1355 autem

32 1379 117 1445 banc
139 1399 220 1462 erga
243 1378 671 1444 Deumsubordinationem
701 1399 745 1444 ex
774 1399 812 1443 eo
835 1377 967 1444 videtur
988 1381 1119 1461 patere,
1151 1377 1237 1460 quod
1260 1398 1360 1444 66666

32 1489 95 1533 666
120 1468 165 1534 611
189 1471 304 1534 666116
326 1467 433 1550 legem
457 1467 599 1532 divinam
624 1465 819 1533 desiderium
849 1466 928 1532 illud
951 1466 1103 1550 implero,
1133 1467 1191 1533 sed
1214 1466 1359 1533 studiose

32 1556 210 1640 quaesierit
233 1577 290 1622 eos
312 1556 426 1622 modos
449 1555 620 1641 implendi,
646 1555 700 1638 qui
724 1577 796 1621 6661
821 1555 931 1622 divina
953 1556 1028 1638 lege
1050 1555 1178 1640 possint
1200 1556 1358 1639 componi.

121 1663 160 1728 R.
186 1665 216 1730 3.
263 1661 381 1728 Utrum
407 1661 601 1728 desiderium
624 1662 705 1727 illud
727 1661 886 1727 moriondi
918 1683 976 1728 seu
999 1661 1089 1728 vitae
1112 1662 1264 1746 propriae
1288 1666 1358 1729 166·

32 1752 120 1817 11661
143 1751 244 1817 166111
267 1752 395 1817 1661616
417 1755 589 1835 peccatum
612 1772 654 1816 66
677 1751 815 1828 6611616,
849 1751 970 1836 pendet
992 1772 1013 1817 6
1036 1751 1173 1828 6161116,
1207 1757 1358 1817 661166·

33 1841 119 1906 dium
144 1841 224 1905 illud
247 1839 377 1907 1616111.
424 1840 458 1906 Si
482 1841 566 1905 enim
597 1840 631 1906 in
654 1860 755 1906 66666
777 1843 850 1905 6161
873 1839 1068 1905 desiderium
1091 1840 1181 1905 vitae
1203 1844 1358 1906 66161666

33 1937 65 1997 61
89 1928 233 2012 cognitio
256 1929 472 2012 periculorum
495 1929 705 2007 1616611166,
730 1928 846 2010 quibus
864 1929 1006 1996 16116666
1023 1928 1226 2013 experientia
1243 1930 1358 1995 doctus

33 2019 209 2084 difficulter
232 2039 268 2083 66
291 2038 327 2083 66
351 2018 504 2102 expedire
527 2039 624 2102 posse
651 2018 807 2101 66161161,
838 2039 910 2083 6661
935 2039 1021 2084 6666
1044 2039 1117 2083 6616
1141 2017 1358 2085 666661661166

32 2129 111 2192 6666
142 2127 179 2172 66
209 2108 416 2173 decessurum
446 2128 519 2172 esse
548 2111 714 2191 speraret:
744 2107 813 2173 tale
842 2107 1001 2172 motivum
1030 2107 1217 2174 nullatenus
1240 2128 1357 2192 66666-

32 2197 192 2262 161666661
217 2199 305 2274 6161,
336 2197 393 2262 661
417 2196 536 2261 bonum
560 2201 594 2263 et
616 2196 799 2262 honestum.
846 2196 880 2264 Si
903 2217 981 2262 1616
1005 2196 1092 2262 mala
1116 2201 1248 2263 terrena
1270 2196 1358 2262 16116

31 2286 176 2352 taedium
208 2285 289 2350 illud
320 2286 500 2367 gignebant
533 2290 566 2352 et
597 2284 821 2352 sustinebant:
854 2286 896 2352 ab
910 2285 1038 2368 ,aliquo
1069 2284 1190 2351 veniali
1221 2289 1356 2369 peccato

31 2375 185 2458 ignaviae
207 2375 359 2439 immunis
383 2395 447 2439 666
470 2373 747 2441 61611166166166.
798 2376 855 2442 Tb.
879 2398 920 2441 m.
944 2375 969 2452 Ι,
995 2377 1070 2442 582.

419 2592 564 2672 „AMOR
586 2591 747 2658 INCIPIT
770 2590 830 2657 AB
853 2591 973 2659 EGO‘.

595 2746 705 2813 Casus.
734 2753 810 2822 (161)

119 2889 255 2959 Dismas,
276 2887 407 2947 medicus
428 2887 510 2946 solus
530 2887 561 2945 in
581 2887 646 2947 loco
668 2907 737 2958 666,
763 2887 795 2946 16
816 2906 870 2947 666
891 2906 1011 2946 1666616
1032 2888 1125 2946 multa
1146 2887 1261 2946 6611666
1282 2887 1356 2964 6611·

30 2971 97 3029 6616
119 2969 198 3028 subit
227 2974 336 3027 61666
358 2969 495 3027 obstante
516 2987 571 3027 usu
593 2966 752 3026 mediorum
775 2973 879 3027 666116
900 2969 1047 3044 relapsum
1069 2987 1129 3026 non
1151 2987 1217 3026 raro
1239 2967 1355 3044 16666·

30 3056 129 3109 catum
151 3048 275 3119 labitur3
297 3047 433 3107 similiter
446 3048 577 3107 Didaous
592 3048 801 3108 confessarius.
836 3047 947 3106 Neuter
961 3047 1090 3105 officium
1109 3067 1193 3106 suum
1209 3047 1356 3106 dimittere

29 3136 130 3206 potest
150 3129 216 3188 eine
236 3129 322 3203 gravi
344 3128 490 3204 corporali
510 3128 559 3186 vel
580 3128 728 3205 spirituali
749 3127 924 3186 detrimento
946 3128 1078 3187 aliorum.

31 3234 209 3306 Quasmrun
229 3233 298 3310 quid
319 3234 429 3294 6611166
451 3254 502 3293 666
523 3233 633 3308 iubeat,
655 3234 724 3311 quid
745 3233 782 3293 116
802 3234 963 3311 permittat.

627 3415 762 3483 Salutio.

119 3558 172 3623 Aa
196 3579 388 3634 6616611611
411 3559 450 3624 R.
476 3561 503 3624 1.
543 3558 631 3623 Ordo
655 3556 804 3624 caritatis
828 3556 983 3640 postulat,
1008 3562 1045 3624 ut
1068 3557 1157 3622 Deus
1181 3557 1416 3640 111166666316

29 3647 175 3714 amicitia
199 3647 345 3713 omnibus
369 3648 592 3731 praeferatur:
623 3668 724 3730 quare
754 3646 834 3712 nihil
862 3667 1014 3728 umquam
1046 3650 1113 3724 est,
1146 3667 1188 3711 ne
1211 3647 1355 3713 universi

30 3736 161 3819 quidem
177 3737 287 3802 mundi
303 3740 439 3802 6616166
455 3737 554 3814 salue,
578 3741 825 3820 propterquam
844 3735 942 3801 liceat
965 3773 1008 3780 —
1031 3735 1060 3801 si
1083 3739 1170 3801 66661
1190 3736 1354 3820 possibile,

28 3847 106 3892 6661
136 3847 171 3891 16
200 3825 272 3909 1666
300 3824 499 3909 impossibile
530 3830 581 3892 est
610 3864 654 3872 —
684 3825 788 3890 Deum
812 3825 975 3890 offendere
1005 3845 1046 3890 ne
1073 3825 1192 3891 leviter
1214 3825 1353 3908 quidem,

28 3914 261 3981 multominus
285 3914 477 3982 mortaliter.

119 4013 159 4078 R.
183 4015 214 4080 2.
260 4011 340 4079 Post
363 4013 467 4078 Deum
490 4012 586 4076 homo
616 4033 652 4077 se
681 4011 786 4095 ipsum
817 4010 935 4077 ceteris
965 4011 1070 4092 magis
1094 4011 1230 4094 diligere
1257 4011 1355 4079 debet

29 4101 136 4184 quoad
160 4103 245 4167 bona
267 4101 452 4186 spiritualia
473 4101 668 4168 6666666116.
704 4100 810 4177 Quare
827 4100 926 4165 611661
941 4099 1104 4165 hominem
1127 4101 1181 4166 lex
1205 4101 1354 4166 caritatis

29 4211 109 4273 erga
139 4212 175 4255 66
204 4191 309 4274 166661
333 4190 500 4274 prohibet,
532 4190 702 4272 quominus
732 4189 838 4272 possit
867 4190 971 4254 Deum
995 4188 1158 4254 offendere
1182 4190 1235 4254 vel
1258 4191 1353 4271 gravi

28 4284 165 4364 peccato
189 4280 259 4345 eius
283 4278 826 4346 6611611161661611161666616166
850 4278 1033 4344 amissionis
1057 4278 1219 4343 occasioni
1234 4279 1353 4343 161616-

28 4369 105 4436 11161
128 4368 297 4453 proximae
320 4390 392 4435 6666
409 4389 572 4452 exponere
596 4389 634 4433 66
657 4369 730 4445 fine,
755 4372 792 4434 ut
815 4368 888 4433 aliis
911 4368 944 4433 16
967 4367 1059 4433 bonis
1076 4366 1224 4448 quamvis
1240 4388 1353 4432 66666·

28 4458 125 4525 661116
147 4457 370 4525 subveniatur.

118 4557 157 4624 R.
183 4559 213 4623 3.
260 4555 477 4621 Nihilominus
507 4576 580 4620 cum
610 4555 788 4639 periculum
819 4553 974 4639 peccandi
1005 4554 1045 4619 de
1075 4574 1110 4619 se
1140 4552 1282 4618 nondum
1310 4553 1353 4619 sit

28 4649 210 4729 peccatum,
234 4645 304 4710 fieri
328 4649 447 4729 661661,
478 4649 515 4710 61
537 4648 672 4729 6166161
694 4643 924 4709 necessitatem
948 4642 1088 4726 proximi
1110 4640 1253 4726 periculo
1277 4664 1353 4728 666·
