3106 5168
160 278 223 342 138
371 273 413 329 De
431 274 580 329 virtutibus
596 277 626 328 et
642 274 741 329 officiis
759 291 826 342 erga
843 273 940 330 Deum.
957 304 990 313 -
1007 276 1105 330 Virtus
1121 276 1270 345 religionis.

157 450 299 518 liberata
324 449 516 536 promissio,
543 451 598 516 vel
621 451 741 517 damna
763 449 798 516 in
819 450 914 517 bonis
936 450 1089 518 fortunae
1112 452 1153 519 ab
1176 452 1319 519 Arcadio
1342 453 1485 519 tolerata

159 539 223 607 etsi
245 560 311 606 non
332 544 429 607 tanta
444 560 528 622 quae
551 546 665 608 votum
687 540 864 608 redderent
886 540 1075 621 invalidum,
1099 542 1153 608 vel
1175 541 1393 609 necessitates
1414 563 1484 608 ma·

158 629 245 695 iores
267 627 301 694 in
323 628 449 694 familia
464 628 597 695 Arcadii
620 635 766 697 exortae.
785 667 830 677 -
853 628 887 696 Si
910 650 990 697 vero
1013 633 1207 715 acceptatae
1230 630 1363 707 fuerint,
1387 631 1485 697 debet

160 717 280 795 videri,
305 722 414 785 utrum
435 717 596 785 Arcadim
618 718 778 803 imprimis
800 718 980 785 intenderit
1001 719 1077 787 huic
1099 724 1134 787 et
1156 719 1204 786 illi
1226 720 1386 787 ecelesiae
1410 720 1486 785 sub·

160 807 289 885 venire,
320 829 362 873 an
386 808 427 873 de
457 807 518 874 tali
549 808 765 874 subventione
787 808 894 874 minus
918 807 1068 890 cogitans
1097 808 1207 894 potius
1234 809 1269 875 in
1292 829 1415 892 genere
1437 807 1485 874 in·

160 897 304 963 teuderii
325 896 436 963 facere
458 896 589 979 aliquod
606 918 688 981 opus
703 897 773 963 Deo
788 901 932 979 gratnm.
971 896 1005 963 Si
1027 899 1089 964 hoc
1111 897 1276 983 posterius
1297 898 1485 976 intenderit,

160 985 261 1052 etiam
284 989 354 1051 tum
378 988 527 1070 potestas
543 985 752 1071 dispensandi
774 985 925 1053 subsistit
940 984 987 1068 (S.
1003 986 1120 1072 Alph.
1144 986 1203 1065 111,
1224 988 1322 1069 255):
1344 987 1374 1054 si
1396 988 1486 1072 prius

161 1074 258 1151 illud,
290 1074 525 1158 dispensationi
554 1075 646 1141 locus
674 1097 739 1142 non
769 1079 837 1152 est;
868 1074 927 1140 sed
955 1075 1073 1161 inspici
1099 1076 1213 1154 debet,
1244 1097 1322 1143 num
1352 1081 1488 1160 propter

160 1172 300 1230 mutatas
323 1168 580 1231 circotmstantics
603 1165 764 1231 Arcadius
788 1173 961 1231 excusetur.

100 1282 151 1335 277
249 1270 288 1338 R.
304 1272 334 1337 4.
359 1270 570 1354 Reliquorum
586 1276 748 1349 votorum,
764 1270 986 1337 abstinentiae
1001 1269 1092 1336 feriis
1108 1270 1235 1354 quartis
1250 1272 1486 1349 observandae,

161 1364 326 1425 certarum
355 1380 489 1445 precum
518 1359 762 1426 recitandarum
791 1365 871 1438 etc,
902 1359 1103 1445 dispensatio
1134 1360 1205 1426 dari
1234 1365 1363 1445 potest;
1397 1360 1489 1428 cuius

162 1470 263 1515 causa
285 1469 366 1514 sane
388 1448 452 1515 erit
474 1448 649 1516 multitudo
672 1448 877 1532 negotiorum
909 1454 944 1517 et
965 1449 1121 1515 valetudo
1146 1449 1313 1518 infirmior.
1360 1450 1488 1517 Nihilo·

161 1538 268 1604 minus
299 1538 475 1605 videndum
508 1542 578 1611 est,
612 1560 689 1604 num
721 1537 893 1620 subrogari
925 1537 1053 1621 possint
1084 1538 1244 1605 exercitia
1275 1539 1330 1625 pia
1361 1538 1489 1606 leviora

162 1626 308 1709 quidem,
340 1627 397 1693 sed
427 1647 487 1711 pro
511 1627 698 1693 condicione
721 1627 853 1693 Arcadii
884 1626 1031 1694 utiliora:
1055 1626 1277 1710 frequentatio
1300 1649 1488 1695 sacramen·

162 1721 281 1794 torum,
305 1715 504 1783 cotidianum
528 1715 747 1783 conscientiae
770 1737 919 1794 examen,
943 1715 1071 1783 similia.

251 1814 389 1897 insuper
403 1814 510 1896 quoad
526 1814 758 1881 abstinentiam
774 1836 795 1880 a
810 1819 890 1900 potu
904 1814 1088 1880 inebriante
1104 1813 1207 1879 videri
1224 1814 1331 1892 debet,
1347 1814 1489 1881 fueritne

163 1902 249 1970 ratio
272 1903 367 1968 huius
383 1903 453 1970 voti
475 1903 655 1989 periculum
679 1903 933 1969 committendae
949 1902 1130 1981 ebrietatis,
1155 1903 1311 1987 adquam
1327 1903 1489 1970 Arcadius

163 1991 307 2058 inclinet.
354 1991 445 2070 Quod
474 1992 503 2057 si
533 1994 601 2069 est,
632 1993 848 2059 relaxandum
870 1996 984 2058 votum
1014 2014 1080 2058 non
1109 1996 1199 2058 esset
1222 2013 1296 2059 cum
1319 1992 1490 2060 ebrietatis

163 2081 306 2165 periculo
338 2081 395 2148 sed
427 2081 531 2147 solum
565 2082 672 2165 quoad
703 2081 834 2148 modurn
866 2102 888 2147 a
919 2081 1044 2148 medico
1075 2081 1381 2166 praescribendum:
1398 2103 1490 2148 nam

164 2171 263 2237 aliter
283 2171 368 2238 ratio
392 2191 457 2237 non
480 2174 547 2250 est,
573 2192 631 2236 cur
653 2171 832 2237 remedium
855 2169 981 2254 peccati
1004 2171 1288 2255 praeservativum
1312 2172 1396 2237 adeo
1419 2170 1491 2237 effi·

165 2281 228 2327 cax
251 2260 431 2327 auferatur.

431 2472 536 2538 VOTI
560 2471 824 2539 RELAXATIO.
851 2510 891 2519 -
923 2469 1224 2539 COMMUTATIO.

730 2627 841 2695 Casus.
868 2636 927 2704 (vc)

256 2766 375 2827 Getulia
398 2765 538 2826 tredecim
560 2785 654 2825 annos
682 2772 754 2826 nata
774 2767 859 2828 vovit
885 2771 1057 2845 perpetuam
1088 2766 1274 2838 castitatem,
1301 2766 1442 2826 ieiunium
1463 2766 1493 2826 in

166 2868 243 2926 pane
271 2853 302 2907 et
329 2865 405 2923 aqna
433 2845 558 2922 singulis
585 2846 785 2908 hebdomadis.
834 2847 892 2907 Sed
919 2852 1024 2926 postea
1051 2847 1232 2906 tentationes
1258 2853 1400 2924 experta,
1429 2866 1493 2906 oum

167 2926 373 3007 opportunitas
393 2926 522 2986 nubendi
543 2928 710 2998 offerretur,
732 2927 848 3003 quaerit
868 2927 1125 2987 commutationem
1146 2927 1209 2987 voti
1231 2928 1396 2988 castitatis:
1419 2946 1493 3004 quae

166 3010 200 3069 fit
229 3008 260 3068 in
288 3007 429 3067 cotidiani
458 3006 565 3066 rosarii
593 3006 816 3079 recitationem,
847 3007 879 3067 in
908 3007 1047 3066 ieiunium
1078 3014 1108 3067 et
1138 3008 1356 3085 eleemosynam
1387 3008 1494 3067 hebdo-

166 3088 307 3150 medaria.

257 3170 366 3228 Postea
386 3167 571 3227 matrimonio
592 3166 694 3227 iuncta
713 3167 818 3226 iterum
835 3168 968 3244 postulet
982 3186 1112 3240 onerum,
1134 3187 1209 3245 quae
1223 3186 1261 3226 ex
1275 3168 1355 3227 votis
1369 3173 1494 3238 restant,

167 3249 425 3310 commutationem
447 3268 465 3306 a
486 3247 685 3318 confessari03
714 3248 763 3323 qui
784 3267 850 3307 cum
871 3267 903 3306 se
924 3248 1072 3306 difficilem
1100 3251 1258 3325 praebeat,
1281 3268 1299 3307 a
1319 3248 1426 3308 marito
1448 3267 1494 3307 ac·

167 3332 240 3407 cipit
268 3329 503 3389 interdictionem
534 3330 740 3405 eleemosynae
771 3329 951 3403 aliorumque
981 3334 1115 3387 votorum
1143 3328 1354 3399 irritationem
1392 3348 1493 3388 verum

168 3431 233 3469 oum
255 3410 290 3468 de
311 3410 412 3469 valore
435 3409 611 3468 irritationis
633 3408 772 3468 cotidiani
799 3409 907 3467 rosarii
928 3409 1014 3468 valde
1037 3408 1166 3479 dubitet,
1194 3427 1259 3467 eam
1287 3408 1343 3468 sibi
1371 3408 1437 3486 ipsa
1464 3409 1495 3467 in

168 3490 291 3548 Missam
319 3489 425 3549 cotidie
452 3489 626 3548 audiendam
655 3493 832 3560 commutat,
868 3508 953 3564 quam
981 3493 1094 3547 mutato
1122 3487 1268 3547 domicilio
1295 3494 1418 3566 propter
1444 3489 1493 3548 im·

168 3569 396 3646 possibilitatem
417 3573 522 3646 postea
543 3568 660 3628 omittit.

169 3685 345 3755 Quanarrun
368 3687 395 3742 1ο
421 3683 489 3760 quid
511 3685 550 3742 sit
572 3682 761 3743 commutatio
783 3688 918 3743 votorum
939 3689 970 3743 et
991 3703 1009 3742 a
1030 3704 1086 3759 quo
1107 3683 1254 3743 facienda.

367 3775 396 3831 2⁰
421 3779 539 3832 rectene
560 3772 590 3831 in
612 3772 737 3848 singulis
758 3771 877 3832 casibus
900 3771 1018 3832 Getulia
1041 3772 1255 3833 relaxationem
1277 3773 1446 3833 obtinuerit.

766 3953 901 4022 Solutio.

108 4115 160 4169 278
259 4100 311 4163 Aa
335 4119 528 4175 qunnsmuu
553 4102 590 4162 1¹¹¹
613 4099 652 4164 R.
681 4102 708 4164 1.
755 4097 973 4164 Commutatio
1005 4103 1055 4163 est
1085 4097 1138 4162 vel
1168 4098 1201 4162 in
1226 4099 1349 4176 minus,
1380 4100 1434 4164 vel
1464 4099 1494 4163 in

170 4189 324 4270 aequale,
356 4188 409 4253 vel
439 4189 472 4252 in
496 4188 621 4253 melius
669 4187 888 4253 Commutatio
919 4187 952 4252 in
975 4187 1091 4251 melius
1114 4186 1184 4251 fieri
1214 4191 1325 4269 potest
1354 4188 1397 4254 ab
1427 4189 1495 4273 ipso

170 4284 329 4355 vovente,
360 4277 388 4342 si
413 4277 507 4342 modo
531 4277 611 4341 illud
635 4298 716 4360 opus
739 4277 855 4341 melius
878 4299 914 4341 re
937 4276 1009 4360 ipsa
1032 4279 1232 4360 praestatur.
1279 4276 1496 4344 Commutatio

170 4368 203 4433 in
227 4367 383 4449 aequale,
413 4366 441 4431 si
465 4368 502 4431 fit
526 4366 625 4432 etiam
649 4366 782 4450 propria
805 4386 863 4430 seu
886 4366 1017 4449 privata
1042 4364 1259 4440 auctoritate,
1290 4366 1410 4433 saltem
1434 4389 1496 4434 non

171 4457 320 4539 graviter
351 4460 524 4539 reputatur
556 4455 682 4521 illicita.
737 4456 769 4520 S.
795 4455 911 4537 Alph.
945 4456 965 4521 l.
996 4476 1022 4520 c.
1056 4476 1087 4520 n.
1118 4457 1192 4520 244.
1248 4453 1313 4519 Sed
1345 4460 1495 4538 quoniam

172 4551 323 4612 auctores
346 4544 407 4610 hac
430 4544 462 4609 in
487 4566 522 4610 re
546 4544 634 4626 loqui
657 4544 786 4609 soleant
809 4544 848 4609 de
873 4564 971 4626 opere
996 4546 1154 4608 euidenter
1177 4544 1323 4625 aequali,
1349 4547 1496 4628 quaestio

172 4636 229 4698 vix
252 4640 304 4701 est
332 4635 496 4718 practica,
527 4633 589 4698 uisi
620 4653 701 4717 opus
730 4633 943 4715 subrogatum
969 4633 1037 4698 tale
1060 4632 1120 4710 sit,
1152 4638 1189 4699 ut
1218 4633 1436 4717 probabiliter
1457 4638 1497 4704 sit
