3106 5168
154 284 219 348 ‘238
272 278 312 334 De
331 279 478 335 virtutibus
497 283 526 334 et
543 278 641 334 officiis
659 296 726 348 erga
743 278 875 336 homines.
894 309 928 319 -
947 281 1070 337 Virtutes
1088 281 1209 337 iustitiae
1227 298 1357 337 annexae.

154 457 332 528 Quaeritur
353 458 382 514 1ο
408 454 477 531 quid
498 454 634 514 educatio
656 460 687 514 et
706 454 893 531 providentia
914 455 1022 526 debita,
1044 456 1071 514 61
1093 455 1302 531 obligationem
1323 464 1478 532 parentum

407 539 535 611 6666666,
556 535 786 611 comprehendat
805 535 868 593 iure
890 536 1019 594 naturali
1040 543 1071 595 66
1090 536 1154 595 iure
1174 537 1312 613 positivo.

351 625 381 682 2ο
406 624 475 700 qnid
497 623 650 682 dicendum
672 623 712 682 sit
732 623 768 682 de
791 623 973 683 Theoderico
994 630 1025 684 66
1045 624 1106 684 Lea
1127 624 1223 702 quoad
1249 625 1476 702 primogenitum

406 723 506 763 eorum
526 703 627 764 filium.

747 808 883 877 Salutio.

90 966 143 1020 466
241 950 294 1016 An
325 970 516 1026 6666666666
549 954 586 1014 1¹¹¹
615 948 654 1016 R.
682 952 710 1016 1.
764 950 852 1016 Ante
882 951 992 1017 omnia
1023 956 1179 1035 parentes
1209 973 1320 1019 curam
1355 952 1477 1018 habere

153 1040 272 1107 debent
295 1040 385 1106 vitae
409 1039 589 1123 spiritualis
618 1039 825 1106 omnisonae
849 1040 959 1124 666116.
1006 1041 1129 1118 Quare.
1164 1040 1233 1106 6166
1257 1041 1297 1106 de
1319 1041 1476 1123 legitimis

151 1129 225 1195 filiis
255 1128 366 1212 agitur
397 1128 467 1194 6166
490 1129 530 1194 de
553 1127 748 1210 illegitime,
781 1129 888 1195 curari
919 1129 1015 1195 debet
1039 1130 1236 1215 baptismus,
1269 1129 1342 1195 dein
1367 1131 1475 1195 curari

152 1220 250 1285 debet
273 1220 358 1284 bona
382 1222 482 1300 atque
505 1216 667 1283 catholica
691 1218 851 1286 educatio

241 1325 280 1391 R.
295 1327 325 1391 2.
350 1324 529 1389 Dicendum
547 1327 598 1389 est
614 1344 687 1388 6666
703 1323 962 1389 Busenbaum
979 1328 1013 1390 66
1029 1325 1061 1391 S.
1079 1324 1293 1410 Alphonso
1309 1323 1401 1406 (ibid.
1417 1325 1473 1401 ΙΙΙ,

153 1416 249 1496 336);
277 1413 396 1492 ,Ρ6666
418 1416 549 1479 6666666
572 1411 656 1496 66611
679 1434 743 1478 666
766 1416 895 1478 tantum
911 1412 1088 1496 legitimae,
1113 1413 1285 1479 sedetiam
1303 1413 1474 1497 -inquo

152 1502 202 1569 ius
230 1501 325 1567 civile
349 1523 369 1568 a
392 1501 547 1567 canonico
571 1505 751 1567 correctum
778 1505 830 1567 est
852 1541 895 1549 —
917 1501 1049 1586 spuriae
1077 1524 1192 1568 curare
1216 1503 1389 1580 alimenta,
1414 1503 1474 1568 hoc

150 1596 202 1658 est
233 1592 356 1667 cibum,
386 1595 516 1674 potum,
547 1590 703 1656 vestitum
734 1597 768 1657 et
791 1590 947 1657 honestas
971 1595 1076 1668 artes,
1110 1595 1200 1656 iacto
1223 1614 1317 1657 aarum
1340 1600 1467 1671 statum,

152 1681 214 1747 nisi
236 1688 348 1747 tamen
372 1680 502 1745 aliunde
525 1699 561 1744 66
585 1679 674 1745 61666
697 1679 802 1762 possit
826 1683 946 1745 66666
969 1679 1144 1763 indigeat.“

240 1786 278 1853 R.
308 1790 338 1853 3.
384 1786 468 1851 Illud
502 1784 614 1863 „iuxta
637 1788 761 1851 statum
784 1788 897 1851 suum“
924 1786 1138 1852 communiter
1161 1786 1291 1868 quidem
1315 1787 1355 1851 de
1383 1791 1471 1852 statu

150 1880 323 1960 parentum
348 1875 401 1941 661
424 1875 528 1959 666616
550 1873 769 1957 intellegitur,
801 1874 856 1956 qui
878 1879 1001 1941 statum
1030 1896 1123 1940 suum
1147 1874 1222 1939 filiis
1246 1875 1472 1941 communicat..

152 1965 272 2030 Verum
296 1964 323 2029 61
341 1963 468 2047 quaudo
486 1968 609 2029 statum
632 1983 725 2027 suum
741 1962 816 2028 filiis
832 1985 896 2028 non
912 1964 1150 2029 communicare
1165 1963 1205 2028 iis
1220 1963 1328 2042 liceat,
1353 1963 1473 2031 sufficit

149 2055 323 2137 providere
345 2053 411 2118 11116
434 2053 611 2118 secundum
636 2056 702 2117 eius
725 2058 849 2118 statum
872 2053 905 2117 in
929 2073 992 2135 quo
1017 2053 1194 2119 collocatus
1218 2057 1278 2119 666.

88 2176 140 2229 466
240 2159 277 2226 lt.
295 2161 326 2225 4.
355 2158 575 2224 communiter
597 2156 699 2240 igitur
720 2161 876 2224 tenentur
889 2160 1045 2241 parentes
1061 2179 1133 2223 cum
1149 2155 1223 2222 filiis
1239 2178 1334 2222 sumn
1349 2161 1471 2224 statum

150 2270 307 2330 suamque
332 2248 552 2314 condicionem
577 2246 830 2325 communicare,
863 2269 912 2312 cos
940 2269 999 2331 pro
1025 2248 1103 2331 filiis
1132 2256 1340 2330 oqrrosccates.
1383 2247 1472 2324 Quod

150 2337 323 2403 Busenb.
356 2341 390 2403 et
414 2336 445 2404 S.
470 2335 584 2419 Alph.
617 2336 637 2402 l.
667 2357 693 2401 6.
725 2336 772 2402 ita
803 2335 1008 2419 exprimunt:
1043 2336 1217 2415 „Graviter
1245 2340 1384 2420 6666666
1414 2358 1471 2420 pa·

149 2432 269 2504 rentes,
294 2426 347 2508 qui
372 2425 442 2492 sine
464 2424 553 2491 16666
576 2444 676 2490 66666
698 2423 823 2508 prolem
846 2427 880 2490 in
902 2425 1056 2509 hospitali
1080 2425 1229 2489 66116616
1253 2424 1390 2508 publicis
1413 2447 1470 2490 ex-

148 2519 284 2600 ponunt.
331 2516 423 2580 Iusta
446 2518 555 2580 autem
580 2517 763 2593 causaest,
788 2514 815 2578 61
839 2513 947 2599 666166
969 2512 1014 2580 616
1035 2513 1237 2597 illegitima.“

239 2621 277 2687 R.
296 2624 326 2689 5.
361 2619 435 2686 Filii
457 2618 619 2702 illegitimi
644 2641 685 2685 ex
708 2619 899 2703 parentibus
914 2620 956 2685 ad
972 2620 1215 2686 matrimonium
1231 2619 1317 2687 inter
1333 2641 1368 2685 se
1385 2620 1471 2703 aptis

149 2710 313 2794 progeniti
336 2709 547 2791 subsequenti
571 2707 700 2790 quidem
723 2708 930 2775 matrimonio
953 2708 1179 2791 legitimantur
1201 2709 1274 2791 ipsa
1296 2730 1349 2785 re,
1373 2708 1469 2790 idque

149 2807 219 2866 tum
243 2798 491 2865 canonicatum
516 2798 604 2863 civili
627 2798 700 2879 lege
723 2798 897 2864 statuitur:
929 2819 1042 2863 verum
1066 2797 1171 2863 civilis
1194 2799 1259 2875 lex,
1283 2803 1320 2864 ut
1344 2819 1400 2862 eos
1424 2799 1469 2861 le-

148 2888 272 2972 gitimis
302 2891 492 2963 accenseat,
528 2885 665 2969 requirit
693 2887 833 2968 legalem
866 2908 908 2951 ex
938 2894 1033 2971 parte
1063 2891 1235 2971 parentum
1269 2886 1468 2968 agnitionem

149 2979 202 3044 661
226 2978 394 3043 formalem
420 2982 453 3043 et
476 2975 675 3052 iudicialem,
708 2976 760 3040 vel
785 2975 974 3059 implicitam
1002 2997 1061 3060 per
1084 2976 1467 3042 non-contradictionem.

85 3113 137 3165 467
236 3094 290 3159 An
314 3112 504 3168 6666666666
529 3093 567 3156 2¹¹²
591 3089 629 3155 R.
656 3091 685 3157 1.
732 3088 807 3155 Fuit
831 3089 958 3171 quidem
983 3090 1183 3155 Theodorico
1208 3090 1366 3168 6616666,
1397 3112 1467 3156 curn

147 3182 226 3267 ipsis
256 3183 341 3248 filius
370 3181 561 3263 illegitimus
591 3182 797 3256 nasceretur,
828 3179 990 3244 servanda
1022 3180 1111 3245 fama
1141 3180 1253 3261 gravis
1280 3180 1381 3257 ratio,
1414 3201 1468 3244 cur

148 3272 268 3336 crimen
306 3292 400 3337 suum
437 3273 590 3352 tegerent
632 3268 797 3349 filiumque
836 3268 1112 3352 orphanotrophio
1150 3269 1407 3347 committerent,
1441 3269 1467 3332 si

147 3362 242 3425 modo
273 3365 404 3427 cautum
435 3364 486 3425 est
516 3359 620 3423 bonae
644 3356 888 3439 catholicaeque
912 3357 1105 3425 educationi.
1145 3358 1178 3423 Si
1202 3358 1303 3439 igitur
1326 3379 1385 3441 pro
1409 3379 1467 3421 666

147 3450 333 3515 condicione
357 3470 454 3532 quam
478 3447 643 3513 habebant
666 3447 706 3511 de
729 3451 808 3530 apta
832 3447 1024 3512 educatione
1039 3446 1129 3530 pacti
1152 3451 1237 3525 sunt,
1262 3449 1322 3512 loc
1344 3470 1379 3512 re
1403 3469 1465 3511 non

146 3545 374 3621 66666666666.

234 3644 273 3710 R.
300 3646 329 3709 2.
376 3642 410 3706 Si
433 3647 509 3724 post
532 3644 663 3706 auctam
691 3638 856 3704 fortunam
886 3640 1125 3705 matrimonium
1157 3641 1301 3705 interae
1324 3640 1467 3706 16166666

147 3769 188 3775 --
206 3737 304 3813 atque
321 3731 420 3797 etiam
437 3735 584 3813 tempore
600 3730 748 3812 concepti
763 3730 816 3793 661
833 3729 950 3794 6616666
967 3729 1108 3794 natifilii
1125 3731 1165 3794 ad
1181 3730 1214 3794 id
1230 3730 1299 3813 6661
1316 3735 1412 3796 66666
1424 3769 1465 3776 -

147 3843 184 3885 66
208 3821 278 3904 1666
302 3820 386 3885 filius
410 3819 516 3885 evasit
540 3817 694 3885 canonice
717 3817 892 3898 legitimus
933 3819 1054 3883 Verum
1071 3819 1099 3883 61
1120 3840 1219 3884 66666
1235 3818 1466 3884 diffamationis

146 3910 309 3976 timendae
333 3915 538 3992 perseverat,
563 3929 627 3972 non
657 3911 812 3973 tenentur
840 3928 911 3971 cmn
936 3911 1029 3972 tanto
1053 3928 1111 3971 suo
1138 3907 1341 3972 incommodo
1365 3908 1464 3972 filium

144 3999 235 4063 illum
260 3998 302 4063 ad
325 4020 360 4063 66
384 3999 561 4063 advocare:
587 3997 628 4061 ad
652 3996 737 4078 quod
762 4018 799 4061 co
823 3997 929 4060 minus
953 4001 1115 4071 tenentur,
1141 3996 1168 4060 61
1191 3998 1285 4080 lapsu
1310 3997 1465 4081 temporis

145 4094 243 4154 66666
266 4095 316 4154 666
340 4087 464 4152 16661116
485 4092 518 4152 66
540 4108 599 4170 pro
616 4108 654 4150 co
670 4091 817 4169 tempore
840 4086 927 4149 66616
943 4107 984 4150 ex
1000 4086 1166 4168 agnitione
1182 4087 1239 4150 11111
1256 4086 1463 4168 6616666666ῒί

143 4178 288 4244 timenda
311 4178 409 4243 etiam
433 4179 509 4241 sunt
532 4179 639 4242 aucta.

233 4285 271 4351 R.
290 4287 319 4352 3.
359 4284 438 4348 Cum
462 4282 546 4347 filius
569 4282 624 4347 ille
647 4281 883 4365 primogenitus
907 4302 942 4345 66
966 4281 1036 4366 1666
1053 4283 1206 4347 66666166
1224 4282 1367 4348 66666616
1382 4281 1462 4363 legi-

144 4374 257 4451 timus,
289 4373 419 4439 videtur
448 4372 576 4438 ratione
606 4371 798 4437 hereditatis
829 4371 990 4452 quoddam
1020 4371 1070 4436 ius
1103 4372 1223 4437 habere
1256 4371 1463 4454 accipiendae

144 4464 247 4546 666616
271 4461 438 4544 legitimae
462 4461 604 4526 omnium
625 4461 792 4536 bonorum,
817 4481 901 4541 quae
923 4464 1077 4542 parentes
1094 4461 1134 4525 ob
1151 4466 1281 4526 auctam
1299 4461 1460 4526 fortunam

143 4553 327 4634 possident:
359 4573 442 4633 quae
466 4573 545 4616 6666
574 4573 632 4634 666
654 4549 880 4615 intermediam
905 4571 1075 4632 personam
1105 4550 1146 4615 ad
1170 4550 1270 4615 lilium
1295 4549 1461 4616 transmit·

143 4642 243 4706 tenda
266 4641 361 4706 foret.
404 4642 526 4706 Verum
550 4640 781 4722 obligationem
798 4637 957 4715 strictam,
981 4638 1009 4703 si
1034 4638 1174 4704 difficilis
1195 4640 1295 4706 fuerit
1318 4639 1462 4722 impletu,
