3106 5168
132 271 173 334 28
551 265 591 320 De
610 264 705 334 regula
723 268 834 320 actuum
852 265 1040 319 humanorum.

132 447 226 526 parte
242 446 375 526 putaret
391 442 506 508 adesse
522 447 702 526 peccatum.
742 441 804 507 Sed
829 442 928 508 etiam
952 446 1082 508 tumre
1105 462 1186 506 vera
1208 461 1273 505 non
1296 440 1457 525 peccavit,

132 532 208 614 quia
238 532 272 596 in
295 531 495 597 conscientia
516 532 675 616 perplexa
698 530 889 597 utrumlibet
911 533 982 597 sine
1003 535 1140 615 peccato
1164 529 1307 612 eligitur,
1339 529 1402 594 nisi
1426 530 1458 594 id

132 621 290 703 eligatur,
324 621 409 703 quod
440 629 520 686 certo
551 621 656 685 maius
686 621 807 685 malum
831 641 903 685 esee
927 620 999 702 quis
1030 623 1132 704 putet.
1180 619 1244 685 Sed
1273 618 1302 683 si
1329 623 1459 703 tempus

131 710 337 793 suppetebat,
362 709 474 776 debuit
497 715 595 776 antea
619 709 754 775 oonsilio
777 709 948 793 prudentis
967 708 1197 774 conscientiam
1222 729 1314 773 suam
1334 712 1458 774 certam

132 801 165 865 et
188 803 313 866 rectam
337 798 483 866 reddere.
535 800 591 864 Tu.
614 821 656 865 m.
680 798 705 875 Ι,
731 801 783 863 52.

401 1034 693 1102 GONSCIENTIA
716 1032 860 1099 RECTA
883 1032 940 1098 ΕΤ
964 1032 1187 1100 ERRONEA.

694 1192 805 1259 casus.
833 1199 891 1268 (re)

219 1332 371 1392 Ausonius
389 1333 420 1391 in
436 1332 623 1392 confessione
637 1352 670 1391 se
685 1338 808 1392 accusat
822 1332 858 1392 de
873 1333 1079 1409 sequentibus:
1101 1333 1203 1393 Potuit
1223 1333 1282 1392 levi
1304 1333 1457 1393 mendacio

131 1411 256 1489 aliquem
271 1413 384 1489 eripere
399 1432 417 1471 a
432 1413 676 1488 persequentibus
697 1413 863 1472 latronibus
884 1433 978 1489 neque
997 1413 1082 1484 fecit3
1105 1414 1152 1472 die
1166 1413 1321 1472 Dominica
1336 1413 1458 1474 Sacrum

131 1492 271 1568 neglexit,
294 1492 479 1569 aegritudine
494 1494 571 1551 enim
593 1503 746 1569 correptus
767 1493 797 1552 in
816 1495 894 1553 lecto
908 1493 1062 1563 decubuit;
1084 1493 1159 1552 feria
1176 1493 1220 1552 VI
1240 1494 1332 1553 semel
1353 1514 1458 1554 carnee

131 1573 272 1643 comedit,
302 1592 367 1631 curn
390 1572 550 1632 distraetus
570 1579 690 1650 putaret
711 1593 777 1633 5555
799 1575 902 1633 feriam
924 1574 965 1645 V;
994 1593 1098 1650 preces
1120 1575 1244 1649 exlege
1266 1574 1458 1634 confraterni-

131 1652 202 1711 tatis
222 1653 392 1712 recitandas
415 1653 590 1730 compluries
611 1654 778 1713 voluntarie
799 1653 906 1714 omisit.

131 1764 308 1834 Quanmrun
331 1771 359 1825 1ο
383 1767 516 1844 possitne
538 1787 662 1827 erronea
684 1768 867 1827 conscientia
889 1788 956 1828 esse
977 1770 1081 1845 regula
1100 1789 1222 1829 morum.

328 1867 358 1922 2ο
384 1865 592 1943 peccaveritne
614 1865 766 1925 Ausonius
787 1866 817 1925 in
840 1866 958 1926 casibus
979 1867 1148 1943 praedictis.

727 2050 864 2119 Salutio.

86 2211 121 2264 54
218 2195 271 2258 Au
295 2213 486 2269 5555555555
513 2197 549 2258 1¹⁹
576 2195 615 2259 R.
639 2198 668 2260 1.
715 2195 843 2277 Regula
874 2215 1000 2260 morum
1034 2193 1105 2259 sola
1138 2192 1337 2259 conscientia
1369 2201 1459 2260 cate-

130 2285 243 2349 555555
265 2303 337 2348 esse
360 2287 480 2366 potest,
505 2304 569 2347 non
593 2304 805 2366 consequens.
857 2285 914 2349 Tb.
938 2307 979 2348 m.
1004 2283 1028 2355 I.
1053 2285 1107 2349 41.

219 2388 257 2454 R..
275 2390 305 2453 2.
340 2388 404 2453 Per
419 2409 451 2452 ae
466 2388 537 2452 sola
553 2388 753 2454 conscientia
768 2394 862 2455 recta
877 2393 928 2455 est
943 2389 1058 2470 regula
1074 2409 1216 2461 morum;
1236 2410 1295 2472 per
1311 2390 1458 2454 accidens

130 2481 240 2544 autem
260 2477 359 2542 etiam
379 2497 517 2542 erronee
534 2477 732 2542 conscientia
748 2478 863 2560 regula
879 2499 1005 2542 morum
1022 2477 1161 2542 evadere
1177 2480 1297 2561 potest.
1328 2477 1458 2543 Scilicet

130 2566 362 2632 conscientiam
385 2565 619 2632 invincibiliter
648 2566 732 2648 (sine
761 2566 947 2647 formidine)
975 2587 1144 2631 erroneam
1175 2567 1267 2648 sequi
1296 2569 1457 2642 tenemur,

130 2656 260 2738 quando
283 2654 442 2739 praecipit
472 2676 530 2719 seu
553 2660 663 2732 vetat3
694 2656 765 2720 sine
796 2657 892 2739 culpa
922 2655 1096 2737 sequimur,
1127 2654 1255 2737 siquid
1284 2655 1456 2739 permittit.

219 2762 257 2828 R.
283 2765 313 2827 3.
360 2760 566 2828 Vincibiliter
589 2782 759 2827 erroneam
784 2762 929 2844 adeoque
957 2783 1029 2826 cum
1053 2761 1225 2827 formidine
1250 2761 1457 2827 coniunctam

130 2849 361 2918 conscientiam
386 2849 549 2935 deponere
573 2851 742 2926 debemus;
774 2850 804 2916 ei
834 2851 999 2916 nonlicet
1030 2850 1197 2916 adversari
1229 2850 1455 2936 praecipienti;

130 2961 235 3022 neque
264 2939 341 3005 licet
372 2959 444 3004 eam
475 2939 567 3022 sequi
596 2939 851 3024 permittentem,
883 2940 981 3005 immo
1011 2960 1117 3023 neque
1140 2940 1405 3024 praecipientem,
1431 2940 1456 3004 si

130 3028 259 3111 quando
289 3026 419 3094 dubium
450 3032 502 3094 est
534 3042 609 3093 num
640 3031 701 3094 hoc
732 3029 827 3095 modo
859 3029 989 3112 aliquod
1020 3033 1191 3113 peccatum
1221 3030 1456 3095 committatur.

134 3121 189 3184 Tu.
215 3141 255 3183 m.
281 3117 305 3194 l,
330 3120 372 3183 43
395 3140 442 3200 sq.

86 3249 120 3304 55
218 3232 272 3298 Au
295 3252 486 3308 Quansrruu
511 3236 549 3297 2¹¹²
572 3233 611 3298 R.
635 3237 663 3300 l.
703 3233 739 3297 15
763 3236 869 3317 primo
893 3253 970 3298 casu
986 3232 1117 3297 videtur
1132 3231 1297 3297 Ausonius
1321 3232 1457 3298 invinci-

129 3321 239 3388 biliter
271 3325 406 3406 putasse
436 3343 471 3386 se
499 3322 618 3387 debere
640 3321 788 3388 mentiri:
819 3322 905 3405 quod
938 3321 965 3387 si
988 3343 1105 3387 revera
1128 3321 1275 3405 putavit,
1307 3322 1458 3406 peccavit

131 3433 195 3476 uon
219 3410 415 3477 mentiendo
468 3412 524 3478 lu.
549 3434 589 3476 m.
614 3411 640 3488 I,
665 3414 717 3477 46.

218 3516 258 3584 R.
283 3519 313 3583 2.
360 3517 397 3581 15
422 3519 557 3582 secrurclo
582 3537 660 3582 casu
692 3516 1457 3583 555555555555555155515555551551555·

130 3606 236 3682 rabat,
260 3610 382 3688 putans
411 3627 447 3670 55
477 3610 648 3688 aegrotum
673 3610 883 3689 peccaturum
908 3606 1080 3672 omissione
1105 3606 1205 3673 Sacri.
1253 3606 1316 3672 Sed
1340 3607 1457 3672 nihilo-

131 3694 237 3759 minus
261 3715 325 3777 uon
341 3694 472 3760 videtur
495 3696 623 3779 culpam
640 3694 855 3774 contraxisse,
881 3695 944 3762 etsi
960 3700 1075 3762 contra
1091 3695 1323 3762 conscientiam
1340 3697 1456 3778 egerit,

130 3782 289 3864 siquidem
306 3784 405 3850 Sacro
428 3783 587 3849 interesse
610 3784 640 3850 ei
663 3783 863 3868 impossibile
886 3789 968 3851 erat.
1002 3785 1205 3869 impossibile
1221 3785 1343 3866 aliquid
1360 3785 1457 3851 omit·

131 3877 201 3938 tere
224 3874 277 3938 vel
303 3873 412 3939 iacere
435 3894 501 3937 non
524 3873 631 3938 estin
655 3879 769 3940 nostra
792 3873 896 3940 libera
918 3873 1097 3952 facultate;
1129 3875 1186 3939 sed
1210 3876 1295 3957 quod
1320 3874 1456 3940 liberum

131 3965 279 4040 nonest,
305 3966 474 4045 peccatum
500 3983 573 4027 esee
596 3963 719 4045 nequit.

219 4068 257 4133 R.
283 4072 313 4133 3.
367 4068 403 4132 ln
436 4071 526 4134 tertio
558 4087 645 4143 casu,
679 4069 808 4149 quando
842 4068 1005 4133 Ausonius
1032 4068 1211 4135 distractus
1241 4090 1356 4134 carnes
1390 4070 1458 4136 edit

130 4156 214 4222 feria
237 4156 297 4234 VI,
328 4177 393 4222 non
422 4156 579 4222 habemus
609 4157 839 4223 conscientiam
870 4158 1131 4234 antecedentem,
1163 4177 1247 4240 quae
1276 4158 1457 4224 Ausonium

130 4246 257 4329 peccati
273 4244 429 4328 arguerit,
454 4245 511 4310 sed
530 4253 782 4328 consequentem
799 4249 928 4313 tantum
946 4252 1045 4329 atque
1069 4247 1101 4311 in
1125 4247 1186 4311 hac
1209 4267 1245 4311 re
1268 4268 1456 4317 erroneam:

131 4356 244 4400 verum
260 4333 461 4401 conscientia
476 4355 678 4417 consequeus
694 4357 819 4401 morum
842 4337 958 4420 regula
981 4357 1053 4401 esse
1077 4336 1190 4418 nequit
1206 4356 1310 4418 neque
1326 4336 1457 4403 efficere

130 4429 241 4507 potest
263 4428 444 4508 peecatum.

220 4529 258 4594 R.
278 4532 309 4594 4.
348 4527 522 4614 15555555
546 4550 623 4595 casu
647 4530 822 4596 videndum
846 4536 905 4608 est,
930 4551 1006 4596 num
1030 4551 1066 4595 re
1089 4530 1161 4613 ipsa
1177 4531 1340 4596 Ausonius
1359 4536 1457 4615 puta-

131 4619 216 4685 verit
239 4637 275 4683 se
298 4637 377 4682 vere
399 4618 459 4683 sub
482 4623 618 4702 peccato
641 4619 804 4701 adstringi
827 4621 869 4685 ad
891 4641 1005 4705 preces
1021 4620 1312 4687 confraternitatis.
1351 4620 1385 4686 Si
1409 4622 1457 4688 ita
