3106 5168
490 261 597 332 Regula
615 271 717 318 remoto
734 280 784 318 seu
801 264 861 316 lec:
878 263 1027 318 excusatio.
1380 267 1422 332 49

94 440 170 507 illos
193 440 379 507 haereticos
402 441 434 507 in
467 462 504 506 se
526 446 675 526 sumptos
697 441 803 523 ligare
826 461 890 506 non
913 440 1009 507 velle.
1056 439 1223 520 Attamen,
1247 447 1285 509 ut
1307 449 1424 527 postea

95 530 214 609 dicam,
230 529 335 596 videri
351 531 458 610 debet,
482 551 559 596 num
579 530 666 596 forte
686 529 772 596 ratio
788 529 935 596 scandali
952 528 1050 595 dandi
1065 530 1210 615 postulet
1226 532 1423 598 severiorem

95 619 261 685 iudicandi
284 619 425 699 modum,
450 621 504 685 vel
527 620 656 686 labores
680 623 717 685 ut
739 639 760 683 a
783 618 913 684 domino
935 619 1075 703 profecti
1099 624 1289 704 appareant.

185 725 225 791 R.
240 728 269 791 2.
295 723 385 802 Quod
398 729 508 792 autem
522 724 884 808 graeco-schismaticos
897 724 984 791 sinat
995 746 1115 809 graeco
1128 726 1194 792 ritu
1206 726 1275 792 dies
1287 726 1425 792 festivos

95 813 229 896 eligere,
253 814 461 880 laboraturos
483 814 517 878 in
541 814 654 879 diebus
674 835 733 898 pro
750 813 875 880 Latinis
891 814 1030 894 festivis,
1055 835 1097 880 ex
1121 835 1156 880 se
1179 836 1244 881 non
1267 820 1319 882 est
1341 815 1425 898 legis

95 902 209 969 laesio.
257 902 400 970 Subiecti
422 902 536 985 utique
565 907 643 969 sunt
672 902 799 986 legibus
829 903 1008 980 Ecclesiae,
1040 904 1099 969 sed
1128 925 1193 970 non
1223 904 1287 970 alio
1317 905 1445 983 modo„

95 1013 196 1075 quam
218 990 280 1076 ipsi
306 991 422 1058 Graeci
450 1012 509 1057 seu
533 991 718 1058 Orientales
742 991 840 1057 uniti:
872 991 927 1074 qui
951 991 1211 1077 disciplinaribus
1233 993 1424 1060 Latinorum

95 1080 225 1164 legibus
248 1102 312 1146 non
335 1084 501 1157 tenentur,
526 1081 584 1146 sed
607 1102 685 1147 suas
708 1081 857 1165 proprias
879 1081 980 1164 leges,
1005 1102 1065 1147 sua
1083 1081 1180 1161 festa,
1204 1104 1298 1148 suum
1314 1084 1423 1149 calen-

95 1169 225 1235 darium
248 1174 390 1235 nondum
413 1169 628 1236 reformatum
652 1174 843 1253 sequuntur.

187 1275 227 1343 R.
247 1279 277 1344 3.
316 1275 429 1342 iudaei
445 1296 523 1341 vero
547 1298 612 1342 non
635 1276 860 1342 ecclesiastica
878 1276 952 1358 lege
975 1276 1033 1342 sed
1056 1276 1200 1343 naturali
1223 1277 1422 1359 obligantur;

95 1385 200 1447 quare
219 1363 304 1430 diem
327 1365 521 1431 dominicum
546 1387 605 1450 pro
628 1365 739 1447 requie
759 1365 881 1448 eligere
904 1386 969 1430 non
991 1370 1156 1443 tenentur,
1180 1370 1214 1432 et
1235 1366 1265 1430 si
1288 1369 1424 1452 aliquem

95 1454 183 1518 diem
213 1476 273 1538 pro
304 1456 393 1521 cultu
418 1454 527 1520 divino
556 1491 600 1500 -
629 1454 662 1519 id
687 1454 772 1536 quod
795 1455 956 1520 naturalis
986 1455 1041 1521 lex
1068 1455 1205 1521 suadere
1228 1455 1359 1522 videtur
1381 1494 1422 1504 -

95 1542 291 1621 observant,
316 1544 429 1610 diebus
453 1542 621 1609 dominicis
653 1548 688 1609 et
717 1542 903 1609 christianis
933 1543 1027 1610 festis
1059 1544 1189 1609 labores
1218 1543 1258 1610 iis
1286 1549 1425 1630 possunt

93 1652 228 1715 rmpom.

186 1737 225 1804 R.
251 1741 281 1805 4.
328 1738 367 1802 in
390 1738 539 1803 omnibus
568 1741 680 1805 tamen
703 1738 838 1804 Carolus
861 1738 973 1804 videre
1003 1738 1115 1818 debet,
1146 1760 1187 1805 ne
1217 1760 1277 1806 sua
1306 1739 1426 1823 agendi

94 1826 226 1893 ratione
246 1828 407 1913 publicam
423 1827 568 1909 requiem
585 1827 738 1893 festivam
754 1829 875 1904 turbet,
899 1851 974 1893 neoc
989 1831 1064 1893 otiis
1079 1830 1231 1895 scandale
1246 1831 1297 1895 sit.
1333 1827 1424 1906 Quod

94 1917 123 1981 si
152 1937 196 1982 ex
224 1916 287 1981 loci
311 1916 533 2000 temporisque
557 1916 812 1983 circumstantiis
835 1916 1014 1982 timendum
1038 1921 1090 1983 est
1112 1938 1217 2000 neque
1241 1922 1425 2002 opportuna

94 2006 319 2072 declaratione
335 2006 426 2070 valet
441 2005 575 2085 auferri,
599 2005 709 2089 potius
727 2006 797 2090 ipse
816 2006 982 2072 abstinere
998 2006 1096 2072 debet
1118 2006 1160 2072 ab
1182 2006 1232 2086 iis,
1257 2028 1340 2091 quae
1363 2007 1425 2073 sibi

93 2116 155 2179 per
178 2116 215 2160 se
237 2095 349 2160 licent.

418 2275 589 2343 CAUSAR
613 2275 643 2340 A
665 2276 782 2343 LEGE
806 2276 1104 2344 RXCUSANTRS.

662 2441 775 2510 casus.
802 2450 860 2520 (aa)

185 2581 269 2641 (luno
284 2579 360 2640 feria
369 2580 414 2639 VI
428 2600 553 2657 vespere
568 2600 634 2640 cum
649 2581 752 2641 amicis
774 2582 837 2641 suis
856 2582 898 2641 ita
912 2581 993 2641 laute
1007 2581 1091 2653 bibit,
1112 2587 1146 2641 ut
1165 2581 1292 2655 timeret,
1315 2601 1352 2642 ne
1373 2604 1426 2661 per

94 2662 196 2739 plures
218 2661 281 2720 dies
301 2660 369 2720 inde
390 2666 569 2737 aegrotaret.
612 2660 695 2730 Quod
723 2662 846 2734 accidit,
874 2661 918 2721 ita
941 2667 974 2721 ut
995 2662 1042 2720 die
1063 2662 1209 2722 dominica
1234 2667 1265 2722 et
1290 2664 1426 2741 sequenti

95 2744 174 2801 festo
197 2742 320 2802 Sacrum
350 2742 453 2800 audire
480 2760 540 2799 non
564 2742 702 2817 potuerit.
744 2741 844 2819 Nuper
871 2742 929 2802 iter
948 2761 1102 2801 romanum
1130 2748 1339 2820 suscepturus,
1368 2764 1424 2820 quo

96 2823 185 2881 citius
200 2827 231 2881 et
245 2821 425 2881 commodius
440 2821 686 2898 proficisceretur,
702 2823 826 2881 sabbato
841 2841 965 2899 vespero
981 2822 1119 2882 Coloniae
1135 2842 1252 2882 currum
1265 2843 1424 2900 vaporeum

95 2903 232 2962 ascendit
253 2908 283 2960 et
304 2901 354 2960 via
375 2906 457 2961 recta
478 2902 542 2960 sine
562 2902 777 2979 interruptione
800 2902 857 2961 iter
878 2922 1058 2979 prosequens
1080 2902 1155 2962 feria
1176 2904 1207 2962 ΙΙ
1235 2903 1315 2963 circa
1341 2904 1425 2963 meri·

96 2983 172 3041 diem
197 2982 269 3040 illud
290 2981 402 3053 finivit3
431 2982 535 3041 nullibi
564 2987 730 3058 opportuno
751 2987 882 3059 tempore
903 2988 965 3042 tam
987 2983 1037 3042 diu
1058 3002 1161 3042 currus
1190 2984 1288 3056 stetit,
1317 2989 1350 3043 ut
1378 2985 1424 3044 die

95 3062 243 3122 dominica
264 3062 385 3121 Sacrum
408 3062 503 3121 audiri
523 3062 660 3138 potuerit.

187 3142 260 3202 Cum
281 3141 422 3201 ieiunium
442 3142 530 3200 valde
551 3143 725 3213 abhorreat,
754 3147 887 3218 ternpore
907 3142 1008 3201 ieiunii
1032 3143 1109 3202 solet
1130 3163 1163 3202 se
1183 3144 1325 3218 gravibus
1346 3144 1425 3203 labo·

94 3222 178 3282 ribus
200 3222 354 3292 addicere,
383 3228 416 3281 ut
438 3222 585 3281 sisinnio
607 3228 781 3281 excusetur:
812 3223 913 3282 eadem
936 3222 1100 3282 intentione
1128 3243 1222 3300 nuper
1243 3223 1273 3282 in
1296 3222 1424 3292 Quadra·

93 3303 209 3378 gesima
231 3322 264 3361 se
285 3302 453 3361 laboriosae
474 3321 563 3361 curae
585 3307 773 3378 aegrotorum
801 3302 832 3360 in
860 3303 1000 3378 hospitali
1029 3308 1135 3380 sponte
1158 3303 1288 3376 addixit,
1316 3324 1373 3381 quo
1395 3310 1425 3364 et

93 3384 211 3442 laudam
232 3381 359 3459 piissimi
379 3382 436 3441 viri
458 3387 487 3440 et
507 3382 675 3441 libertatem
697 3402 715 3440 s
736 3382 845 3441 ieiunio
867 3382 924 3443 sibi
946 3384 1137 3460 comparavit.

95 3495 275 3566 Qnsnmrna
296 3498 325 3555 1⁰
351 3515 426 3573 quae
447 3497 507 3555 sint
528 3515 636 3556 causae
658 3517 676 3556 a
697 3496 812 3573 legibus
834 3497 1028 3557 observandis
1050 3503 1240 3558 excusantes.

295 3587 326 3644 2⁰
350 3584 477 3644 liceatne
493 3586 635 3645 eiusmodi
649 3605 757 3645 causas
772 3591 952 3646 excusantes
973 3606 1083 3664 ponere
1104 3593 1193 3664 atque
1214 3587 1257 3646 ita
1278 3607 1311 3647 se
1325 3608 1344 3647 a
1357 3589 1424 3664 lege

350 3666 537 3725 observanda
557 3666 692 3726 liberare.

295 3756 325 3813 3⁰
351 3754 420 3830 quid
441 3755 477 3814 de
498 3754 619 3814 (lunone
641 3755 794 3814 dicendum
817 3755 864 3815 sit.

692 3938 827 4006 Salutio.

185 4077 238 4144 An
254 4100 446 4156 onsnsrrnrr
471 4083 509 4145 1¹¹¹
531 4081 570 4147 R.
595 4085 622 4147 l.
661 4082 692 4146 A
707 4080 781 4164 lege
797 4082 953 4164 negativa
973 4081 1118 4148 naturali
1133 4102 1310 4165 numquam
1326 4082 1424 4150 datur
1443 4100 1476 4156 97

93 4169 276 4245 excusatio,
302 4191 375 4234 cum
398 4169 479 4235 haec
502 4174 654 4236 versetur
676 4169 763 4236 circa
786 4171 981 4238 intrinsecus
1005 4171 1102 4237 mala.

184 4272 223 4338 R.
249 4276 279 4340 2.
325 4274 356 4338 A
378 4275 453 4356 lege
477 4274 687 4352 affirmativa,
719 4275 861 4339 maxime
890 4275 1043 4353 humana,
1074 4275 1256 4359 generatim
1285 4282 1423 4344 excusat

92 4362 333 4428 incommodum
365 4383 423 4428 seu
456 4363 610 4429 damnum
642 4364 779 4429 relative
811 4384 966 4446 magnum
1000 4386 1059 4448 per
1094 4365 1245 4430 accidens
1279 4365 1312 4430 in
1345 4387 1422 4431 casu

92 4451 286 4536 particulari
310 4473 382 4517 cum
405 4452 636 4518 observatione
659 4452 741 4535 legis
765 4453 982 4531 coniunctum,
1007 4453 1027 4520 i.
1053 4474 1080 4518 e.
1105 4455 1211 4536 magis
1235 4455 1422 4520 autminus

92 4561 214 4624 grave,
248 4562 312 4623 quo
347 4541 509 4623 gravioris
541 4542 595 4606 vel
627 4541 760 4607 levioris
791 4542 947 4608 momenti
971 4542 1016 4609 sit
1045 4542 1117 4626 ipsa
1148 4563 1201 4608 res
1232 4547 1419 4627 praecepta.

93 4630 213 4696 Rlbel
237 4652 269 4714 p.
287 4630 311 4707 I,
336 4651 367 4696 n.
385 4632 467 4696 298:
495 4630 666 4709 ,Potestas
682 4631 824 4696 humana
840 4630 1037 4714 regulariter
1059 4653 1124 4697 nou
1144 4636 1255 4715 potest
1274 4631 1420 4715 obligare

147 4740 577 4789 conminuta-susannense
605 4743 622 4784 1.
1191 4737 1208 4789 4
