3106 5168
565 247 606 302 Dc
624 247 719 317 regula
738 250 849 302 actuum
867 247 1056 303 humanorum.

330 450 406 529 QUI
429 450 615 517 LEGIBUS
640 450 839 518 SUBIEC'PI
863 450 931 533 (ll).
955 489 1000 499 —-
1023 448 1293 516 ACATHOLICI.

712 606 822 674 dasne.
852 614 910 681 (26)

237 747 369 818 Carolus,
390 747 477 805 homo
492 746 585 818 dives,
606 747 715 805 multos
736 747 828 806 babet
848 748 904 806 sub
925 766 958 805 se
980 747 1131 822 operarios
1151 767 1206 824 pro
1227 746 1349 805 fabricis
1371 752 1403 806 et
1422 767 1476 824 pro

148 826 278 886 colendis
300 827 381 903 agris
402 827 579 898 conductos,
608 827 770 886 catholicos
791 831 822 885 et
841 831 1059 903 protestantes,
1088 826 1418 902 graeco-schismaticos
1446 833 1477 888 ct

147 908 278 967 iudaeos.
309 908 379 967 Cum
396 927 449 966 suo
466 908 588 983 quisque
608 906 668 965 ritu
682 907 783 965 vivere
805 926 898 982 neque
919 906 1001 966 lucro
1017 906 1120 966 diurno
1143 926 1246 966 carere
1265 907 1348 975 velit,
1371 908 1476 967 diebus

147 988 234 1047 festis
261 988 298 1047 iis
320 994 478 1047 consuetos
501 989 618 1046 labores
639 988 776 1058 mandat,
805 988 940 1065 exceptis
965 986 1121 1047 catholicis
1142 992 1173 1046 et
1192 987 1394 1047 schismaticis
1421 1007 1475 1064 pro

148 1067 210 1126 suis
231 1068 407 1145 respectivis
428 1067 530 1138 festis,
556 1086 631 1143 quae
652 1066 769 1126 diverso
790 1072 923 1143 tempore
944 1068 1110 1138 celebrant;
1138 1067 1260 1128 iudaeos
1281 1072 1398 1140 autem,
1427 1069 1476 1145 qni

147 1148 280 1207 sabbatis
294 1153 412 1218 vacant,
435 1148 524 1207 etiam
539 1148 642 1206 diebus
657 1147 811 1206 dominicis
825 1147 976 1206 laboribus
997 1146 1027 1206 in
1041 1148 1163 1208 fabricis
1185 1155 1215 1207 et
1236 1148 1317 1223 agris
1331 1153 1474 1225 occupat:

147 1228 224 1303 qnod
245 1228 302 1288 sibi
323 1248 358 1288 eo
377 1229 491 1304 gratius
514 1233 569 1299 est,
591 1228 660 1303 qnia
680 1227 737 1286 hoc
757 1227 843 1287 modo
865 1227 930 1286 siue
949 1227 1164 1305 interruptione
1186 1227 1341 1295 machinae
1361 1228 1476 1288 moveri

146 1315 280 1384 possunt.

147 1411 323 1481 Quanarrua
345 1415 374 1472 1⁰
400 1411 597 1472 acatholicine
618 1412 792 1472 subiaceant
812 1412 928 1488 legibus
950 1412 1112 1472 Ecclesiae.

344 1504 375 1560 ‘2⁰
402 1502 529 1562 liceatne
551 1501 588 1561 iis
610 1501 712 1561 diebus
733 1502 835 1561 vetitis
857 1502 973 1561 labores
995 1501 1149 1578 iniungere
1170 1503 1218 1561 vel
1239 1521 1345 1561 carnes
1367 1502 1447 1563 dare.

345 1594 375 1651 3ο
400 1591 467 1667 quid
490 1593 525 1651 de
547 1590 651 1650 Garolo
673 1591 793 1667 eiusque
815 1591 923 1666 agendi
943 1591 1060 1650 ratione
1081 1591 1243 1651 dicendum.

742 1784 878 1852 Solutio.

102 1934 136 1988 94
234 1925 287 1988 An
303 1944 495 1999 onnesmuu
513 1929 550 1988 1¹¹¹
568 1924 607 1990 R.
626 1928 654 1990 1.
690 1924 873 1990 Acatholici
890 1924 1130 2008 non-baptizati
1146 1945 1205 1989 seu
1220 1925 1474 1993 nou-christiani

145 2013 272 2095 legibus
288 2013 456 2079 Ecclesiae
479 2035 543 2079 nou
559 2013 739 2093 subiacent,
764 2013 917 2097 quamdiu
933 2013 1029 2079 fidem
1053 2035 1118 2078 non
1141 2019 1371 2098 susceperunt:
1397 2017 1474 2082 sub·

145 2102 255 2169 iacent
283 2107 395 2169 tamen
424 2102 491 2185 legi
515 2103 644 2168 divinae
667 2103 764 2168 fidem
795 2102 1011 2186 amplectendi
1035 2108 1134 2186 atquc
1157 2103 1327 2169 Ecclesiae
1350 2105 1412 2170 Dei
1438 2127 1474 2171 ee

146 2192 359 2274 aggregandi.
411 2193 466 2258 Th.
491 2214 533 2259 m.
558 2192 583 2271 l,
611 2194 683 2258 137.

233 2299 272 2364 lt.
297 2302 326 2365 2.
374 2298 557 2364 acatholici
587 2297 745 2382 baptizati
775 2318 834 2382 per
863 2297 1061 2382 baptismum
1085 2297 1253 2363 Ecclesiae
1280 2298 1329 2364 ita
1352 2320 1474 2382 aggre-

144 2388 214 2470 gati
245 2391 331 2466 sunt,
362 2391 399 2453 ut
430 2387 499 2452 eius
522 2387 736 2453 iurisdictioni
767 2391 802 2453 et
830 2386 896 2468 legi
927 2386 1127 2464 subiaceant,
1159 2387 1260 2453 ctiam
1289 2388 1473 2471 siquando

144 2499 203 2561 per
226 2476 596 2543 excommunicationem
625 2476 666 2542 ab
696 2476 811 2543 intimo
842 2497 914 2541 curn
939 2476 1088 2541 Ecclesia
1111 2497 1198 2541 nexu
1230 2475 1371 2543 seiuncti
1395 2479 1473 2545 sint.

149 2568 203 2634 Tb.
230 2590 269 2632 νη.
294 2566 319 2644 Ι,
346 2567 420 2633 136.

233 2672 271 2737 R.
297 2676 327 2738 3.
373 2671 577 2753 Quamquam
607 2671 768 2737 obiective
798 2670 831 2736 hi
860 2670 987 2753 legibus
1017 2670 1186 2736 Ecclesiae
1216 2671 1353 2738 subiecti
1385 2678 1473 2751 sunt,

144 2760 323 2827 subiective
346 2782 404 2844 per
426 2762 543 2825 harum
565 2760 675 2843 legum
699 2760 992 2843 transgressionem
1016 2761 1207 2844 plerumque
1234 2782 1298 2826 nou
1322 2770 1472 2845 peccant,

144 2850 220 2932 quia
243 2850 327 2915 hanc
357 2849 591 2915 subiectionem
614 2850 721 2915 solent
751 2848 847 2933 plane
876 2849 1039 2931 ignorare.
1087 2850 1189 2914 Immo
1213 2853 1290 2915 sunt
1313 2850 1471 2934 theologi,

144 2939 198 3021 qui
226 2945 381 3006 censeant
410 2939 574 3023 praesumi
603 2959 709 3022 posse,
741 2938 923 3004 Ecclesiam
953 2939 1040 3003 nolle
1067 2938 1251 3005 haereticos
1280 2938 1321 3004 iis
1344 2940 1473 3024 legibus

142 3029 257 3111 ligare,
281 3049 365 3110 quae
385 3029 508 3094 directe
532 3028 574 3093 ad
596 3027 828 3093 individualem
845 3027 1137 3092 sanctificationem
1159 3028 1309 3106 tendant,
1333 3033 1372 3094 ut
1394 3036 1474 3097 sunt

142 3119 233 3201 leges
255 3117 375 3195 ieiunii,
400 3118 569 3195 festorum,
593 3116 756 3184 similium.
804 3116 850 3183 cf.
875 3117 987 3182 Marc
1010 3138 1041 3182 n.
1062 3119 1133 3182 198.

99 3239 133 3293 95
231 3231 284 3297 Au
307 3252 499 3308 Quausrruu
527 3234 566 3295 2¹¹¹
589 3231 627 3297 R.
674 3231 702 3295 Ii
734 3231 789 3313 qui
819 3230 886 3312 legi
919 3230 1160 3296 ecclesiasticae
1192 3253 1256 3297 uon
1289 3231 1472 3312 subiacent,

142 3321 227 3387 sicut
256 3321 318 3405 ipsi
348 3343 412 3386 non
435 3325 574 3404 peccant
597 3320 717 3402 aliquid
748 3320 814 3403 legi
838 3319 1036 3385 contrarium
1060 3319 1198 3402 agendo,
1228 3321 1277 3386 ita
1304 3321 1406 3388 ctiam
1429 3324 1471 3390 ab

143 3410 216 3475 aliis
247 3411 289 3475 ad
318 3409 379 3474 hoc
401 3409 510 3475 induci
537 3431 596 3493 per
618 3431 654 3475 se
683 3413 822 3494 possunt
844 3409 914 3474 sine
938 3413 1082 3492 peccato.
1130 3409 1196 3474 Eos
1220 3431 1308 3488 vero,
1334 3410 1390 3493 qui
1414 3413 1472 3477 ob-

142 3500 260 3564 iective
283 3499 410 3580 legibus
433 3499 614 3577 subiacent,
644 3499 799 3564 inducere
828 3520 892 3563 non
923 3498 1001 3565 licet
1029 3498 1071 3563 ad
1102 3498 1259 3564 eiusmodi
1289 3501 1471 3566 actionem:

142 3610 217 3652 narn
234 3609 275 3652 ne
292 3588 488 3653 obiectivum
505 3588 635 3670 quidem
651 3592 822 3671 peccatum
838 3588 944 3653 sciens
960 3588 1098 3653 suadere
1113 3588 1171 3653 ulli
1187 3587 1308 3653 homini
1325 3610 1469 3672 possum.

146 3679 203 3744 Tb.
227 3700 268 3742 aa.
293 3677 334 3742 ib.

98 3799 131 3852 96
231 3790 283 3854 An
307 3811 498 3866 nunusmuu
523 3793 561 3855 3¹²¹
584 3789 623 3854 R.
647 3791 674 3856 1.
722 3790 785 3855 Per
814 3811 850 3855 se
879 3811 944 3855 non
973 3790 1081 3873 potuit
1104 3790 1238 3856 Carolus
1268 3812 1329 3858 sua
1351 3799 1470 3878 sponte

142 3880 401 3963 protestantibus
424 3881 554 3945 labores
577 3879 713 3943 serviles
729 3878 895 3962 imponere
912 3879 1025 3944 diebus
1048 3901 1106 3964 per
1130 3880 1310 3947 Ecclesiam
1328 3880 1469 3953 festivis.

142 3968 228 4033 Nam
254 3969 315 4034 etsi
340 3969 501 4052 praesumi
526 3968 631 4052 possit
654 3968 834 4033 Ecclesiam
858 3968 944 4032 nolle
967 3969 1055 4052 ipsos
1071 3973 1296 4053 protestantes
1319 3971 1394 4053 lege
1413 3973 1471 4039 illa

141 4058 262 4139 ligare,
295 4078 336 4122 ne
360 4079 474 4124 ansam
497 4056 655 4141 peccandi
678 4061 815 4140 augeat:
847 4057 930 4121 sumi
954 4059 1067 4141 nequit
1090 4059 1272 4124 Ecclesiam
1301 4059 1334 4125 id
1368 4062 1470 4128 etiam

142 4147 290 4212 fidelibus
314 4147 483 4213 catholicis
507 4146 694 4224 concedere,
725 4151 762 4212 nt
791 4147 1050 4230 protestantibus
1073 4148 1202 4214 labores
1225 4148 1406 4233 imponant,
1431 4172 1470 4216 eo

142 4237 227 4319 quod
250 4236 375 4318 requiei
399 4236 538 4302 festivae
559 4236 703 4301 turbatio
727 4236 761 4300 in
785 4235 844 4301 tali
868 4257 946 4300 casu
969 4257 1034 4300 non
1057 4258 1077 4301 a
1100 4237 1179 4302 solis
1201 4237 1385 4318 haereticis,
1410 4241 1468 4306 sed

141 4328 239 4392 ctiam
264 4347 284 4390 a
308 4325 436 4390 domino
460 4326 620 4390 catholico
644 4325 878 4408 proficiscatur.
927 4325 960 4391 Si
983 4346 1062 4390 vero
1085 4327 1260 4393 haereticis
1290 4327 1370 4411 ipsis
1394 4351 1469 4413 per·

140 4437 271 4482 suasum
297 4418 348 4480 est
377 4436 413 4479 sc
437 4415 563 4496 legibus
587 4414 756 4479 catholicis
779 4435 843 4478 non
867 4414 979 4495 ligari,
1013 4420 1112 4498 atque
1136 4415 1198 4499 ipsi
1222 4437 1264 4481 ex
1287 4438 1348 4483 sua
1370 4423 1468 4503 parte

141 4528 199 4571 suo
232 4504 361 4570 nomine
390 4504 519 4569 labores
552 4503 585 4567 in
617 4503 728 4568 diebus
758 4503 887 4568 festivis
917 4525 1075 4586 peragere
1099 4506 1230 4571 volunt:
1262 4506 1399 4572 Carolus
1430 4529 1467 4574 ec

140 4594 268 4660 facilius
292 4595 498 4677 acquiescere
521 4592 659 4676 poterit,
692 4613 754 4675 quo
784 4593 890 4675 magis
922 4594 1006 4658 sumi
1038 4597 1149 4677 potest
1172 4595 1355 4661 Ecclesiam
1379 4597 1468 4681 ipsos
