3106 5168
128 294 283 351 Translatio
295 296 344 350 iur.
359 314 383 366 p.
397 300 552 351 testament.
566 297 697 352 ethered.
710 327 744 335 -
758 299 875 352 Heredes
887 300 1031 351 rrecoeaorii
1043 314 1171 350 eorumve
1184 299 1272 350 laesio.
1321 301 1361 362 47
1367 301 1384 364 7

63 472 182 537 effectu
207 492 284 538 vere
307 472 441 539 iuridico
465 479 564 555 atque
588 473 807 541 eonscientiae
831 473 1030 556 obligatione
1054 493 1179 539 carens.
1222 473 1387 537 Consensu

63 561 166 643 igitur
195 562 343 644 guberuii
373 562 443 627 sive
474 584 537 627 non
569 569 685 645 rogato
716 564 786 627 sive
816 563 916 628 etiam
939 583 1095 647 expresse
1125 566 1262 642 negato,
1296 562 1388 627 valor

63 650 255 716 testamenti
278 651 312 714 in
335 651 484 716 favorem
508 672 628 717 causae
652 651 725 735 piae
748 653 907 719 subsistit.

154 747 193 813 R.
220 751 250 814 2.
296 749 493 831 Cuicumque
516 749 617 831 igitur
639 750 804 814 hereditas
830 749 888 814 illa
911 749 1098 824 addicatur,
1123 747 1178 812 ille
1200 747 1251 812 ius
1274 768 1388 812 verum

64 836 119 900 vel
142 836 319 902 dominium
344 859 456 902 verum
480 838 513 902 in
537 859 609 903 earn
633 860 697 903 non
720 839 874 920 acquirit,
899 838 956 902 sed
979 841 1110 902 tenetur
1132 836 1166 901 in
1190 835 1389 902 conscientia

65 947 139 991 eam
162 925 314 992 instituto
345 927 398 1010 pio
421 927 567 1005 tradere,
599 949 758 992 summam
782 933 892 993 autem
923 927 1013 1011 nepti
1042 925 1222 993 testatricis
1246 925 1387 991 debitam

65 1015 140 1080 huic
165 1015 273 1098 potius
295 1016 426 1081 tradere
450 1015 556 1082 debet.

156 1103 241 1169 Hine
266 1109 334 1179 est,
365 1111 417 1180 ut,
448 1106 476 1170 si
506 1105 591 1171 inter
621 1105 731 1189 plures
755 1104 980 1189 Chrysanthae
1008 1107 1166 1186 cognatos
1194 1124 1267 1168 cum
1290 1108 1389 1187 nepte

64 1191 232 1257 hereditas
252 1193 358 1257 divisa
381 1194 491 1271 fuerit,
515 1193 622 1277 neptis
645 1196 774 1277 partem
797 1214 890 1259 suam
906 1193 1055 1259 detracta
1078 1214 1205 1257 summa
1228 1192 1289 1258 sibi
1312 1192 1388 1257 olim

65 1281 254 1362 assignata,
286 1282 341 1346 alii
370 1282 533 1364 integram
556 1304 648 1347 suain
680 1287 807 1367 partem
834 1283 887 1367 pio
910 1282 1062 1349 instituto
1089 1281 1225 1346 reddere
1255 1281 1288 1346 in
1312 1302 1389 1345 con-

64 1370 207 1436 scientia
229 1375 413 1437 teneantur.

157 1460 206 1524 De
230 1464 339 1525 cetero
364 1464 452 1538 nota,
476 1481 559 1543 quaa
582 1459 615 1524 in
638 1481 716 1525 casu
740 1461 802 1526 287
829 1461 870 1525 ad
895 1459 1010 1537 Quaes
1028 1462 1067 1524 3¹¹¹
1091 1458 1129 1525 R.
1151 1463 1170 1524 2
1195 1480 1253 1524 seu
1276 1480 1306 1524 n.
1324 1461 1387 1523 931

64 1549 98 1612 in
124 1550 189 1613 fine
213 1549 302 1614 dicta
324 1553 410 1614 sunt.

349 1762 568 1828 HEREDUM
592 1762 784 1828 SCRIPTIO
810 1763 866 1827 ΕΤ
890 1760 1112 1828 EXCLUSIO.

623 1902 733 1968 Casus.
761 1910 837 1977 (200)

160 2025 321 2084 Philiberta
343 2046 418 2085 uxor
433 2046 497 2085 oum
518 2027 624 2086 marito
646 2026 835 2085 secundiani
857 2026 1035 2085 matrimonii
1050 2025 1281 2084 communionem
1303 2026 1392 2082 bono·

66 2125 133 2164 rum
155 2105 272 2164 inierat.
315 2106 506 2166 Testameuto
528 2108 617 2177 facto,
639 2106 762 2165 heredes
784 2106 888 2164 scribit
908 2105 986 2165 filios
1007 2104 1115 2183 prioris
1136 2104 1325 2174 matrimonii,
1348 2123 1391 2161 ae·

67 2186 158 2244 cundi
187 2185 364 2244 matrimonii
392 2186 476 2256 filiis,
506 2187 610 2262 quibua
638 2206 691 2264 per
713 2191 827 2262 patrem
848 2191 1045 2262 paternosque
1068 2191 1210 2260 cognatos
1231 2183 1306 2242 satis
1327 2204 1391 2259 pro·

67 2266 167 2324 visum
189 2271 250 2335 est,
278 2265 381 2324 relicto
403 2267 502 2341 legato
530 2269 713 2326 millenarum
733 2285 913 2337 marcarum,
943 2265 1020 2342 quod
1047 2285 1084 2324 ne
1106 2264 1254 2324 dimidiam
1275 2264 1390 2339 quidem

68 2352 185 2422 partem
208 2347 352 2422 portionis
373 2346 522 2420 legitimae
544 2347 673 2422 attingit.

161 2426 300 2485 clausula
322 2428 462 2485 tentatrix
483 2428 613 2498 notavit,
642 2433 689 2496 ut,
716 2427 743 2485 si
764 2427 813 2502 qui
834 2432 978 2486 conentur
999 2426 1076 2484 hano
1098 2423 1319 2502 dispositionem
1341 2422 1393 2481 im·

68 2525 220 2583 pugnare,
248 2506 290 2565 illi
312 2526 348 2566 eo
369 2507 433 2583 ipso
462 2510 499 2566 ab
520 2507 599 2565 omni
626 2507 790 2566 hereditate
818 2507 1045 2565 excluderentur
1071 2511 1105 2564 ut
1131 2505 1244 2580 indigni
1272 2508 1393 2581 propter

68 2606 193 2660 gravem
222 2586 470 2646 inoboedientiam
499 2607 558 2645 non
587 2588 678 2646 semel
706 2588 909 2660 commissam,
940 2606 1026 2663 quam
1055 2587 1130 2646 alias
1159 2591 1274 2645 tautum
1302 2584 1393 2642 vellet

68 2668 181 2725 habere
201 2685 255 2742 pro
277 2667 451 2726 condonata.

69 2771 249 2842 Qusnnrnun
272 2774 300 2830 1⁰
325 2772 462 2910 {quaelsit
458 2772 651 2911 ἵ1111311111
639 2778 816 2832 testatorum
835 2773 1017 2850 relinquendi
1039 2773 1129 2831 certis
1150 2771 1307 2830 heredibus
1327 2788 1393 2846 par·

340 2872 384 2910 em
418 2871 465 2926 sgr
480 2872 568 2910 unam

270 2941 300 2998 2⁰
326 2960 400 3015 quae
422 2941 462 2999 sit
449 2941 576 2999 ttfacul
564 2946 610 2998 tas
632 2943 669 2998 ab
691 2941 855 3000 hereditate
876 2941 1059 3000 excludendi

271 3031 301 3088 3⁰
326 3029 430 3103 quid'
422 3048 452 3086 in
474 3047 546 3088 casu
568 3029 603 3087 de
626 3034 804 3088 testamento
826 3030 1065 3089 Philibertaet
1035 3034 1065 3087 et
1087 3028 1122 3086 de
1150 3027 1293 3086 facultate
1320 3025 1392 3085 illud

325 3109 516 3185 impugnandi
536 3108 783 3167 iudicandum't
744 3117 791 3169 s1t.

666 3275 801 3342 Salutio.

161 3396 214 3461 An
244 3418 434 3473 qusssruuu
461 3402 497 3462 1ιη
527 3399 566 3463 11.
594 3402 621 3464 1.
669 3399 702 3465 Si
732 3419 796 3463 nou
826 3403 877 3463 est
906 3398 1000 3463 nimis
1027 3419 1131 3482 parva
1154 3397 1277 3480 portio,
1310 3418 1393 3479 quae
1403 3407 1455 3461 940

68 3487 193 3552 liberae
210 3486 413 3569 dispositioni
436 3488 606 3553 testatoris
630 3488 833 3569 relinquitur,
857 3487 947 3569 leges
963 3487 1124 3572 positivae
1142 3487 1227 3552 iuste
1243 3491 1394 3552 statuunt

68 3575 220 3661 proxime
251 3577 401 3657 cognatis
432 3583 556 3641 certam
579 3577 761 3660 portionem
793 3577 1030 3642 necessariam:
1063 3576 1138 3641 hinc
1161 3576 1324 3657 sequitur,
1358 3579 1395 3641 ut

68 3666 163 3730 laesa
191 3664 250 3729 illa
278 3665 428 3747 portione
456 3665 507 3729 ius
538 3687 648 3729 eorum
679 3687 736 3730 seu
766 3666 893 3732 iustitia
919 3667 1078 3732 laedatur.
1125 3665 1247 3742 Quibus
1271 3671 1394 3748 quanta

69 3754 179 3838 portio
196 3754 354 3820 debeatur
372 3754 404 3817 in
420 3753 557 3835 singulis
572 3755 768 3835 regionibus
793 3756 884 3836 leges
900 3756 1050 3838 vigentes
1067 3755 1233 3822 deliniunt.
1267 3755 1394 3838 Ubique

68 3847 163 3908 certa
192 3842 299 3927 portio
324 3843 461 3908 debetur
484 3843 772 3920 descendentibus,
804 3844 978 3926 aliquando
1009 3844 1108 3910 etiam
1131 3844 1393 3921 ascendentibus,

69 3932 126 3997 vel
156 3932 255 3998 etiarn
285 3931 444 3998 fratribus
473 3937 507 3997 et
538 3933 719 4008 sororibus;
751 3933 807 3998 vix
838 3954 901 3998 non
932 3933 1050 4015 ubique
1080 3938 1170 3999 certo
1200 3934 1295 3998 modo
1319 3954 1393 4017 pro·

68 4021 203 4086 videtur
225 4020 321 4086 uxori
343 4020 529 4102 superstiti,
559 4042 623 4086 non
647 4026 757 4088 tamen
781 4023 900 4105 ubique
930 4023 1078 4107 portione
1106 4021 1297 4088 hereditatis
1320 4023 1394 4103 lege

68 4109 275 4194 praescripta
298 4109 445 4188 (innovo
463 4110 531 4173 iure
549 4110 656 4176 Germ.
674 4111 809 4193 quilibet
833 4112 951 4177 coniux
975 4119 1141 4197 superstes
1156 4112 1243 4177 inter
1257 4110 1394 4175 heredes

69 4200 274 4265 necessarios
296 4197 529 4281 computatur).

161 4296 200 4362 R.
225 4299 256 4362 2.
298 4295 431 4373 Verum,
456 4300 492 4360 ut
516 4297 555 4359 de
577 4295 747 4375 iniustitia,
772 4319 869 4379 quam
893 4303 1046 4382 parentes
1069 4297 1229 4381 privando
1253 4297 1392 4378 aliquem

68 4407 113 4451 ex
136 4385 212 4450 filiis
234 4384 384 4469 portione
408 4384 555 4465 legitima
580 4387 801 4462 committant,
830 4387 962 4465 sileam,
987 4386 1114 4452 facilius
1137 4385 1237 4451 etiarn
1260 4386 1394 4453 laedunt

68 4475 229 4558 pietatem
253 4473 329 4539 filiis
353 4473 505 4539 debitam.
552 4473 638 4537 Nam
667 4475 729 4539 etsi
759 4480 887 4557 partem
918 4477 992 4558 lege
1020 4474 1239 4539 necessariam
1263 4473 1393 4539 cuilibet

68 4564 210 4629 filiorum
241 4562 443 4644 relinquant,
475 4563 502 4626 si
531 4560 601 4625 sine
631 4562 718 4627 iusta
747 4584 846 4628 cansa
877 4565 931 4628 uni
962 4586 1041 4648 prae
1071 4564 1177 4630 altero
1207 4561 1396 4628 notabiliter

67 4654 218 4730 faveant,
243 4673 358 4717 ansam
381 4652 461 4716 dant
485 4650 717 4716 discordiarum
742 4658 776 4718 et
799 4653 981 4718 animorum
1006 4652 1224 4720 alienationis.
1261 4650 1331 4728 Qua
1355 4652 1396 4716 de
