<?xml version="1.0" encoding="UTF-8"?>
<!DOCTYPE html PUBLIC "-//W3C//DTD XHTML 1.0 Transitional//EN"
    "http://www.w3.org/TR/xhtml1/DTD/xhtml1-transitional.dtd">
<html xmlns="http://www.w3.org/1999/xhtml" xml:lang="en" lang="en">
 <head>
  <title>
</title>
<meta http-equiv="Content-Type" content="text/html;charset=utf-8" />
  <meta name='ocr-system' content='tesseract 3.04.00' />
  <meta name='ocr-capabilities' content='ocr_page ocr_carea ocr_par ocr_line ocrx_word'/>
</head>
<body>
  <div class='ocr_page' id='page_1' title='image "./casusconscienti01lehmgoog_0462.png"; bbox 0 0 3106 5168; ppageno 0'>
   <div class='ocr_carea' id='block_1_1' title="bbox 158 299 1345 368">
    <p class='ocr_par' dir='ltr' id='par_1_1' title="bbox 158 299 1345 368">
     <span class='ocr_line' id='line_1_1' title="bbox 158 299 1345 368; baseline 0 -13"><span class='ocrx_word' id='word_1_1' title='bbox 158 306 223 368; x_wconf 83' lang='grc'><strong>446</strong></span> <span class='ocrx_word' id='word_1_2' title='bbox 297 300 337 354; x_wconf 88' lang='lat' dir='ltr'><strong>De</strong></span> <span class='ocrx_word' id='word_1_3' title='bbox 355 300 503 354; x_wconf 88' lang='lat' dir='ltr'><strong>virtutibus</strong></span> <span class='ocrx_word' id='word_1_4' title='bbox 521 303 550 354; x_wconf 89' lang='lat' dir='ltr'><strong>et</strong></span> <span class='ocrx_word' id='word_1_5' title='bbox 567 300 665 355; x_wconf 80' lang='lat' dir='ltr'><strong>officiis</strong></span> <span class='ocrx_word' id='word_1_6' title='bbox 683 317 749 368; x_wconf 77' lang='lat' dir='ltr'><strong>erga</strong></span> <span class='ocrx_word' id='word_1_7' title='bbox 767 299 897 354; x_wconf 85' lang='lat' dir='ltr'><strong>homines.</strong></span> <span class='ocrx_word' id='word_1_8' title='bbox 917 330 951 338; x_wconf 93' lang='lat'>-</span> <span class='ocrx_word' id='word_1_9' title='bbox 970 299 1021 354; x_wconf 81' lang='lat' dir='ltr'><strong>on.</strong></span> <span class='ocrx_word' id='word_1_10' title='bbox 1041 300 1114 355; x_wconf 83' lang='lat' dir='ltr'><strong>cirea</strong></span> <span class='ocrx_word' id='word_1_11' title='bbox 1130 300 1201 355; x_wconf 81' lang='lat' dir='ltr'><strong>bona</strong></span> <span class='ocrx_word' id='word_1_12' title='bbox 1219 302 1345 356; x_wconf 75' lang='lat' dir='ltr'><strong>externa</strong></span> 
     </span>
    </p>
   </div>
   <div class='ocr_carea' id='block_1_2' title="bbox 158 475 1483 740">
    <p class='ocr_par' dir='ltr' id='par_1_2' title="bbox 158 475 1483 740">
     <span class='ocr_line' id='line_1_2' title="bbox 158 475 1483 560; baseline 0.001 -17"><span class='ocrx_word' id='word_1_13' title='bbox 158 478 316 543; x_wconf 80' lang='lat' dir='ltr'><strong>fundatur</strong></span> <span class='ocrx_word' id='word_1_14' title='bbox 339 477 372 542; x_wconf 89' lang='lat' dir='ltr'><strong>in</strong></span> <span class='ocrx_word' id='word_1_15' title='bbox 395 476 555 553; x_wconf 87' lang='lat' dir='ltr'><strong>utilitate,</strong></span> <span class='ocrx_word' id='word_1_16' title='bbox 587 498 684 560; x_wconf 91' lang='lat' dir='ltr'><strong>quam</strong></span> <span class='ocrx_word' id='word_1_17' title='bbox 707 497 760 542; x_wconf 89' lang='lat' dir='ltr'><strong>res</strong></span> <span class='ocrx_word' id='word_1_18' title='bbox 789 478 907 542; x_wconf 82' lang='lat' dir='ltr'><strong>afferre</strong></span> <span class='ocrx_word' id='word_1_19' title='bbox 933 476 1035 553; x_wconf 89' lang='lat' dir='ltr'><strong>solet,</strong></span> <span class='ocrx_word' id='word_1_20' title='bbox 1065 476 1098 541; x_wconf 94' lang='lat' dir='ltr'><strong>in</strong></span> <span class='ocrx_word' id='word_1_21' title='bbox 1121 475 1262 543; x_wconf 89' lang='lat' dir='ltr'><strong>raritate</strong></span> <span class='ocrx_word' id='word_1_22' title='bbox 1285 482 1322 542; x_wconf 91' lang='lat' dir='ltr'><strong>et</strong></span> <span class='ocrx_word' id='word_1_23' title='bbox 1345 476 1483 544; x_wconf 86' lang='lat' dir='ltr'><strong>difficul-</strong></span> 
     </span>
     <span class='ocr_line' id='line_1_3' title="bbox 158 564 1482 650; baseline 0 -17"><span class='ocrx_word' id='word_1_24' title='bbox 158 572 229 633; x_wconf 83' lang='lat' dir='ltr'><strong>tate</strong></span> <span class='ocrx_word' id='word_1_25' title='bbox 262 588 334 632; x_wconf 92' lang='lat' dir='ltr'><strong>eam</strong></span> <span class='ocrx_word' id='word_1_26' title='bbox 367 565 592 649; x_wconf 90' lang='lat' dir='ltr'><strong>comparandi;</strong></span> <span class='ocrx_word' id='word_1_27' title='bbox 625 586 730 648; x_wconf 89' lang='lat' dir='ltr'><strong>neque</strong></span> <span class='ocrx_word' id='word_1_28' title='bbox 760 565 830 630; x_wconf 90' lang='lat' dir='ltr'><strong>sine</strong></span> <span class='ocrx_word' id='word_1_29' title='bbox 863 564 1006 629; x_wconf 89' lang='lat' dir='ltr'><strong>laesione</strong></span> <span class='ocrx_word' id='word_1_30' title='bbox 1038 564 1182 632; x_wconf 88' lang='lat' dir='ltr'><strong>iustitiae</strong></span> <span class='ocrx_word' id='word_1_31' title='bbox 1214 566 1257 632; x_wconf 90' lang='lat' dir='ltr'><strong>ab</strong></span> <span class='ocrx_word' id='word_1_32' title='bbox 1289 565 1347 632; x_wconf 89' lang='lat' dir='ltr'><strong>illo</strong></span> <span class='ocrx_word' id='word_1_33' title='bbox 1377 568 1482 650; x_wconf 89' lang='lat' dir='ltr'><strong>pretio</strong></span> 
     </span>
     <span class='ocr_line' id='line_1_4' title="bbox 158 654 1483 740; baseline 0 -19"><span class='ocrx_word' id='word_1_34' title='bbox 158 654 289 737; x_wconf 82' lang='lat' dir='ltr'><strong>vulgari</strong></span> <span class='ocrx_word' id='word_1_35' title='bbox 310 655 462 720; x_wconf 85' lang='lat' dir='ltr'><strong>recedere</strong></span> <span class='ocrx_word' id='word_1_36' title='bbox 485 654 578 731; x_wconf 87' lang='lat' dir='ltr'><strong>licet,</strong></span> <span class='ocrx_word' id='word_1_37' title='bbox 603 654 663 719; x_wconf 88' lang='lat' dir='ltr'><strong>nisi</strong></span> <span class='ocrx_word' id='word_1_38' title='bbox 688 658 861 720; x_wconf 88' lang='lat' dir='ltr'><strong>occurrant</strong></span> <span class='ocrx_word' id='word_1_39' title='bbox 884 656 1035 739; x_wconf 72' lang='lat' dir='ltr'><strong><em>speciales</em></strong></span> <span class='ocrx_word' id='word_1_40' title='bbox 1057 655 1216 732; x_wconf 87' lang='lat' dir='ltr'><strong>rationes,</strong></span> <span class='ocrx_word' id='word_1_41' title='bbox 1241 675 1327 738; x_wconf 90' lang='lat' dir='ltr'><strong>quae</strong></span> <span class='ocrx_word' id='word_1_42' title='bbox 1349 654 1386 720; x_wconf 89' lang='lat' dir='ltr'><strong>iu</strong></span> <span class='ocrx_word' id='word_1_43' title='bbox 1409 677 1483 740; x_wconf 90' lang='lat' dir='ltr'><strong>par-</strong></span> 
     </span>
    </p>
   </div>
   <div class='ocr_carea' id='block_1_3' title="bbox 157 743 1484 1077">
    <p class='ocr_par' dir='ltr' id='par_1_3' title="bbox 157 743 1484 1077">
     <span class='ocr_line' id='line_1_5' title="bbox 158 743 1484 827; baseline 0.002 -17"><span class='ocrx_word' id='word_1_44' title='bbox 158 744 288 810; x_wconf 89' lang='lat' dir='ltr'><strong>ticulari</strong></span> <span class='ocrx_word' id='word_1_45' title='bbox 311 765 389 810; x_wconf 88' lang='lat' dir='ltr'><strong>casu</strong></span> <span class='ocrx_word' id='word_1_46' title='bbox 413 743 554 827; x_wconf 89' lang='lat' dir='ltr'><strong>pretium</strong></span> <span class='ocrx_word' id='word_1_47' title='bbox 570 744 622 808; x_wconf 90' lang='lat' dir='ltr'><strong>vel</strong></span> <span class='ocrx_word' id='word_1_48' title='bbox 646 743 830 827; x_wconf 80' lang='lat' dir='ltr'>deprimant</span> <span class='ocrx_word' id='word_1_49' title='bbox 846 744 898 808; x_wconf 91' lang='lat' dir='ltr'><strong>vel</strong></span> <span class='ocrx_word' id='word_1_50' title='bbox 922 747 1076 825; x_wconf 74' lang='lat' dir='ltr'><strong>augeant,</strong></span> <span class='ocrx_word' id='word_1_51' title='bbox 1114 743 1239 809; x_wconf 81' lang='lat' dir='ltr'><strong>Licebit</strong></span> <span class='ocrx_word' id='word_1_52' title='bbox 1261 748 1377 810; x_wconf 88' lang='lat' dir='ltr'><strong>tamen</strong></span> <span class='ocrx_word' id='word_1_53' title='bbox 1401 745 1484 812; x_wconf 88' lang='lat' dir='ltr'><strong>citra</strong></span> 
     </span>
     <span class='ocr_line' id='line_1_6' title="bbox 158 832 1484 916; baseline 0.002 -18"><span class='ocrx_word' id='word_1_54' title='bbox 158 832 351 901; x_wconf 88' lang='lat' dir='ltr'><strong>iniustitiam</strong></span> <span class='ocrx_word' id='word_1_55' title='bbox 373 832 484 897; x_wconf 89' lang='lat' dir='ltr'><strong>infimo</strong></span> <span class='ocrx_word' id='word_1_56' title='bbox 507 832 614 916; x_wconf 91' lang='lat' dir='ltr'><strong>pretio</strong></span> <span class='ocrx_word' id='word_1_57' title='bbox 638 853 745 898; x_wconf 89' lang='lat' dir='ltr'><strong>emere</strong></span> <span class='ocrx_word' id='word_1_58' title='bbox 768 833 822 898; x_wconf 91' lang='lat' dir='ltr'><strong>vel</strong></span> <span class='ocrx_word' id='word_1_59' title='bbox 844 853 969 897; x_wconf 90' lang='lat' dir='ltr'><strong>summo</strong></span> <span class='ocrx_word' id='word_1_60' title='bbox 995 832 1100 915; x_wconf 90' lang='lat' dir='ltr'><strong>pretio</strong></span> <span class='ocrx_word' id='word_1_61' title='bbox 1123 832 1282 910; x_wconf 88' lang='lat' dir='ltr'><strong>vendere,</strong></span> <span class='ocrx_word' id='word_1_62' title='bbox 1314 833 1415 899; x_wconf 92' lang='lat' dir='ltr'><strong>modo</strong></span> <span class='ocrx_word' id='word_1_63' title='bbox 1444 855 1484 900; x_wconf 91' lang='lat' dir='ltr'><strong>ne</strong></span> 
     </span>
     <span class='ocr_line' id='line_1_7' title="bbox 157 921 1484 1077; baseline 0.001 -89"><span class='ocrx_word' id='word_1_64' title='bbox 157 923 317 1077; x_wconf 44' lang='lat' dir='ltr'><strong>2213?qu</strong></span> <span class='ocrx_word' id='word_1_65' title='bbox 352 921 557 988; x_wconf 89' lang='lat' dir='ltr'><strong>admittenda</strong></span> <span class='ocrx_word' id='word_1_66' title='bbox 593 921 678 987; x_wconf 88' lang='lat' dir='ltr'><strong>alter</strong></span> <span class='ocrx_word' id='word_1_67' title='bbox 708 921 904 987; x_wconf 84' lang='lat' dir='ltr'><strong>contrahens</strong></span> <span class='ocrx_word' id='word_1_68' title='bbox 937 921 1111 987; x_wconf 88' lang='lat' dir='ltr'><strong>inducatur</strong></span> <span class='ocrx_word' id='word_1_69' title='bbox 1145 922 1335 988; x_wconf 81' lang='lat' dir='ltr'><strong>extorsione</strong></span> <span class='ocrx_word' id='word_1_70' title='bbox 1373 923 1484 1007; x_wconf 88' lang='lat' dir='ltr'><strong>iniqua</strong></span> 
     </span>
    </p>
   </div>
   <div class='ocr_carea' id='block_1_4' title="bbox 95 1106 1481 1548">
    <p class='ocr_par' dir='ltr' id='par_1_4' title="bbox 95 1106 1481 1548">
     <span class='ocr_line' id='line_1_8' title="bbox 95 1106 1481 1193; baseline 0.002 -20"><span class='ocrx_word' id='word_1_71' title='bbox 95 1119 147 1173; x_wconf 74' lang='grc'><strong>879</strong></span> <span class='ocrx_word' id='word_1_72' title='bbox 246 1109 284 1175; x_wconf 83' lang='lat' dir='ltr'><strong>R.</strong></span> <span class='ocrx_word' id='word_1_73' title='bbox 311 1112 340 1174; x_wconf 85' lang='lat'><strong>3.</strong></span> <span class='ocrx_word' id='word_1_74' title='bbox 388 1106 568 1174; x_wconf 86' lang='lat' dir='ltr'><strong>Peculiaris</strong></span> <span class='ocrx_word' id='word_1_75' title='bbox 600 1107 743 1185; x_wconf 88' lang='lat' dir='ltr'><strong>utilitas,</strong></span> <span class='ocrx_word' id='word_1_76' title='bbox 774 1127 872 1189; x_wconf 91' lang='lat' dir='ltr'><strong>quam</strong></span> <span class='ocrx_word' id='word_1_77' title='bbox 902 1108 1054 1173; x_wconf 91' lang='lat' dir='ltr'><strong>venditor</strong></span> <span class='ocrx_word' id='word_1_78' title='bbox 1083 1128 1184 1173; x_wconf 88' lang='lat' dir='ltr'><strong>exre</strong></span> <span class='ocrx_word' id='word_1_79' title='bbox 1207 1107 1331 1174; x_wconf 86' lang='lat' dir='ltr'><strong>habere</strong></span> <span class='ocrx_word' id='word_1_80' title='bbox 1360 1114 1481 1193; x_wconf 86' lang='lat' dir='ltr'><strong>potest,</strong></span> 
     </span>
     <span class='ocr_line' id='line_1_9' title="bbox 158 1196 1481 1281; baseline 0.002 -19"><span class='ocrx_word' id='word_1_81' title='bbox 158 1196 208 1262; x_wconf 86' lang='lat' dir='ltr'><strong>ius</strong></span> <span class='ocrx_word' id='word_1_82' title='bbox 232 1196 361 1280; x_wconf 92' lang='lat' dir='ltr'><strong>quidem</strong></span> <span class='ocrx_word' id='word_1_83' title='bbox 385 1198 443 1263; x_wconf 92' lang='lat' dir='ltr'><strong>dat</strong></span> <span class='ocrx_word' id='word_1_84' title='bbox 466 1196 508 1262; x_wconf 88' lang='lat' dir='ltr'><strong>ad</strong></span> <span class='ocrx_word' id='word_1_85' title='bbox 523 1197 664 1279; x_wconf 92' lang='lat' dir='ltr'><strong>pretium</strong></span> <span class='ocrx_word' id='word_1_86' title='bbox 681 1196 882 1279; x_wconf 65' lang='lat' dir='ltr'><strong>augendum</strong></span> <span class='ocrx_word' id='word_1_87' title='bbox 907 1217 971 1262; x_wconf 90' lang='lat' dir='ltr'><strong>non</strong></span> <span class='ocrx_word' id='word_1_88' title='bbox 987 1197 1036 1263; x_wconf 91' lang='lat' dir='ltr'><strong>ita</strong></span> <span class='ocrx_word' id='word_1_89' title='bbox 1052 1196 1178 1263; x_wconf 90' lang='lat' dir='ltr'><strong>utilitas</strong></span> <span class='ocrx_word' id='word_1_90' title='bbox 1193 1197 1357 1280; x_wconf 86' lang='lat' dir='ltr'><strong>specialis,</strong></span> <span class='ocrx_word' id='word_1_91' title='bbox 1384 1219 1481 1281; x_wconf 88' lang='lat' dir='ltr'><strong>quam</strong></span> 
     </span>
     <span class='ocr_line' id='line_1_10' title="bbox 156 1285 1481 1370; baseline 0.001 -18"><span class='ocrx_word' id='word_1_92' title='bbox 156 1290 285 1370; x_wconf 85' lang='lat' dir='ltr'><strong>emptor</strong></span> <span class='ocrx_word' id='word_1_93' title='bbox 307 1307 350 1352; x_wconf 83' lang='lat' dir='ltr'><strong>ex</strong></span> <span class='ocrx_word' id='word_1_94' title='bbox 373 1307 409 1351; x_wconf 94' lang='lat' dir='ltr'><strong>re</strong></span> <span class='ocrx_word' id='word_1_95' title='bbox 432 1293 553 1370; x_wconf 90' lang='lat' dir='ltr'><strong>sperat.</strong></span> <span class='ocrx_word' id='word_1_96' title='bbox 601 1285 635 1352; x_wconf 86' lang='lat' dir='ltr'><strong>Si</strong></span> <span class='ocrx_word' id='word_1_97' title='bbox 659 1307 738 1351; x_wconf 93' lang='lat' dir='ltr'><strong>vero</strong></span> <span class='ocrx_word' id='word_1_98' title='bbox 768 1290 897 1370; x_wconf 85' lang='lat' dir='ltr'><strong>emptor</strong></span> <span class='ocrx_word' id='word_1_99' title='bbox 926 1291 1060 1370; x_wconf 92' lang='lat' dir='ltr'><strong>propter</strong></span> <span class='ocrx_word' id='word_1_100' title='bbox 1082 1289 1247 1370; x_wconf 88' lang='lat' dir='ltr'><strong>speratam</strong></span> <span class='ocrx_word' id='word_1_101' title='bbox 1271 1286 1364 1353; x_wconf 92' lang='lat' dir='ltr'><strong>illam</strong></span> <span class='ocrx_word' id='word_1_102' title='bbox 1394 1288 1481 1353; x_wconf 88' lang='lat' dir='ltr'><strong>utili·</strong></span> 
     </span>
     <span class='ocr_line' id='line_1_11' title="bbox 156 1374 1481 1461; baseline 0.001 -20"><span class='ocrx_word' id='word_1_103' title='bbox 156 1379 261 1442; x_wconf 91' lang='lat' dir='ltr'><strong>tatem</strong></span> <span class='ocrx_word' id='word_1_104' title='bbox 285 1375 425 1458; x_wconf 91' lang='lat' dir='ltr'><strong>pretium</strong></span> <span class='ocrx_word' id='word_1_105' title='bbox 450 1375 536 1441; x_wconf 93' lang='lat' dir='ltr'><strong>ultra</strong></span> <span class='ocrx_word' id='word_1_106' title='bbox 559 1395 720 1440; x_wconf 91' lang='lat' dir='ltr'><strong>summum</strong></span> <span class='ocrx_word' id='word_1_107' title='bbox 742 1375 838 1441; x_wconf 82' lang='lat' dir='ltr'><strong>libere</strong></span> <span class='ocrx_word' id='word_1_108' title='bbox 862 1376 974 1453; x_wconf 86' lang='lat' dir='ltr'><strong>offert,</strong></span> <span class='ocrx_word' id='word_1_109' title='bbox 1000 1376 1031 1440; x_wconf 93' lang='lat' dir='ltr'><strong>id</strong></span> <span class='ocrx_word' id='word_1_110' title='bbox 1055 1396 1134 1440; x_wconf 88' lang='lat' dir='ltr'><strong>sane</strong></span> <span class='ocrx_word' id='word_1_111' title='bbox 1157 1374 1310 1441; x_wconf 90' lang='lat' dir='ltr'><strong>venditor</strong></span> <span class='ocrx_word' id='word_1_112' title='bbox 1332 1375 1481 1461; x_wconf 83' lang='lat' dir='ltr'><strong>accipere</strong></span> 
     </span>
     <span class='ocr_line' id='line_1_12' title="bbox 156 1463 1361 1548; baseline 0.002 -19"><span class='ocrx_word' id='word_1_113' title='bbox 156 1469 190 1530; x_wconf 92' lang='lat' dir='ltr'><strong>et</strong></span> <span class='ocrx_word' id='word_1_114' title='bbox 214 1464 356 1531; x_wconf 91' lang='lat' dir='ltr'><strong>retinere</strong></span> <span class='ocrx_word' id='word_1_115' title='bbox 379 1469 498 1548; x_wconf 91' lang='lat' dir='ltr'><strong>potest.</strong></span> <span class='ocrx_word' id='word_1_116' title='bbox 545 1463 592 1529; x_wconf 82' lang='lat' dir='ltr'><strong>af.</strong></span> <span class='ocrx_word' id='word_1_117' title='bbox 618 1485 701 1546; x_wconf 90' lang='lat' dir='ltr'><strong>quae</strong></span> <span class='ocrx_word' id='word_1_118' title='bbox 724 1485 823 1547; x_wconf 91' lang='lat' dir='ltr'><strong>supra</strong></span> <span class='ocrx_word' id='word_1_119' title='bbox 846 1463 935 1530; x_wconf 89' lang='lat' dir='ltr'><strong>dicta</strong></span> <span class='ocrx_word' id='word_1_120' title='bbox 958 1469 1035 1530; x_wconf 91' lang='lat' dir='ltr'><strong>sunt</strong></span> <span class='ocrx_word' id='word_1_121' title='bbox 1057 1486 1111 1530; x_wconf 91' lang='lat' dir='ltr'><strong>nu.</strong></span> <span class='ocrx_word' id='word_1_122' title='bbox 1137 1466 1201 1530; x_wconf 82' lang='lat'><strong>788</strong></span> <span class='ocrx_word' id='word_1_123' title='bbox 1225 1469 1260 1530; x_wconf 94' lang='lat' dir='ltr'><strong>et</strong></span> <span class='ocrx_word' id='word_1_124' title='bbox 1284 1466 1361 1532; x_wconf 81' lang='lat'><strong>792.</strong></span> 
     </span>
    </p>
   </div>
   <div class='ocr_carea' id='block_1_5' title="bbox 155 1570 1479 2545">
    <p class='ocr_par' dir='ltr' id='par_1_5' title="bbox 155 1570 1479 2545">
     <span class='ocr_line' id='line_1_13' title="bbox 262 1570 1479 1655; baseline 0.003 -21"><span class='ocrx_word' id='word_1_125' title='bbox 262 1570 301 1636; x_wconf 86' lang='lat' dir='ltr'><strong>a.</strong></span> <span class='ocrx_word' id='word_1_126' title='bbox 326 1574 356 1637; x_wconf 83' lang='lat'><strong>4.</strong></span> <span class='ocrx_word' id='word_1_127' title='bbox 405 1571 549 1637; x_wconf 89' lang='lat' dir='ltr'><strong>Pretium</strong></span> <span class='ocrx_word' id='word_1_128' title='bbox 580 1573 705 1635; x_wconf 69' lang='lat' dir='ltr'><strong>cornino</strong></span> <span class='ocrx_word' id='word_1_129' title='bbox 729 1574 961 1637; x_wconf 83' lang='lat' dir='ltr'><strong>concentionole</strong></span> <span class='ocrx_word' id='word_1_130' title='bbox 983 1570 1165 1638; x_wconf 91' lang='lat' dir='ltr'><strong>attenditur</strong></span> <span class='ocrx_word' id='word_1_131' title='bbox 1187 1571 1221 1635; x_wconf 94' lang='lat' dir='ltr'><strong>in</strong></span> <span class='ocrx_word' id='word_1_132' title='bbox 1251 1571 1366 1649; x_wconf 88' lang='lat' dir='ltr'><strong>rebus,</strong></span> <span class='ocrx_word' id='word_1_133' title='bbox 1399 1593 1479 1655; x_wconf 90' lang='lat' dir='ltr'><strong>quae</strong></span> 
     </span>
     <span class='ocr_line' id='line_1_14' title="bbox 157 1659 1478 1737; baseline 0.002 -14"><span class='ocrx_word' id='word_1_134' title='bbox 157 1679 360 1724; x_wconf 88' lang='lat' dir='ltr'><strong>communem</strong></span> <span class='ocrx_word' id='word_1_135' title='bbox 383 1659 645 1726; x_wconf 80' lang='lat' dir='ltr'><strong>aestimationem</strong></span> <span class='ocrx_word' id='word_1_136' title='bbox 668 1680 730 1724; x_wconf 93' lang='lat' dir='ltr'><strong>non</strong></span> <span class='ocrx_word' id='word_1_137' title='bbox 754 1660 891 1737; x_wconf 87' lang='lat' dir='ltr'><strong>habent,</strong></span> <span class='ocrx_word' id='word_1_138' title='bbox 916 1660 975 1725; x_wconf 86' lang='lat' dir='ltr'><strong>sed</strong></span> <span class='ocrx_word' id='word_1_139' title='bbox 998 1681 1040 1725; x_wconf 87' lang='lat' dir='ltr'><strong>ex</strong></span> <span class='ocrx_word' id='word_1_140' title='bbox 1063 1660 1134 1725; x_wconf 87' lang='lat' dir='ltr'><strong>solo</strong></span> <span class='ocrx_word' id='word_1_141' title='bbox 1157 1660 1276 1726; x_wconf 87' lang='lat' dir='ltr'><strong>affectu</strong></span> <span class='ocrx_word' id='word_1_142' title='bbox 1301 1661 1478 1727; x_wconf 87' lang='lat' dir='ltr'><strong>aestiman-</strong></span> 
     </span>
     <span class='ocr_line' id='line_1_15' title="bbox 157 1747 1477 1831; baseline 0.002 -18"><span class='ocrx_word' id='word_1_143' title='bbox 157 1752 228 1813; x_wconf 89' lang='lat' dir='ltr'><strong>tur:</strong></span> <span class='ocrx_word' id='word_1_144' title='bbox 253 1748 338 1830; x_wconf 92' lang='lat' dir='ltr'><strong>quod</strong></span> <span class='ocrx_word' id='word_1_145' title='bbox 358 1747 390 1829; x_wconf 87' lang='lat'><strong>1)</strong></span> <span class='ocrx_word' id='word_1_146' title='bbox 406 1748 439 1813; x_wconf 91' lang='lat' dir='ltr'><strong>in</strong></span> <span class='ocrx_word' id='word_1_147' title='bbox 463 1749 561 1814; x_wconf 89' lang='lat' dir='ltr'><strong>rebus</strong></span> <span class='ocrx_word' id='word_1_148' title='bbox 592 1769 702 1813; x_wconf 89' lang='lat' dir='ltr'><strong>merae</strong></span> <span class='ocrx_word' id='word_1_149' title='bbox 731 1749 813 1814; x_wconf 89' lang='lat' dir='ltr'><strong>artis</strong></span> <span class='ocrx_word' id='word_1_150' title='bbox 843 1748 1070 1831; x_wconf 89' lang='lat' dir='ltr'><strong>quadantenus</strong></span> <span class='ocrx_word' id='word_1_151' title='bbox 1099 1748 1247 1831; x_wconf 92' lang='lat' dir='ltr'><strong>quidem,</strong></span> <span class='ocrx_word' id='word_1_152' title='bbox 1278 1770 1346 1815; x_wconf 92' lang='lat' dir='ltr'><strong>non</strong></span> <span class='ocrx_word' id='word_1_153' title='bbox 1368 1754 1477 1816; x_wconf 92' lang='lat' dir='ltr'><strong>tamen</strong></span> 
     </span>
     <span class='ocr_line' id='line_1_16' title="bbox 157 1836 1476 1922; baseline 0.003 -22"><span class='ocrx_word' id='word_1_154' title='bbox 157 1837 253 1920; x_wconf 92' lang='lat' dir='ltr'><strong>plene</strong></span> <span class='ocrx_word' id='word_1_155' title='bbox 285 1837 427 1913; x_wconf 85' lang='lat' dir='ltr'><strong>obtinet;</strong></span> <span class='ocrx_word' id='word_1_156' title='bbox 468 1859 543 1903; x_wconf 88' lang='lat' dir='ltr'><strong>nam</strong></span> <span class='ocrx_word' id='word_1_157' title='bbox 580 1837 786 1903; x_wconf 88' lang='lat' dir='ltr'><strong>latitudinem</strong></span> <span class='ocrx_word' id='word_1_158' title='bbox 821 1836 950 1920; x_wconf 91' lang='lat' dir='ltr'><strong>quidem</strong></span> <span class='ocrx_word' id='word_1_159' title='bbox 983 1858 1136 1920; x_wconf 85' lang='lat' dir='ltr'><strong>magnam</strong></span> <span class='ocrx_word' id='word_1_160' title='bbox 1168 1838 1310 1922; x_wconf 91' lang='lat' dir='ltr'><strong>pretium</strong></span> <span class='ocrx_word' id='word_1_161' title='bbox 1341 1839 1476 1906; x_wconf 87' lang='lat' dir='ltr'><strong>istarum</strong></span> 
     </span>
     <span class='ocr_line' id='line_1_17' title="bbox 156 1927 1476 1995; baseline 0.004 -6"><span class='ocrx_word' id='word_1_162' title='bbox 156 1946 265 1991; x_wconf 86' lang='lat' dir='ltr'><strong>rerum</strong></span> <span class='ocrx_word' id='word_1_163' title='bbox 289 1927 388 1991; x_wconf 91' lang='lat' dir='ltr'><strong>habet</strong></span> <span class='ocrx_word' id='word_1_164' title='bbox 411 1947 453 1991; x_wconf 86' lang='lat' dir='ltr'><strong>ex</strong></span> <span class='ocrx_word' id='word_1_165' title='bbox 477 1927 606 1991; x_wconf 89' lang='lat' dir='ltr'><strong>diverso</strong></span> <span class='ocrx_word' id='word_1_166' title='bbox 631 1927 806 1992; x_wconf 86' lang='lat' dir='ltr'><strong>ementium</strong></span> <span class='ocrx_word' id='word_1_167' title='bbox 829 1927 967 1995; x_wconf 86' lang='lat' dir='ltr'><strong>affectu:</strong></span> <span class='ocrx_word' id='word_1_168' title='bbox 992 1927 1072 1993; x_wconf 86' lang='lat' dir='ltr'><strong>certi</strong></span> <span class='ocrx_word' id='word_1_169' title='bbox 1097 1931 1208 1992; x_wconf 90' lang='lat' dir='ltr'><strong>tamen</strong></span> <span class='ocrx_word' id='word_1_170' title='bbox 1224 1927 1348 1994; x_wconf 89' lang='lat' dir='ltr'><strong>limites</strong></span> <span class='ocrx_word' id='word_1_171' title='bbox 1364 1929 1476 1994; x_wconf 87' lang='lat' dir='ltr'><strong>etiam-</strong></span> 
     </span>
     <span class='ocr_line' id='line_1_18' title="bbox 157 2015 1477 2098; baseline 0.002 -18"><span class='ocrx_word' id='word_1_172' title='bbox 157 2018 227 2080; x_wconf 91' lang='lat' dir='ltr'><strong>tum</strong></span> <span class='ocrx_word' id='word_1_173' title='bbox 251 2016 419 2081; x_wconf 88' lang='lat' dir='ltr'><strong>observari</strong></span> <span class='ocrx_word' id='word_1_174' title='bbox 442 2016 566 2084; x_wconf 87' lang='lat' dir='ltr'><strong>solent:</strong></span> <span class='ocrx_word' id='word_1_175' title='bbox 593 2016 626 2098; x_wconf 88' lang='lat'><strong>2)</strong></span> <span class='ocrx_word' id='word_1_176' title='bbox 650 2015 776 2081; x_wconf 87' lang='lat' dir='ltr'><strong>obtinet</strong></span> <span class='ocrx_word' id='word_1_177' title='bbox 798 2015 832 2080; x_wconf 93' lang='lat' dir='ltr'><strong>in</strong></span> <span class='ocrx_word' id='word_1_178' title='bbox 855 2015 1052 2093; x_wconf 86' lang='lat' dir='ltr'><strong>licitatione;</strong></span> <span class='ocrx_word' id='word_1_179' title='bbox 1083 2016 1128 2082; x_wconf 93' lang='lat' dir='ltr'><strong>ibi</strong></span> <span class='ocrx_word' id='word_1_180' title='bbox 1157 2018 1242 2081; x_wconf 90' lang='lat' dir='ltr'><strong>enim</strong></span> <span class='ocrx_word' id='word_1_181' title='bbox 1268 2017 1477 2083; x_wconf 84' lang='lat' dir='ltr'><strong>contentione</strong></span> 
     </span>
     <span class='ocr_line' id='line_1_19' title="bbox 157 2103 1473 2189; baseline 0.002 -21"><span class='ocrx_word' id='word_1_182' title='bbox 157 2103 361 2170; x_wconf 84' lang='lat' dir='ltr'><strong>offerentium</strong></span> <span class='ocrx_word' id='word_1_183' title='bbox 385 2105 514 2170; x_wconf 93' lang='lat' dir='ltr'><strong>demum</strong></span> <span class='ocrx_word' id='word_1_184' title='bbox 536 2105 677 2188; x_wconf 90' lang='lat' dir='ltr'><strong>pretium</strong></span> <span class='ocrx_word' id='word_1_185' title='bbox 702 2105 952 2182; x_wconf 89' lang='lat' dir='ltr'><strong>determinatur,</strong></span> <span class='ocrx_word' id='word_1_186' title='bbox 976 2105 1084 2172; x_wconf 89' lang='lat' dir='ltr'><strong>itaut</strong></span> <span class='ocrx_word' id='word_1_187' title='bbox 1108 2106 1147 2182; x_wconf 92' lang='lat' dir='ltr'><strong>ei,</strong></span> <span class='ocrx_word' id='word_1_188' title='bbox 1172 2105 1227 2187; x_wconf 93' lang='lat' dir='ltr'><strong>qui</strong></span> <span class='ocrx_word' id='word_1_189' title='bbox 1250 2106 1326 2189; x_wconf 88' lang='lat' dir='ltr'><strong>plus</strong></span> <span class='ocrx_word' id='word_1_190' title='bbox 1350 2106 1473 2182; x_wconf 86' lang='lat' dir='ltr'><strong>offerat,</strong></span> 
     </span>
     <span class='ocr_line' id='line_1_20' title="bbox 157 2192 1476 2275; baseline 0.002 -18"><span class='ocrx_word' id='word_1_191' title='bbox 157 2213 210 2257; x_wconf 92' lang='lat' dir='ltr'><strong>res</strong></span> <span class='ocrx_word' id='word_1_192' title='bbox 233 2192 277 2259; x_wconf 89' lang='lat' dir='ltr'><strong>sit</strong></span> <span class='ocrx_word' id='word_1_193' title='bbox 300 2192 497 2272; x_wconf 89' lang='lat' dir='ltr'><strong>addicenda,</strong></span> <span class='ocrx_word' id='word_1_194' title='bbox 527 2193 590 2260; x_wconf 90' lang='lat' dir='ltr'><strong>etsi</strong></span> <span class='ocrx_word' id='word_1_195' title='bbox 613 2195 707 2259; x_wconf 89' lang='lat' dir='ltr'><strong>valor</strong></span> <span class='ocrx_word' id='word_1_196' title='bbox 733 2194 781 2260; x_wconf 89' lang='lat' dir='ltr'><strong>rei</strong></span> <span class='ocrx_word' id='word_1_197' title='bbox 804 2194 902 2274; x_wconf 84' lang='lat' dir='ltr'><strong>longe</strong></span> <span class='ocrx_word' id='word_1_198' title='bbox 932 2195 1037 2259; x_wconf 91' lang='lat' dir='ltr'><strong>maior</strong></span> <span class='ocrx_word' id='word_1_199' title='bbox 1066 2193 1126 2269; x_wconf 86' lang='lat' dir='ltr'><strong>sit,</strong></span> <span class='ocrx_word' id='word_1_200' title='bbox 1157 2214 1264 2275; x_wconf 91' lang='lat' dir='ltr'><strong>neque</strong></span> <span class='ocrx_word' id='word_1_201' title='bbox 1287 2200 1402 2260; x_wconf 88' lang='lat' dir='ltr'><strong>tamen</strong></span> <span class='ocrx_word' id='word_1_202' title='bbox 1425 2195 1476 2260; x_wconf 92' lang='lat' dir='ltr'><strong>ille</strong></span> 
     </span>
     <span class='ocr_line' id='line_1_21' title="bbox 155 2282 1476 2367; baseline 0.002 -21"><span class='ocrx_word' id='word_1_203' title='bbox 155 2282 308 2348; x_wconf 83' lang='lat' dir='ltr'><strong>recedere</strong></span> <span class='ocrx_word' id='word_1_204' title='bbox 332 2304 352 2348; x_wconf 89' lang='lat' dir='ltr'><strong>a</strong></span> <span class='ocrx_word' id='word_1_205' title='bbox 375 2283 481 2366; x_wconf 91' lang='lat' dir='ltr'><strong>pretio</strong></span> <span class='ocrx_word' id='word_1_206' title='bbox 505 2283 615 2348; x_wconf 86' lang='lat' dir='ltr'><strong>oblato</strong></span> <span class='ocrx_word' id='word_1_207' title='bbox 639 2283 752 2366; x_wconf 82' lang='lat' dir='ltr'><strong>possit,</strong></span> <span class='ocrx_word' id='word_1_208' title='bbox 778 2282 840 2349; x_wconf 87' lang='lat' dir='ltr'><strong>etei</strong></span> <span class='ocrx_word' id='word_1_209' title='bbox 863 2283 1011 2348; x_wconf 87' lang='lat' dir='ltr'><strong>valorem</strong></span> <span class='ocrx_word' id='word_1_210' title='bbox 1033 2282 1081 2347; x_wconf 89' lang='lat' dir='ltr'><strong>rei</strong></span> <span class='ocrx_word' id='word_1_211' title='bbox 1104 2283 1201 2365; x_wconf 85' lang='lat' dir='ltr'><strong>longe</strong></span> <span class='ocrx_word' id='word_1_212' title='bbox 1224 2286 1370 2367; x_wconf 88' lang='lat' dir='ltr'><strong>superet.</strong></span> <span class='ocrx_word' id='word_1_213' title='bbox 1418 2286 1476 2350; x_wconf 84' lang='lat' dir='ltr'><strong>At·</strong></span> 
     </span>
     <span class='ocr_line' id='line_1_22' title="bbox 155 2371 1474 2456; baseline 0.002 -19"><span class='ocrx_word' id='word_1_214' title='bbox 155 2376 265 2437; x_wconf 90' lang='lat' dir='ltr'><strong>tamen</strong></span> <span class='ocrx_word' id='word_1_215' title='bbox 290 2371 389 2438; x_wconf 90' lang='lat' dir='ltr'><strong>etiam</strong></span> <span class='ocrx_word' id='word_1_216' title='bbox 412 2371 457 2436; x_wconf 92' lang='lat' dir='ltr'><strong>ibi</strong></span> <span class='ocrx_word' id='word_1_217' title='bbox 480 2373 674 2456; x_wconf 85' lang='lat' dir='ltr'><strong>supponitur</strong></span> <span class='ocrx_word' id='word_1_218' title='bbox 697 2394 759 2437; x_wconf 90' lang='lat' dir='ltr'><strong>non</strong></span> <span class='ocrx_word' id='word_1_219' title='bbox 794 2393 866 2437; x_wconf 89' lang='lat' dir='ltr'><strong>esse</strong></span> <span class='ocrx_word' id='word_1_220' title='bbox 889 2372 1005 2437; x_wconf 87' lang='lat' dir='ltr'><strong>fraude</strong></span> <span class='ocrx_word' id='word_1_221' title='bbox 1028 2372 1179 2437; x_wconf 85' lang='lat' dir='ltr'><strong>effectum</strong></span> <span class='ocrx_word' id='word_1_222' title='bbox 1195 2372 1338 2455; x_wconf 90' lang='lat' dir='ltr'><strong>pretium</strong></span> <span class='ocrx_word' id='word_1_223' title='bbox 1361 2374 1474 2449; x_wconf 84' lang='lat' dir='ltr'><strong>maius,</strong></span> 
     </span>
     <span class='ocr_line' id='line_1_23' title="bbox 155 2460 1358 2545; baseline 0.002 -20"><span class='ocrx_word' id='word_1_224' title='bbox 155 2481 259 2543; x_wconf 92' lang='lat' dir='ltr'><strong>neque</strong></span> <span class='ocrx_word' id='word_1_225' title='bbox 283 2461 399 2526; x_wconf 88' lang='lat' dir='ltr'><strong>fraude</strong></span> <span class='ocrx_word' id='word_1_226' title='bbox 422 2461 561 2543; x_wconf 92' lang='lat' dir='ltr'><strong>pretium</strong></span> <span class='ocrx_word' id='word_1_227' title='bbox 586 2482 657 2526; x_wconf 90' lang='lat' dir='ltr'><strong>esse</strong></span> <span class='ocrx_word' id='word_1_228' title='bbox 682 2461 880 2544; x_wconf 89' lang='lat' dir='ltr'><strong>depressum.</strong></span> <span class='ocrx_word' id='word_1_229' title='bbox 928 2460 975 2526; x_wconf 66' lang='grc' dir='ltr'>(ΙΙ.</span> <span class='ocrx_word' id='word_1_230' title='bbox 1001 2461 1032 2526; x_wconf 86' lang='lat' dir='ltr'><strong>S.</strong></span> <span class='ocrx_word' id='word_1_231' title='bbox 1057 2461 1173 2545; x_wconf 87' lang='lat' dir='ltr'><strong>Alph.</strong></span> <span class='ocrx_word' id='word_1_232' title='bbox 1197 2460 1255 2538; x_wconf 90' lang='grc' dir='ltr'>ΙΙΙ,</span> <span class='ocrx_word' id='word_1_233' title='bbox 1281 2463 1358 2528; x_wconf 88' lang='grc'><strong>808.</strong></span> 
     </span>
    </p>
   </div>
   <div class='ocr_carea' id='block_1_6' title="bbox 93 2577 1475 3106">
    <p class='ocr_par' dir='ltr' id='par_1_6' title="bbox 93 2577 1475 3106">
     <span class='ocr_line' id='line_1_24' title="bbox 93 2577 1475 2663; baseline 0.004 -24"><span class='ocrx_word' id='word_1_234' title='bbox 93 2585 146 2640; x_wconf 81' lang='grc'><strong>880</strong></span> <span class='ocrx_word' id='word_1_235' title='bbox 245 2578 297 2642; x_wconf 87' lang='lat' dir='ltr'><strong>Ao</strong></span> <span class='ocrx_word' id='word_1_236' title='bbox 317 2598 508 2653; x_wconf 79' lang='lat' dir='ltr'><strong>ouansrruu</strong></span> <span class='ocrx_word' id='word_1_237' title='bbox 532 2581 570 2641; x_wconf 79' lang='lat'>2¹¹·</span> <span class='ocrx_word' id='word_1_238' title='bbox 594 2577 632 2644; x_wconf 77' lang='lat' dir='ltr'><strong>R..</strong></span> <span class='ocrx_word' id='word_1_239' title='bbox 659 2582 686 2644; x_wconf 89' lang='lat'><strong>1.</strong></span> <span class='ocrx_word' id='word_1_240' title='bbox 741 2578 829 2643; x_wconf 85' lang='lat' dir='ltr'><strong>Crux</strong></span> <span class='ocrx_word' id='word_1_241' title='bbox 852 2578 909 2644; x_wconf 91' lang='lat' dir='ltr'><strong>illa</strong></span> <span class='ocrx_word' id='word_1_242' title='bbox 932 2577 1076 2662; x_wconf 89' lang='lat' dir='ltr'><strong>pretiosa</strong></span> <span class='ocrx_word' id='word_1_243' title='bbox 1106 2579 1138 2643; x_wconf 90' lang='lat' dir='ltr'><strong>in</strong></span> <span class='ocrx_word' id='word_1_244' title='bbox 1162 2577 1345 2645; x_wconf 83' lang='lat' dir='ltr'><strong>licitatione</strong></span> <span class='ocrx_word' id='word_1_245' title='bbox 1367 2583 1475 2663; x_wconf 88' lang='lat' dir='ltr'><strong>empta</strong></span> 
     </span>
     <span class='ocr_line' id='line_1_25' title="bbox 156 2666 1475 2744; baseline 0.002 -14"><span class='ocrx_word' id='word_1_246' title='bbox 156 2668 216 2741; x_wconf 89' lang='lat' dir='ltr'><strong>ast,</strong></span> <span class='ocrx_word' id='word_1_247' title='bbox 241 2672 278 2731; x_wconf 90' lang='lat' dir='ltr'><strong>ut</strong></span> <span class='ocrx_word' id='word_1_248' title='bbox 301 2687 342 2730; x_wconf 86' lang='lat' dir='ltr'><strong>ex</strong></span> <span class='ocrx_word' id='word_1_249' title='bbox 359 2687 436 2731; x_wconf 83' lang='lat' dir='ltr'><strong>casu</strong></span> <span class='ocrx_word' id='word_1_250' title='bbox 461 2666 577 2742; x_wconf 90' lang='lat' dir='ltr'><strong>elucet,</strong></span> <span class='ocrx_word' id='word_1_251' title='bbox 602 2666 671 2732; x_wconf 89' lang='lat' dir='ltr'><strong>sine</strong></span> <span class='ocrx_word' id='word_1_252' title='bbox 687 2667 774 2732; x_wconf 92' lang='lat' dir='ltr'><strong>omni</strong></span> <span class='ocrx_word' id='word_1_253' title='bbox 790 2667 864 2733; x_wconf 91' lang='lat' dir='ltr'><strong>dolo</strong></span> <span class='ocrx_word' id='word_1_254' title='bbox 881 2669 934 2732; x_wconf 90' lang='lat' dir='ltr'><strong>vel</strong></span> <span class='ocrx_word' id='word_1_255' title='bbox 957 2667 1081 2733; x_wconf 84' lang='lat' dir='ltr'><strong>fraude.</strong></span> <span class='ocrx_word' id='word_1_256' title='bbox 1120 2667 1227 2743; x_wconf 91' lang='lat' dir='ltr'><strong>Quare</strong></span> <span class='ocrx_word' id='word_1_257' title='bbox 1250 2666 1331 2731; x_wconf 89' lang='lat' dir='ltr'><strong>nibil</strong></span> <span class='ocrx_word' id='word_1_258' title='bbox 1356 2668 1475 2744; x_wconf 84' lang='lat' dir='ltr'><strong>obstat,</strong></span> 
     </span>
     <span class='ocr_line' id='line_1_26' title="bbox 155 2754 1472 2840; baseline 0.003 -23"><span class='ocrx_word' id='word_1_259' title='bbox 155 2755 325 2837; x_wconf 86' lang='lat' dir='ltr'><strong>quominus</strong></span> <span class='ocrx_word' id='word_1_260' title='bbox 354 2755 457 2837; x_wconf 86' lang='lat' dir='ltr'><strong>pretio</strong></span> <span class='ocrx_word' id='word_1_261' title='bbox 482 2754 580 2820; x_wconf 92' lang='lat' dir='ltr'><strong>etiam</strong></span> <span class='ocrx_word' id='word_1_262' title='bbox 605 2756 762 2821; x_wconf 87' lang='lat' dir='ltr'><strong>vilissimo</strong></span> <span class='ocrx_word' id='word_1_263' title='bbox 786 2757 909 2839; x_wconf 87' lang='lat' dir='ltr'><strong>acquiri</strong></span> <span class='ocrx_word' id='word_1_264' title='bbox 940 2756 1099 2840; x_wconf 89' lang='lat' dir='ltr'><strong>potuerit,</strong></span> <span class='ocrx_word' id='word_1_265' title='bbox 1130 2777 1203 2820; x_wconf 88' lang='lat' dir='ltr'><strong>cum</strong></span> <span class='ocrx_word' id='word_1_266' title='bbox 1227 2756 1383 2823; x_wconf 87' lang='lat' dir='ltr'><strong>deessent</strong></span> <span class='ocrx_word' id='word_1_267' title='bbox 1411 2756 1472 2828; x_wconf 82' lang='lat' dir='ltr'><strong>alii.</strong></span> 
     </span>
     <span class='ocr_line' id='line_1_27' title="bbox 155 2843 1473 2927; baseline 0.002 -21"><span class='ocrx_word' id='word_1_268' title='bbox 155 2843 209 2926; x_wconf 93' lang='lat' dir='ltr'><strong>qui</strong></span> <span class='ocrx_word' id='word_1_269' title='bbox 233 2844 306 2927; x_wconf 92' lang='lat' dir='ltr'><strong>plus</strong></span> <span class='ocrx_word' id='word_1_270' title='bbox 329 2845 493 2909; x_wconf 84' lang='lat' dir='ltr'><strong>offerrent.</strong></span> <span class='ocrx_word' id='word_1_271' title='bbox 540 2845 655 2926; x_wconf 86' lang='lat' dir='ltr'><strong>Neque</strong></span> <span class='ocrx_word' id='word_1_272' title='bbox 682 2845 867 2927; x_wconf 81' lang='lat' dir='ltr'><strong>ignorantia</strong></span> <span class='ocrx_word' id='word_1_273' title='bbox 891 2845 1013 2910; x_wconf 78' lang='lat' dir='ltr'><strong>valoris</strong></span> <span class='ocrx_word' id='word_1_274' title='bbox 1037 2844 1211 2927; x_wconf 92' lang='lat' dir='ltr'><strong>quidquam</strong></span> <span class='ocrx_word' id='word_1_275' title='bbox 1236 2846 1328 2911; x_wconf 89' lang='lat' dir='ltr'><strong>valet</strong></span> <span class='ocrx_word' id='word_1_276' title='bbox 1352 2849 1387 2910; x_wconf 83' lang='lat' dir='ltr'><strong>in</strong></span> <span class='ocrx_word' id='word_1_277' title='bbox 1411 2848 1473 2911; x_wconf 83' lang='lat' dir='ltr'><strong>lici-</strong></span> 
     </span>
     <span class='ocr_line' id='line_1_28' title="bbox 154 2932 1472 3016; baseline 0.002 -19"><span class='ocrx_word' id='word_1_278' title='bbox 154 2936 290 3011; x_wconf 83' lang='lat' dir='ltr'><strong>tatioae;</strong></span> <span class='ocrx_word' id='word_1_279' title='bbox 320 2932 351 2997; x_wconf 92' lang='lat' dir='ltr'><strong>in</strong></span> <span class='ocrx_word' id='word_1_280' title='bbox 383 2954 448 3015; x_wconf 93' lang='lat' dir='ltr'><strong>qua</strong></span> <span class='ocrx_word' id='word_1_281' title='bbox 478 2933 656 3016; x_wconf 86' lang='lat' dir='ltr'><strong>periculum</strong></span> <span class='ocrx_word' id='word_1_282' title='bbox 687 2935 792 2998; x_wconf 90' lang='lat' dir='ltr'><strong>minus</strong></span> <span class='ocrx_word' id='word_1_283' title='bbox 822 2935 961 2999; x_wconf 90' lang='lat' dir='ltr'><strong>habendi</strong></span> <span class='ocrx_word' id='word_1_284' title='bbox 986 2935 1039 2997; x_wconf 90' lang='lat' dir='ltr'><strong>vel</strong></span> <span class='ocrx_word' id='word_1_285' title='bbox 1063 2934 1258 3016; x_wconf 88' lang='lat' dir='ltr'><strong>accipiendi,</strong></span> <span class='ocrx_word' id='word_1_286' title='bbox 1293 2934 1472 3000; x_wconf 89' lang='lat' dir='ltr'><strong>sedetiam</strong></span> 
     </span>
     <span class='ocr_line' id='line_1_29' title="bbox 154 3021 770 3106; baseline 0.002 -19"><span class='ocrx_word' id='word_1_287' title='bbox 154 3022 227 3105; x_wconf 90' lang='lat' dir='ltr'><strong>plus</strong></span> <span class='ocrx_word' id='word_1_288' title='bbox 250 3021 398 3086; x_wconf 89' lang='lat' dir='ltr'><strong>solvendi</strong></span> <span class='ocrx_word' id='word_1_289' title='bbox 422 3022 492 3087; x_wconf 87' lang='lat' dir='ltr'><strong>fere</strong></span> <span class='ocrx_word' id='word_1_290' title='bbox 516 3044 644 3106; x_wconf 90' lang='lat' dir='ltr'><strong>semper</strong></span> <span class='ocrx_word' id='word_1_291' title='bbox 667 3023 770 3089; x_wconf 87' lang='lat' dir='ltr'><strong>adest.</strong></span> 
     </span>
    </p>
   </div>
   <div class='ocr_carea' id='block_1_7' title="bbox 152 3126 1474 3921">
    <p class='ocr_par' dir='ltr' id='par_1_7' title="bbox 152 3126 1474 3921">
     <span class='ocr_line' id='line_1_30' title="bbox 243 3126 1472 3214; baseline 0.003 -23"><span class='ocrx_word' id='word_1_292' title='bbox 243 3127 280 3194; x_wconf 81' lang='lat' dir='ltr'><strong>R.</strong></span> <span class='ocrx_word' id='word_1_293' title='bbox 306 3130 335 3192; x_wconf 82' lang='grc'><strong>2.</strong></span> <span class='ocrx_word' id='word_1_294' title='bbox 382 3126 462 3193; x_wconf 89' lang='lat' dir='ltr'><strong>Post</strong></span> <span class='ocrx_word' id='word_1_295' title='bbox 485 3128 699 3194; x_wconf 80' lang='lat' dir='ltr'><strong>licitationem</strong></span> <span class='ocrx_word' id='word_1_296' title='bbox 716 3129 881 3193; x_wconf 77' lang='lat' dir='ltr'><strong>Arminius</strong></span> <span class='ocrx_word' id='word_1_297' title='bbox 904 3133 977 3193; x_wconf 93' lang='lat' dir='ltr'><strong>erat</strong></span> <span class='ocrx_word' id='word_1_298' title='bbox 1000 3129 1033 3192; x_wconf 93' lang='lat' dir='ltr'><strong>in</strong></span> <span class='ocrx_word' id='word_1_299' title='bbox 1056 3128 1142 3194; x_wconf 88' lang='lat' dir='ltr'><strong>iusto</strong></span> <span class='ocrx_word' id='word_1_300' title='bbox 1159 3129 1265 3193; x_wconf 88' lang='lat' dir='ltr'><strong>crucis</strong></span> <span class='ocrx_word' id='word_1_301' title='bbox 1289 3129 1379 3194; x_wconf 91' lang='lat' dir='ltr'><strong>illius</strong></span> <span class='ocrx_word' id='word_1_302' title='bbox 1402 3152 1472 3214; x_wconf 89' lang='lat' dir='ltr'><strong>pre-</strong></span> 
     </span>
     <span class='ocr_line' id='line_1_31' title="bbox 153 3216 1473 3294; baseline 0 -12"><span class='ocrx_word' id='word_1_303' title='bbox 153 3216 258 3282; x_wconf 87' lang='lat' dir='ltr'><strong>tiosae</strong></span> <span class='ocrx_word' id='word_1_304' title='bbox 282 3216 431 3282; x_wconf 90' lang='lat' dir='ltr'><strong>dominio.</strong></span> <span class='ocrx_word' id='word_1_305' title='bbox 479 3217 568 3293; x_wconf 85' lang='lat' dir='ltr'><strong>Quae</strong></span> <span class='ocrx_word' id='word_1_306' title='bbox 592 3219 661 3281; x_wconf 90' lang='lat' dir='ltr'><strong>siue</strong></span> <span class='ocrx_word' id='word_1_307' title='bbox 685 3218 796 3294; x_wconf 84' lang='lat' dir='ltr'><strong>dubio,</strong></span> <span class='ocrx_word' id='word_1_308' title='bbox 822 3218 884 3282; x_wconf 89' lang='lat' dir='ltr'><strong>etsi</strong></span> <span class='ocrx_word' id='word_1_309' title='bbox 908 3217 1169 3283; x_wconf 88' lang='lat' dir='ltr'><strong>aestimationem</strong></span> <span class='ocrx_word' id='word_1_310' title='bbox 1193 3218 1290 3283; x_wconf 88' lang='lat' dir='ltr'><strong>valde</strong></span> <span class='ocrx_word' id='word_1_311' title='bbox 1314 3221 1473 3284; x_wconf 83' lang='lat' dir='ltr'><strong>fiuctuan-</strong></span> 
     </span>
     <span class='ocr_line' id='line_1_32' title="bbox 153 3306 1472 3390; baseline 0 -18"><span class='ocrx_word' id='word_1_312' title='bbox 153 3311 220 3372; x_wconf 85' lang='lat' dir='ltr'><strong>tera</strong></span> <span class='ocrx_word' id='word_1_313' title='bbox 245 3306 374 3381; x_wconf 89' lang='lat' dir='ltr'><strong>habeat,</strong></span> <span class='ocrx_word' id='word_1_314' title='bbox 400 3306 499 3370; x_wconf 88' lang='lat' dir='ltr'><strong>habet</strong></span> <span class='ocrx_word' id='word_1_315' title='bbox 523 3313 632 3372; x_wconf 90' lang='lat' dir='ltr'><strong>tamen</strong></span> <span class='ocrx_word' id='word_1_316' title='bbox 656 3306 798 3388; x_wconf 89' lang='lat' dir='ltr'><strong>aliquam</strong></span> <span class='ocrx_word' id='word_1_317' title='bbox 823 3306 1082 3371; x_wconf 82' lang='lat' dir='ltr'><strong>aestimationem</strong></span> <span class='ocrx_word' id='word_1_318' title='bbox 1107 3311 1241 3384; x_wconf 89' lang='lat' dir='ltr'><strong>cert-am,</strong></span> <span class='ocrx_word' id='word_1_319' title='bbox 1267 3307 1356 3372; x_wconf 85' lang='lat' dir='ltr'><strong>infra</strong></span> <span class='ocrx_word' id='word_1_320' title='bbox 1380 3329 1472 3390; x_wconf 90' lang='lat' dir='ltr'><strong>quam</strong></span> 
     </span>
     <span class='ocr_line' id='line_1_33' title="bbox 153 3395 1472 3479; baseline 0.002 -21"><span class='ocrx_word' id='word_1_321' title='bbox 153 3395 246 3459; x_wconf 77' lang='lat' dir='ltr'><strong>salva</strong></span> <span class='ocrx_word' id='word_1_322' title='bbox 281 3395 408 3459; x_wconf 88' lang='lat' dir='ltr'><strong>iustitia</strong></span> <span class='ocrx_word' id='word_1_323' title='bbox 441 3395 592 3459; x_wconf 83' lang='lat' dir='ltr'><strong>descendi</strong></span> <span class='ocrx_word' id='word_1_324' title='bbox 626 3400 777 3476; x_wconf 90' lang='lat' dir='ltr'><strong>nequeat.</strong></span> <span class='ocrx_word' id='word_1_325' title='bbox 825 3396 914 3472; x_wconf 90' lang='lat' dir='ltr'><strong>Quae</strong></span> <span class='ocrx_word' id='word_1_326' title='bbox 948 3395 1106 3479; x_wconf 90' lang='lat' dir='ltr'><strong>imprimis</strong></span> <span class='ocrx_word' id='word_1_327' title='bbox 1141 3396 1300 3461; x_wconf 86' lang='lat' dir='ltr'><strong>materiae</strong></span> <span class='ocrx_word' id='word_1_328' title='bbox 1333 3397 1472 3479; x_wconf 91' lang='lat' dir='ltr'><strong>pretium</strong></span> 
     </span>
     <span class='ocr_line' id='line_1_34' title="bbox 153 3484 1474 3567; baseline 0.002 -21"><span class='ocrx_word' id='word_1_329' title='bbox 153 3484 269 3547; x_wconf 86' lang='lat' dir='ltr'><strong>saltem</strong></span> <span class='ocrx_word' id='word_1_330' title='bbox 303 3485 399 3548; x_wconf 87' lang='lat' dir='ltr'><strong>debet</strong></span> <span class='ocrx_word' id='word_1_331' title='bbox 432 3505 603 3567; x_wconf 88' lang='lat' dir='ltr'><strong>superare:</strong></span> <span class='ocrx_word' id='word_1_332' title='bbox 638 3491 760 3566; x_wconf 90' lang='lat' dir='ltr'><strong>quanto</strong></span> <span class='ocrx_word' id='word_1_333' title='bbox 793 3490 902 3550; x_wconf 88' lang='lat' dir='ltr'><strong>autem</strong></span> <span class='ocrx_word' id='word_1_334' title='bbox 939 3505 1094 3567; x_wconf 89' lang='lat' dir='ltr'><strong>superare</strong></span> <span class='ocrx_word' id='word_1_335' title='bbox 1129 3485 1263 3563; x_wconf 88' lang='lat' dir='ltr'><strong>debeat,</strong></span> <span class='ocrx_word' id='word_1_336' title='bbox 1299 3485 1474 3551; x_wconf 83' lang='lat' dir='ltr'><strong>difficulter</strong></span> 
     </span>
     <span class='ocr_line' id='line_1_35' title="bbox 153 3571 1472 3656; baseline 0.004 -22"><span class='ocrx_word' id='word_1_337' title='bbox 153 3571 406 3646; x_wconf 68' lang='lat' dir='ltr'><strong>determinatum</strong></span> <span class='ocrx_word' id='word_1_338' title='bbox 431 3572 581 3637; x_wconf 91' lang='lat' dir='ltr'><strong>iadieium</strong></span> <span class='ocrx_word' id='word_1_339' title='bbox 598 3573 842 3655; x_wconf 89' lang='lat' dir='ltr'><strong>relinquendum</strong></span> <span class='ocrx_word' id='word_1_340' title='bbox 861 3579 912 3639; x_wconf 89' lang='lat' dir='ltr'><strong>est</strong></span> <span class='ocrx_word' id='word_1_341' title='bbox 927 3573 1049 3656; x_wconf 80' lang='lat' dir='ltr'><strong>peritia,</strong></span> <span class='ocrx_word' id='word_1_342' title='bbox 1075 3573 1173 3639; x_wconf 91' lang='lat' dir='ltr'><strong>atilli</strong></span> <span class='ocrx_word' id='word_1_343' title='bbox 1191 3573 1332 3656; x_wconf 91' lang='lat' dir='ltr'><strong>pretium</strong></span> <span class='ocrx_word' id='word_1_344' title='bbox 1358 3576 1472 3641; x_wconf 85' lang='lat' dir='ltr'><strong>saltem</strong></span> 
     </span>
     <span class='ocr_line' id='line_1_36' title="bbox 153 3660 1471 3748; baseline 0.005 -25"><span class='ocrx_word' id='word_1_345' title='bbox 153 3660 296 3723; x_wconf 86' lang='lat' dir='ltr'><strong>inlinuua</strong></span> <span class='ocrx_word' id='word_1_346' title='bbox 321 3666 479 3726; x_wconf 78' lang='lat' dir='ltr'><strong>statraaut.</strong></span> <span class='ocrx_word' id='word_1_347' title='bbox 512 3662 631 3737; x_wconf 85' lang='lat' dir='ltr'><strong>Quodsi</strong></span> <span class='ocrx_word' id='word_1_348' title='bbox 655 3662 732 3726; x_wconf 92' lang='lat' dir='ltr'><strong>illud</strong></span> <span class='ocrx_word' id='word_1_349' title='bbox 758 3663 900 3726; x_wconf 88' lang='lat' dir='ltr'><strong>infimum</strong></span> <span class='ocrx_word' id='word_1_350' title='bbox 918 3662 1056 3745; x_wconf 89' lang='lat' dir='ltr'><strong>pretium</strong></span> <span class='ocrx_word' id='word_1_351' title='bbox 1074 3663 1138 3726; x_wconf 82' lang='lat'><strong>500</strong></span> <span class='ocrx_word' id='word_1_352' title='bbox 1155 3683 1216 3730; x_wconf 89' lang='lat' dir='ltr'><strong>mo.</strong></span> <span class='ocrx_word' id='word_1_353' title='bbox 1242 3684 1307 3727; x_wconf 92' lang='lat' dir='ltr'><strong>non</strong></span> <span class='ocrx_word' id='word_1_354' title='bbox 1331 3669 1471 3748; x_wconf 85' lang='lat' dir='ltr'><strong>superet,</strong></span> 
     </span>
     <span class='ocr_line' id='line_1_37' title="bbox 153 3747 1472 3834; baseline 0.003 -21"><span class='ocrx_word' id='word_1_355' title='bbox 153 3747 284 3813; x_wconf 73' lang='lat' dir='ltr'><strong>Orosius</strong></span> <span class='ocrx_word' id='word_1_356' title='bbox 308 3748 425 3812; x_wconf 88' lang='lat' dir='ltr'><strong>iniuste.</strong></span> <span class='ocrx_word' id='word_1_357' title='bbox 449 3771 511 3813; x_wconf 91' lang='lat' dir='ltr'><strong>non</strong></span> <span class='ocrx_word' id='word_1_358' title='bbox 536 3752 613 3830; x_wconf 82' lang='lat' dir='ltr'><strong>egit,</strong></span> <span class='ocrx_word' id='word_1_359' title='bbox 639 3772 767 3815; x_wconf 84' lang='lat' dir='ltr'><strong>erucem</strong></span> <span class='ocrx_word' id='word_1_360' title='bbox 791 3752 879 3815; x_wconf 89' lang='lat' dir='ltr'><strong>illam</strong></span> <span class='ocrx_word' id='word_1_361' title='bbox 896 3773 954 3834; x_wconf 93' lang='lat' dir='ltr'><strong>pro</strong></span> <span class='ocrx_word' id='word_1_362' title='bbox 978 3752 1039 3815; x_wconf 93' lang='lat' dir='ltr'><strong>hac</strong></span> <span class='ocrx_word' id='word_1_363' title='bbox 1062 3771 1189 3815; x_wconf 91' lang='lat' dir='ltr'><strong>summa</strong></span> <span class='ocrx_word' id='word_1_364' title='bbox 1213 3752 1370 3826; x_wconf 79' lang='lat' dir='ltr'><strong>emend03</strong></span> <span class='ocrx_word' id='word_1_365' title='bbox 1395 3753 1472 3818; x_wconf 85' lang='lat' dir='ltr'><strong>alias</strong></span> 
     </span>
     <span class='ocr_line' id='line_1_38' title="bbox 152 3836 1369 3921; baseline 0.006 -20"><span class='ocrx_word' id='word_1_366' title='bbox 152 3836 272 3901; x_wconf 82' lang='lat' dir='ltr'><strong>iniuste</strong></span> <span class='ocrx_word' id='word_1_367' title='bbox 296 3837 434 3919; x_wconf 85' lang='lat' dir='ltr'><strong>pretium</strong></span> <span class='ocrx_word' id='word_1_368' title='bbox 457 3839 615 3921; x_wconf 84' lang='lat' dir='ltr'><strong>depressit-</strong></span> <span class='ocrx_word' id='word_1_369' title='bbox 645 3844 671 3902; x_wconf 71' lang='lat' dir='ltr'><strong>q</strong></span> <span class='ocrx_word' id='word_1_370' title='bbox 694 3840 840 3904; x_wconf 81' lang='lat' dir='ltr'><strong>Arminio</strong></span> <span class='ocrx_word' id='word_1_371' title='bbox 865 3841 1051 3906; x_wconf 89' lang='lat' dir='ltr'><strong>ulteriorem</strong></span> <span class='ocrx_word' id='word_1_372' title='bbox 1074 3861 1233 3904; x_wconf 89' lang='lat' dir='ltr'><strong>summam</strong></span> <span class='ocrx_word' id='word_1_373' title='bbox 1259 3840 1369 3908; x_wconf 86' lang='lat' dir='ltr'><strong>debet.</strong></span> 
     </span>
    </p>
   </div>
   <div class='ocr_carea' id='block_1_8' title="bbox 92 3942 1471 4736">
    <p class='ocr_par' dir='ltr' id='par_1_8' title="bbox 92 3942 1471 4736">
     <span class='ocr_line' id='line_1_39' title="bbox 92 3942 1471 4027; baseline 0.005 -22"><span class='ocrx_word' id='word_1_374' title='bbox 92 3952 141 4006; x_wconf 73' lang='lat'><strong>881</strong></span> <span class='ocrx_word' id='word_1_375' title='bbox 245 3943 280 4006; x_wconf 84' lang='lat' dir='ltr'><strong>ll.</strong></span> <span class='ocrx_word' id='word_1_376' title='bbox 307 3946 336 4006; x_wconf 78' lang='lat'><strong>3.</strong></span> <span class='ocrx_word' id='word_1_377' title='bbox 384 3942 469 4005; x_wconf 77' lang='lat' dir='ltr'><strong>Num</strong></span> <span class='ocrx_word' id='word_1_378' title='bbox 495 3944 526 4005; x_wconf 91' lang='lat' dir='ltr'><strong>in</strong></span> <span class='ocrx_word' id='word_1_379' title='bbox 550 3944 748 4026; x_wconf 71' lang='lat' dir='ltr'><strong>surreptione.</strong></span> <span class='ocrx_word' id='word_1_380' title='bbox 784 3946 923 4027; x_wconf 88' lang='lat' dir='ltr'><strong>pretium</strong></span> <span class='ocrx_word' id='word_1_381' title='bbox 949 3948 1012 4009; x_wconf 75' lang='lat'><strong>500</strong></span> <span class='ocrx_word' id='word_1_382' title='bbox 1037 3966 1097 4011; x_wconf 88' lang='lat' dir='ltr'><strong>mc.</strong></span> <span class='ocrx_word' id='word_1_383' title='bbox 1123 3967 1186 4009; x_wconf 92' lang='lat' dir='ltr'><strong>non</strong></span> <span class='ocrx_word' id='word_1_384' title='bbox 1210 3966 1284 4009; x_wconf 89' lang='lat' dir='ltr'><strong>esse</strong></span> <span class='ocrx_word' id='word_1_385' title='bbox 1307 3945 1471 4015; x_wconf 82' lang='lat' dir='ltr'><strong>iniustum.</strong></span> 
     </span>
     <span class='ocr_line' id='line_1_40' title="bbox 153 4031 1471 4117; baseline 0.003 -22"><span class='ocrx_word' id='word_1_386' title='bbox 153 4032 251 4096; x_wconf 87' lang='lat' dir='ltr'><strong>lieeat</strong></span> <span class='ocrx_word' id='word_1_387' title='bbox 276 4031 482 4095; x_wconf 74' lang='lat' dir='ltr'><strong>nihilomnius</strong></span> <span class='ocrx_word' id='word_1_388' title='bbox 507 4035 592 4095; x_wconf 71' lang='grc' dir='ltr'><strong>20υο</strong></span> <span class='ocrx_word' id='word_1_389' title='bbox 613 4054 683 4103; x_wconf 72' lang='lat' dir='ltr'><strong>rae,</strong></span> <span class='ocrx_word' id='word_1_390' title='bbox 709 4034 736 4096; x_wconf 85' lang='lat' dir='ltr'><strong>si</strong></span> <span class='ocrx_word' id='word_1_391' title='bbox 761 4037 948 4101; x_wconf 86' lang='lat' dir='ltr'><strong>offeruntur.</strong></span> <span class='ocrx_word' id='word_1_392' title='bbox 974 4035 1131 4116; x_wconf 80' lang='lat' dir='ltr'><strong>accipere.</strong></span> <span class='ocrx_word' id='word_1_393' title='bbox 1156 4034 1279 4117; x_wconf 91' lang='lat' dir='ltr'><strong>pendet</strong></span> <span class='ocrx_word' id='word_1_394' title='bbox 1303 4036 1346 4100; x_wconf 91' lang='lat' dir='ltr'><strong>ab</strong></span> <span class='ocrx_word' id='word_1_395' title='bbox 1370 4037 1471 4101; x_wconf 88' lang='lat' dir='ltr'><strong>altera</strong></span> 
     </span>
     <span class='ocr_line' id='line_1_41' title="bbox 152 4120 1470 4207; baseline 0.002 -22"><span class='ocrx_word' id='word_1_396' title='bbox 152 4120 352 4202; x_wconf 82' lang='lat' dir='ltr'><strong>quaestione.</strong></span> <span class='ocrx_word' id='word_1_397' title='bbox 378 4141 538 4202; x_wconf 84' lang='lat' dir='ltr'><strong>quaenam</strong></span> <span class='ocrx_word' id='word_1_398' title='bbox 555 4121 596 4184; x_wconf 84' lang='lat' dir='ltr'><strong>sit</strong></span> <span class='ocrx_word' id='word_1_399' title='bbox 619 4122 757 4186; x_wconf 89' lang='lat' dir='ltr'><strong>latitudo</strong></span> <span class='ocrx_word' id='word_1_400' title='bbox 775 4124 924 4186; x_wconf 81' lang='lat' dir='ltr'><strong>diversae</strong></span> <span class='ocrx_word' id='word_1_401' title='bbox 945 4123 1182 4187; x_wconf 85' lang='lat' dir='ltr'><strong>aestimationis</strong></span> <span class='ocrx_word' id='word_1_402' title='bbox 1205 4124 1239 4188; x_wconf 90' lang='lat' dir='ltr'><strong>in</strong></span> <span class='ocrx_word' id='word_1_403' title='bbox 1255 4125 1366 4195; x_wconf 77' lang='lat' dir='ltr'><strong>rebus,</strong></span> <span class='ocrx_word' id='word_1_404' title='bbox 1392 4145 1470 4207; x_wconf 89' lang='lat' dir='ltr'><strong>quae</strong></span> 
     </span>
     <span class='ocr_line' id='line_1_42' title="bbox 152 4209 1471 4295; baseline 0.005 -26"><span class='ocrx_word' id='word_1_405' title='bbox 152 4230 212 4293; x_wconf 83' lang='lat' dir='ltr'><strong>pro</strong></span> <span class='ocrx_word' id='word_1_406' title='bbox 236 4209 380 4273; x_wconf 81' lang='lat' dir='ltr'><strong>artilieiis</strong></span> <span class='ocrx_word' id='word_1_407' title='bbox 405 4209 574 4276; x_wconf 74' lang='lat' dir='ltr'><strong>larlientar.</strong></span> <span class='ocrx_word' id='word_1_408' title='bbox 601 4210 651 4272; x_wconf 80' lang='lat' dir='ltr'><strong>rel</strong></span> <span class='ocrx_word' id='word_1_409' title='bbox 677 4211 707 4273; x_wconf 92' lang='lat' dir='ltr'><strong>in</strong></span> <span class='ocrx_word' id='word_1_410' title='bbox 732 4212 837 4293; x_wconf 89' lang='lat' dir='ltr'><strong>pretio</strong></span> <span class='ocrx_word' id='word_1_411' title='bbox 861 4213 1050 4277; x_wconf 77' lang='lat' dir='ltr'><strong>affectionis</strong></span> <span class='ocrx_word' id='word_1_412' title='bbox 1100 4212 1137 4276; x_wconf 91' lang='lat' dir='ltr'><strong>In</strong></span> <span class='ocrx_word' id='word_1_413' title='bbox 1160 4214 1266 4295; x_wconf 88' lang='lat' dir='ltr'><strong>pretio</strong></span> <span class='ocrx_word' id='word_1_414' title='bbox 1292 4213 1471 4279; x_wconf 86' lang='lat' dir='ltr'><strong>affectionis</strong></span> 
     </span>
     <span class='ocr_line' id='line_1_43' title="bbox 153 4298 1470 4384; baseline 0.002 -22"><span class='ocrx_word' id='word_1_415' title='bbox 153 4298 198 4362; x_wconf 87' lang='lat' dir='ltr'><strong>rei</strong></span> <span class='ocrx_word' id='word_1_416' title='bbox 224 4298 362 4380; x_wconf 88' lang='lat' dir='ltr'><strong>pretium</strong></span> <span class='ocrx_word' id='word_1_417' title='bbox 387 4298 419 4361; x_wconf 90' lang='lat' dir='ltr'><strong>iu</strong></span> <span class='ocrx_word' id='word_1_418' title='bbox 444 4320 479 4361; x_wconf 89' lang='lat' dir='ltr'><strong>se</strong></span> <span class='ocrx_word' id='word_1_419' title='bbox 503 4303 686 4379; x_wconf 81' lang='lat' dir='ltr'><strong>spectatam</strong></span> <span class='ocrx_word' id='word_1_420' title='bbox 704 4307 753 4364; x_wconf 86' lang='lat' dir='ltr'><strong>est</strong></span> <span class='ocrx_word' id='word_1_421' title='bbox 771 4300 1016 4366; x_wconf 88' lang='lat' dir='ltr'><strong>fundamentum</strong></span> <span class='ocrx_word' id='word_1_422' title='bbox 1040 4303 1137 4366; x_wconf 78' lang='lat' dir='ltr'><strong>valde</strong></span> <span class='ocrx_word' id='word_1_423' title='bbox 1161 4303 1344 4368; x_wconf 86' lang='lat' dir='ltr'><strong>infirmum:</strong></span> <span class='ocrx_word' id='word_1_424' title='bbox 1370 4323 1470 4384; x_wconf 89' lang='lat' dir='ltr'><strong>neque</strong></span> 
     </span>
     <span class='ocr_line' id='line_1_44' title="bbox 153 4387 1470 4472; baseline 0.005 -21"><span class='ocrx_word' id='word_1_425' title='bbox 153 4388 268 4451; x_wconf 87' lang='lat' dir='ltr'><strong>mirum</strong></span> <span class='ocrx_word' id='word_1_426' title='bbox 293 4409 364 4451; x_wconf 57' lang='lat' dir='ltr'><strong>resse</strong></span> <span class='ocrx_word' id='word_1_427' title='bbox 388 4387 500 4453; x_wconf 89' lang='lat' dir='ltr'><strong>debet.</strong></span> <span class='ocrx_word' id='word_1_428' title='bbox 533 4387 560 4450; x_wconf 82' lang='lat' dir='ltr'><strong>si</strong></span> <span class='ocrx_word' id='word_1_429' title='bbox 591 4388 718 4468; x_wconf 90' lang='lat' dir='ltr'><strong>quaudo</strong></span> <span class='ocrx_word' id='word_1_430' title='bbox 750 4390 953 4455; x_wconf 75' lang='lat' dir='ltr'><strong>affectionem</strong></span> <span class='ocrx_word' id='word_1_431' title='bbox 978 4390 1172 4470; x_wconf 82' lang='lat' dir='ltr'><strong>peculiarem</strong></span> <span class='ocrx_word' id='word_1_432' title='bbox 1198 4391 1318 4472; x_wconf 89' lang='lat' dir='ltr'><strong>aliquis</strong></span> <span class='ocrx_word' id='word_1_433' title='bbox 1343 4392 1470 4463; x_wconf 80' lang='lat' dir='ltr'><strong>habeat,</strong></span> 
     </span>
     <span class='ocr_line' id='line_1_45' title="bbox 152 4477 1470 4559; baseline 0.004 -20"><span class='ocrx_word' id='word_1_434' title='bbox 152 4482 185 4539; x_wconf 88' lang='lat' dir='ltr'><strong>al</strong></span> <span class='ocrx_word' id='word_1_435' title='bbox 213 4478 415 4559; x_wconf 83' lang='lat' dir='ltr'><strong>quadruplex</strong></span> <span class='ocrx_word' id='word_1_436' title='bbox 447 4477 586 4559; x_wconf 87' lang='lat' dir='ltr'><strong>pretium</strong></span> <span class='ocrx_word' id='word_1_437' title='bbox 619 4497 786 4540; x_wconf 83' lang='lat' dir='ltr'><strong>eorrnaune</strong></span> <span class='ocrx_word' id='word_1_438' title='bbox 818 4480 956 4542; x_wconf 84' lang='lat' dir='ltr'><strong>libenter</strong></span> <span class='ocrx_word' id='word_1_439' title='bbox 985 4479 1102 4541; x_wconf 74' lang='lat' dir='ltr'><strong>solvat.</strong></span> <span class='ocrx_word' id='word_1_440' title='bbox 1153 4479 1275 4542; x_wconf 78' lang='lat' dir='ltr'><strong>t&#39;erum</strong></span> <span class='ocrx_word' id='word_1_441' title='bbox 1307 4481 1390 4545; x_wconf 91' lang='lat' dir='ltr'><strong>haec</strong></span> <span class='ocrx_word' id='word_1_442' title='bbox 1413 4481 1470 4546; x_wconf 88' lang='lat' dir='ltr'><strong>cir-</strong></span> 
     </span>
     <span class='ocr_line' id='line_1_46' title="bbox 152 4565 1469 4648; baseline 0.005 -21"><span class='ocrx_word' id='word_1_443' title='bbox 152 4566 349 4630; x_wconf 85' lang='lat' dir='ltr'><strong>aaurstanlia</strong></span> <span class='ocrx_word' id='word_1_444' title='bbox 374 4565 545 4648; x_wconf 79' lang='lat' dir='ltr'><strong>peculiaris</strong></span> <span class='ocrx_word' id='word_1_445' title='bbox 569 4568 715 4631; x_wconf 78' lang='lat' dir='ltr'><strong>affertos.</strong></span> <span class='ocrx_word' id='word_1_446' title='bbox 741 4588 834 4645; x_wconf 55' lang='lat' dir='ltr'><strong>(qoem</strong></span> <span class='ocrx_word' id='word_1_447' title='bbox 861 4568 978 4630; x_wconf 88' lang='lat' dir='ltr'><strong>habeat</strong></span> <span class='ocrx_word' id='word_1_448' title='bbox 1002 4573 1139 4648; x_wconf 84' lang='lat' dir='ltr'><strong>emptor.</strong></span> <span class='ocrx_word' id='word_1_449' title='bbox 1165 4569 1329 4633; x_wconf 74' lang='lat' dir='ltr'><strong>venditori</strong></span> <span class='ocrx_word' id='word_1_450' title='bbox 1355 4570 1469 4635; x_wconf 87' lang='lat' dir='ltr'><strong>iustum</strong></span> 
     </span>
     <span class='ocr_line' id='line_1_47' title="bbox 151 4651 1469 4736; baseline 0.003 -19"><span class='ocrx_word' id='word_1_451' title='bbox 151 4651 283 4717; x_wconf 85' lang='lat' dir='ltr'><strong>titulum</strong></span> <span class='ocrx_word' id='word_1_452' title='bbox 308 4676 369 4718; x_wconf 91' lang='lat' dir='ltr'><strong>aon</strong></span> <span class='ocrx_word' id='word_1_453' title='bbox 387 4655 445 4719; x_wconf 85' lang='lat' dir='ltr'><strong>dat¹</strong></span> <span class='ocrx_word' id='word_1_454' title='bbox 468 4654 607 4734; x_wconf 76' lang='lat' dir='ltr'><strong>arrgendi</strong></span> <span class='ocrx_word' id='word_1_455' title='bbox 632 4653 726 4736; x_wconf 89' lang='lat' dir='ltr'><strong>pretii</strong></span> <span class='ocrx_word' id='word_1_456' title='bbox 745 4656 831 4719; x_wconf 88' lang='lat' dir='ltr'><strong>altra</strong></span> <span class='ocrx_word' id='word_1_457' title='bbox 855 4656 896 4723; x_wconf 83' lang='lat' dir='ltr'><strong>io.</strong></span> <span class='ocrx_word' id='word_1_458' title='bbox 921 4655 1006 4736; x_wconf 90' lang='lat' dir='ltr'><strong>qaod</strong></span> <span class='ocrx_word' id='word_1_459' title='bbox 1030 4655 1112 4719; x_wconf 87' lang='lat' dir='ltr'><strong>alias</strong></span> <span class='ocrx_word' id='word_1_460' title='bbox 1137 4663 1189 4722; x_wconf 91' lang='lat' dir='ltr'><strong>est</strong></span> <span class='ocrx_word' id='word_1_461' title='bbox 1211 4679 1393 4731; x_wconf 83' lang='lat' dir='ltr'><strong>summun1;</strong></span> <span class='ocrx_word' id='word_1_462' title='bbox 1418 4660 1469 4722; x_wconf 86' lang='lat' dir='ltr'><strong>dat</strong></span> 
     </span>
    </p>
   </div>
   <div class='ocr_carea' id='block_1_9' title="bbox 0 0 1558 5168">
    <p class='ocr_par' dir='ltr' id='par_1_9' title="bbox 0 0 1558 5168">
     <span class='ocr_line' id='line_1_48' title="bbox 0 0 1558 5168; baseline 0 2"><span class='ocrx_word' id='word_1_463' title='bbox 0 0 1558 5168; x_wconf 95' lang='lat' dir='ltr'><strong> </strong></span> 
     </span>
    </p>
   </div>
  </div>
 </body>
</html>
