3106 5168
346 270 448 327 Votum
468 271 568 343 susoip.
587 289 609 327 s.
629 271 761 336 ordinum,
779 271 972 340 ingrediendus
990 271 1137 340 religionis.
1342 273 1405 339 143

676 446 812 514 Solutio.

167 568 221 635 An
251 590 442 647 ousnsrrurr
472 572 510 640 R.
544 575 573 639 1.
627 571 773 638 Felicula
801 593 866 637 non
895 576 985 638 recte
1015 570 1172 636 iudicavit
1204 573 1282 637 aute
1312 580 1466 636 saumae?

75 658 321 725 matrimonium
346 661 566 726 necessarium
590 681 663 727 esse
685 682 854 728 recursum
876 661 1014 726 Romam
1037 659 1231 727 faciendum.

168 747 256 814 Nam
285 748 348 816 etsi
378 753 527 816 sumatur
556 771 621 815 non
651 770 724 816 esse
753 749 808 833 qui
839 771 881 816 ex
907 748 1080 835 privilegio
1110 749 1238 835 possint
1267 769 1288 814 a
1319 747 1406 815 votis

78 840 249 902 reservatis
271 838 459 904 absolvere:
487 839 520 904 in
544 861 623 906 casu
645 838 869 915 necessitatis,
894 838 948 903 ubi
971 837 1149 923 periculum
1173 843 1224 905 est
1246 837 1279 903 iu
1303 859 1405 913 mora,

75 925 158 991 illud
182 929 295 992 votum
320 927 484 995 castitatis
506 949 571 994 non
594 928 660 994 iam
682 927 731 995 ita
754 933 906 995 censetur
928 931 1151 1006 reservatum,
1175 926 1407 1012 utepiscopus
1514 922 1518 932 “

76 1015 245 1118 ordinaria
267 1015 427 1171 fzcultate
457 1038 522 1083 non
551 1019 656 1104 possit
679 1018 870 1102 dispensare
893 1018 926 1082 in
950 1016 1062 1083 ordine
1089 1017 1130 1083 ad
1153 1016 1215 1082 hoc
1238 1017 1406 1083 matrimo-

76 1124 168 1168 mum
191 1125 288 1170 rneuu
312 1127 376 1172 um.

168 1193 271 1259 Immo
303 1194 403 1278 aliqui
437 1194 536 1262 etiam
569 1195 777 1262 confessariis
809 1195 1014 1279 regularibus
1037 1194 1187 1260 ordinum
1218 1194 1406 1260 mendican-

76 1281 161 1348 tium
183 1281 217 1347 id
241 1303 283 1349 ex
305 1283 487 1368 privilegiis
510 1283 689 1352 vindicant.
735 1285 768 1351 S.
791 1283 909 1368 Alph.
933 1284 990 1361 Vl,
1015 1285 1091 1350 987.
1118 1285 1220 1360 1128;
1247 1282 1305 1362 IlI,
1330 1284 1405 1349 258.

169 1371 232 1525 {list
254 1376 365 1439 autem
388 1374 500 1457 gravis
524 1376 559 1439 et
581 1373 767 1440 necessaria
791 1394 907 1453 causa,
938 1395 996 1439 cur
1018 1372 1183 1439 Feliculae
1206 1371 1405 1456 dispensatio

78 1480 179 1526 conce
202 1466 287 1529 atur.

169 1558 208 1625 a.
225 1562 256 1625 2.
295 1559 377 1625 Post
398 1559 515 1625 initum
539 1559 782 1627 matrimonium
798 1563 911 1626 votum
934 1580 1000 1625 non
1023 1558 1173 1626 totaliter
1195 1558 1325 1641 quidem
1348 1560 1405 1625 sed
1416 1567 1468 1622 288

78 1667 121 1712 ex
151 1652 248 1732 parte
274 1653 393 1715 cessat.
438 1648 526 1714 Nam
550 1649 687 1715 reddere
709 1649 855 1715 debitum
878 1648 1003 1734 petenti
1027 1648 1155 1731 coniugi
1181 1648 1299 1714 coniux
1322 1648 1408 1714 alter

78 1735 193 1813 dcbet;
224 1742 338 1821 petere
360 1740 471 1803 tamen
495 1739 526 1804 ei
549 1738 603 1822 qui
628 1741 708 1804 voto
732 1737 896 1805 castitatis
922 1742 1056 1805 tenetur
1088 1758 1153 1803 nou
1181 1736 1276 1815 licet,
1308 1737 1407 1803 immo

79 1825 242 1909 prioribus
257 1827 382 1892 duobus
405 1827 569 1893 mensibus
592 1847 633 1892 ue
648 1827 786 1893 reddere
802 1827 931 1911 quidem
945 1826 1033 1906 licet,
1058 1826 1135 1909 quia
1156 1826 1241 1892 alter
1262 1826 1314 1891 ius
1331 1847 1407 1911 per·

78 1915 201 1981 fectum
233 1916 376 1981 nondum
406 1916 514 1984 habet.
561 1916 668 1993 Quare
692 1937 755 1999 quo
782 1917 899 1982 melius
922 1915 1135 1982 difficultates
1164 1921 1405 1988 removeantur,

79 2003 280 2087 dispensatio
311 2005 453 2090 peteuda
476 2010 536 2072 est.
583 2005 742 2082 Quoniam
765 2009 876 2072 eutem
899 2011 1013 2072 votum
1043 2026 1108 2071 non
1135 2004 1203 2070 iam
1226 2005 1407 2089 perfectum

79 2093 245 2160 castitatis
269 2094 513 2160 observantiam
536 2116 595 2178 pro
619 2094 747 2162 obiecto
770 2095 886 2170 habet,
911 2116 970 2178 per
993 2093 1191 2160 ordinarium
1213 2093 1405 2160 fucultatem

79 2182 250 2267 episcopus
273 2183 463 2267 dispensare
486 2186 606 2269 potest,
631 2187 731 2266 atque
755 2184 855 2250 etiam
878 2183 1070 2250 confessarii
1092 2182 1292 2265 regularium
1314 2205 1403 2249 men-

80 2272 258 2339 dicantium
282 2272 496 2340 facultatibus
519 2273 569 2339 sui
592 2273 716 2339 ordinis
738 2272 900 2341 instructi.
948 2273 980 2340 S.
1004 2273 1121 2356 Alph.
1146 2273 1166 2338 l.
1192 2293 1219 2339 c.

169 2378 209 2446 R.
227 2382 257 2445 3.
290 2379 411 2444 Verum
432 2378 643 2463 dispensatio,
667 2377 737 2443 sive
761 2382 839 2444 ante
861 2377 1101 2468 matrimonium
1119 2377 1217 2444 datur
1239 2377 1309 2442 sive
1331 2382 1408 2462 post

79 2468 197 2535 initum
221 2467 475 2547 matrimonium,
499 2488 564 2533 nou
588 2471 639 2534 est
663 2467 827 2542 absoluta,
852 2468 909 2533 sed
934 2467 1031 2534 datur
1053 2468 1157 2533 solum
1185 2466 1217 2550 1)
1239 2488 1299 2551 pro
1322 2471 1407 2533 tem·

79 2578 160 2643 pore
183 2557 278 2623 huius
301 2557 499 2623 matrimonii
523 2557 558 2640 2)
581 2556 715 2640 eiusque
737 2555 884 2640 legitimo
907 2577 968 2622 usu
991 2556 1046 2638 (cf.
1071 2577 1171 2640 supra
1194 2578 1225 2622 n.
1251 2555 1338 2638 280).

101 2775 259 2844 VOTUM
281 2776 537 2843 ASSUMENDI
561 2776 753 2843 ORDINES
778 2773 939 2842 SACROS
967 2774 1024 2841 ET
1047 2775 1204 2843 VOTUM
1231 2775 1385 2842 INGRE-

497 2874 698 2940 DIENDAE
726 2872 987 2941 RELIGIONIS.

645 3030 756 3098 tusus.
783 3038 841 3106 (79)

169 3164 357 3240 Degobertus
385 3163 576 3241 perfectionis
605 3163 785 3222 christianae
814 3162 937 3240 cupidus
965 3162 1048 3222 vovit
1074 3162 1188 3238 ingredi
1216 3161 1404 3237 religionem

78 3244 243 3320 quodcum
265 3244 380 3321 aperiet
402 3244 600 3316 confessario,
628 3244 844 3318 interrogatur,
867 3243 1022 3302 voveritue
1042 3242 1072 3301 in
1093 3242 1234 3318 religione
1255 3262 1406 3302 assumere

79 3333 192 3384 statum
213 3324 435 3384 sacerdotalem.
466 3323 520 3384 Oui
542 3344 607 3383 curn
628 3324 832 3401 respondisset
853 3342 885 3382 se
907 3323 945 3382 ad
965 3323 1046 3381 illum
1068 3322 1201 3400 aspirare
1217 3323 1332 3399 quidem
1354 3323 1406 3382 sed

78 3411 150 3464 voto
171 3405 228 3463 hoc
248 3423 308 3463 non
330 3405 597 3481 comprehendisse,
619 3403 819 3463 confessarius
841 3403 954 3473 suadet,
976 3408 1010 3461 ut
1022 3408 1124 3462 votum
1144 3422 1229 3462 suum
1248 3408 1408 3463 commutet

78 3485 109 3545 in
130 3490 233 3545 votum
253 3489 351 3544 status
372 3485 567 3544 sacerdotalis
588 3489 618 3543 et
640 3503 728 3543 curae
749 3483 912 3542 animarum
932 3483 963 3541 in
984 3483 1050 3559 ipsa
1064 3482 1192 3542 dioecesi
1213 3484 1406 3551 exercendae,

78 3585 156 3642 quse
184 3565 388 3625 sacerdotibus
416 3565 456 3623 sit
482 3565 569 3624 valde
598 3565 755 3637 destituta;
790 3564 820 3623 id
849 3563 926 3621 enim
955 3583 1029 3639 opus
1056 3563 1160 3622 melius
1189 3568 1219 3622 et
1245 3564 1407 3641 perfectius

79 3665 155 3706 esse.
177 3678 216 3687 -
243 3645 268 3704 E
290 3646 439 3704 contrario
460 3646 631 3722 adolphus,
659 3645 708 3721 qui
730 3649 831 3703 votum
857 3643 1016 3703 sacerdotii
1037 3649 1067 3702 et
1088 3643 1201 3704 servitii
1223 3663 1295 3720 erga
1315 3646 1406 3705 ecole-

79 3726 156 3786 siam
184 3726 390 3785 dioecesanam
417 3727 547 3795 fecerat,
577 3731 665 3800 atque
695 3727 732 3782 ob
760 3724 836 3783 hanc
868 3742 987 3783 causum
1018 3723 1049 3782 in
1077 3724 1201 3800 collegio
1230 3725 1406 3785 dioecesano

78 3807 175 3883 gratis
204 3806 302 3865 studia
323 3806 468 3876 absolvit,
497 3825 516 3864 a
537 3805 719 3864 confessario
747 3804 930 3879 interrogato
952 3823 1126 3880 responsum
1150 3805 1260 3883 accipit
1287 3825 1320 3864 se
1347 3826 1406 3866 non

78 3887 213 3965 impediri
236 3888 273 3945 ab
294 3886 487 3961 ingredienda
511 3884 669 3960 religione,
698 3886 852 3961 utpotein
873 3902 960 3960 quam
980 3884 1048 3943 aliis
1069 3885 1203 3944 omnibus
1224 3885 1304 3945 votis
1324 3905 1406 3961 prae·

79 3967 256 4034 stantiorem
278 3984 477 4043 quaecumque
498 3971 570 4025 vota
591 3969 769 4024 commutare
790 3964 913 4041 quilibet
933 3964 1037 4040 possit.

80 4074 259 4148 Qusnurruu
282 4076 310 4132 1⁰
335 4072 404 4149 quid
425 4073 581 4211 {llfllalffl
599 4070 807 4147 perfectionis;
829 4069 908 4128 sitne
928 4069 1087 4147 perfectior
1101 4076 1198 4130 status
1213 4071 1406 4131 sacerdotalis

335 4172 373 4211 an
394 4172 425 4211 re
438 4171 560 4228 rgrosus.

280 4244 310 4301 2ο
335 4245 454 4301 rectene
475 4239 651 4300 iudicaverit
672 4238 835 4315 Dagoberti
857 4239 1058 4299 confessarius
1079 4258 1117 4297 en
1141 4240 1276 4318 Adolphi.

677 4413 813 4482 solutio.

171 4543 224 4608 An
248 4561 438 4618 ounssrruu
466 4542 501 4604 1¹⁰
529 4539 568 4605 R.
595 4541 623 4606 1.
670 4538 785 4605 Status
808 4536 1019 4622 perfectionis
1043 4535 1240 4602 christianae
1263 4553 1467 4608 commu-289

81 4633 167 4699 niter
191 4630 392 4713 intellegitur
414 4632 536 4704 status,
567 4648 630 4710 quo
653 4627 695 4693 ad
719 4626 952 4712 perfectionem
975 4624 1136 4702 tenditur,
1167 4645 1231 4690 non
1254 4626 1406 4707 quoiam
