3106 5168
411 265 506 322 Status
524 265 682 336 religiosus:
705 266 833 336 religiosa
851 267 1022 320 oboedientia.
1315 269 1377 335 167

56 445 232 518 mereatur,
256 441 406 507 excusari
429 443 552 527 poterit
575 464 596 509 a
618 443 712 525 gravi
735 447 887 528 peccato,
919 443 1037 509 saltem
1070 441 1098 508 si
1121 463 1260 509 revera
1283 463 1381 528 supe·

54 529 190 596 riorissa
207 529 431 614 imprudenter
449 553 582 598 causam
605 532 686 598 adeo
709 533 816 599 levem
834 532 931 598 valde
954 531 1226 615 exaggeraverim
1249 531 1277 598 si
1300 553 1380 599 vero

54 619 179 684 dictum
201 618 282 685 illud
311 619 478 686 oriebatur
507 641 550 686 ex
578 621 703 700 animo,
735 621 789 704 qui
819 621 900 687 nolit
929 620 1164 706 superiorissae
1191 621 1381 688 auctoritati

54 708 235 787 subiacere,
259 713 429 793 peccatum
453 709 518 776 fuit
541 709 639 776 etiam
663 714 735 778 tum
756 731 869 794 grave.

144 814 184 882 R.
203 817 232 881 5.
275 813 367 892 Quod
382 815 652 882 detrectationem
675 836 800 900 poenae
823 817 962 899 spectat,
985 813 1072 880 idem
1087 813 1149 893 dic,
1173 814 1260 897 quod
1283 820 1382 883 antea

55 903 179 970 dictum
209 906 262 969 est
290 903 333 969 ad
362 904 401 970 R.
426 907 457 971 4.
503 904 590 971 Nanr
613 905 840 989 non-impletio
863 924 1005 989 poenae,
1037 924 1110 969 cum
1132 924 1197 969 non
1222 909 1382 988 exparte

54 997 191 1059 sanetae
223 992 448 1060 oboedientiae
479 993 524 1060 sit
554 993 725 1078 imposita,
758 994 853 1079 culpa
886 992 1016 1076 quidem
1047 996 1114 1071 est,
1149 993 1208 1058 sed
1239 992 1381 1059 nondum

55 1081 214 1150 mortalis.
251 1081 409 1148 Attamen
432 1082 581 1149 formalis
603 1082 766 1149 recusatio
789 1104 848 1166 per
869 1103 906 1148 se
929 1081 1066 1147 dicenda
1088 1085 1140 1148 est
1162 1080 1309 1147 formalis
1331 1082 1382 1147 in-

55 1169 272 1239 oboedientia.
319 1170 526 1238 Solummodo
556 1172 584 1238 si
613 1172 757 1238 Melania
778 1172 882 1256 primo
905 1171 1005 1236 silens
1027 1169 1210 1254 accepisset
1232 1169 1382 1237 nuntium

55 1280 198 1342 poenae,
222 1264 338 1344 postea
360 1264 471 1326 tamen
494 1283 559 1327 non
582 1261 766 1346 implesset,
798 1264 899 1344 atque
922 1260 1021 1326 etiam
1044 1259 1130 1343 apud
1154 1258 1292 1326 amicam
1314 1259 1382 1343 pri·

55 1349 160 1415 vatim
190 1349 284 1440 quasi
313 1349 354 1415 de
382 1349 483 1416 nimia
511 1349 689 1416 severitate
719 1353 897 1432 conquesta
928 1348 1082 1428 dixisset,
1115 1347 1176 1414 sibi
1207 1347 1242 1413 in
1273 1349 1382 1415 animo

56 1459 121 1504 non
145 1458 218 1503 esse
242 1459 314 1503 eam
337 1437 486 1522 implere,
512 1439 699 1506 nullatenus
721 1460 801 1505 vero
824 1439 909 1505 hane
931 1458 1056 1523 poenae
1078 1437 1317 1504 recusationem
1340 1437 1383 1503 ad

56 1527 303 1611 superiorissam
328 1528 380 1592 cui
403 1532 482 1594 nota
504 1530 598 1594 fieret
614 1528 803 1595 direxisset:
828 1527 970 1593 nondum
993 1529 1161 1594 constaret
1184 1526 1224 1592 de
1246 1530 1383 1610 peccato

56 1615 198 1683 mortali.
252 1615 393 1693 Quilibet
425 1621 534 1684 sutem
565 1617 656 1683 videt
686 1616 770 1683 hanc
802 1637 874 1683 esse
906 1615 1081 1701 pessimam
1113 1615 1213 1681 animi
1245 1615 1383 1699 disposi-

56 1705 189 1783 tionem,
214 1708 258 1782 et,
282 1705 473 1771 sinendum
498 1727 633 1788 gravem
657 1706 727 1773 voti
749 1706 937 1783 laesionem,
960 1709 1071 1772 tamen
1094 1703 1207 1788 gravis
1229 1704 1384 1770 laesionis

56 1794 236 1878 pericnlum
260 1799 294 1860 et
317 1793 414 1862 viam.
461 1795 567 1873 Quare
590 1794 733 1862 Melania
756 1816 777 1861 a
800 1793 999 1861 confessario
1022 1794 1212 1860 etiamtum
1234 1793 1384 1877 graviter

56 1888 107 1950 est
131 1882 344 1965 obiurganda.

394 2058 694 2127 OBOEDIENTIA
717 2057 950 2125 RELIGIOSA
978 2057 1046 2140 (ll).

620 2216 731 2284 Casus.
758 2223 817 2293 (89)

147 2354 308 2415 Severinus
333 2354 468 2433 superior
487 2356 662 2432 religiosus,
690 2356 775 2416 cuius
801 2356 932 2418 instituti
958 2376 1031 2417 usus
1058 2376 1117 2416 non
1138 2356 1213 2428 fert,
1241 2360 1274 2417 ut
1294 2356 1383 2416 facile

56 2455 159 2495 verum
181 2435 244 2494 voti
265 2436 468 2496 oboedientiae
488 2442 678 2514 praeceptum
699 2436 875 2514 imponatur,
896 2436 996 2510 timet,
1017 2456 1056 2496 ne
1076 2437 1142 2497 sine
1161 2437 1300 2513 graviore
1321 2437 1383 2496 vin·

57 2517 124 2575 culo
145 2515 251 2574 morali
273 2517 464 2576 observantia
484 2517 624 2593 religiosa
645 2518 811 2589 relaxetur;
838 2522 1018 2594 quapropter
1039 2517 1170 2577 ordinem
1191 2516 1384 2577 domesticum

57 2597 235 2672 regulasque
263 2597 426 2655 servandas
448 2616 481 2655 se
502 2616 607 2673 urgere
629 2597 700 2657 dicit
727 2616 786 2656 non
807 2597 869 2657 voti
890 2597 1004 2673 quidem
1026 2602 1201 2674 praecepto,
1229 2616 1266 2656 ne
1294 2596 1383 2655 sacri·

56 2676 137 2751 legia
150 2681 326 2751 augeantur,
348 2677 398 2736 sed
413 2676 443 2736 vi
464 2677 569 2753 plenae
584 2697 656 2737 suae
674 2677 833 2755 potestatis
854 2676 1074 2750 iurisdictionis,
1095 2676 1274 2754 proindeque
1288 2683 1385 2736 trans·

57 2776 212 2831 gresaoree
233 2756 322 2815 etiam
343 2762 406 2816 tum
426 2757 527 2832 gravia
550 2759 667 2835 peccati
689 2777 757 2817 reos
778 2758 858 2831 fore,
886 2757 944 2817 nisi
970 2777 1068 2818 rerum
1094 2757 1229 2836 parvitas
1250 2762 1383 2829 excuset,

56 2837 136 2896 sicut
158 2841 268 2904 essent,
289 2836 315 2896 si
337 2837 541 2897 oboedientiae
561 2843 633 2898 voto
654 2839 918 2914 adstringerentur.

148 2915 288 2986 Quirinus
310 2923 408 2976 autem
433 2917 605 2992 religiosus,
635 2938 700 2977 cum
724 2919 807 2993 legat
832 2919 865 2978 in
885 2922 943 2978 act.
964 2923 995 2978 et
1016 2917 1094 2978 decr.
1114 2915 1232 2977 concilii
1258 2916 1384 2994 plenarii

57 2997 216 3056 Americae
236 2997 348 3056 lat-inae
371 2998 438 3057 hab.
463 2999 538 3056 1899
561 3000 601 3071 (n.
623 2999 711 3072 331),
739 2997 895 3074 religiosos
915 2997 946 3056 vi
967 2997 1030 3057 voti
1057 2996 1261 3057 oboedientiae
1288 2996 1384 3055 teneri

57 3077 196 3137 oboedire
225 3077 314 3136 etiam
335 3077 385 3135 ΒΜ
407 3077 544 3136 Pontifici
572 3084 661 3154 atque
682 3078 710 3139 S.
733 3077 1018 3155 congregationibus
1039 3077 1196 3148 Romanis,
1224 3076 1383 3154 praecipua

58 3157 86 3216 S.
102 3157 133 3217 Ο.
149 3177 214 3233 epp.
230 3163 260 3215 et
276 3158 378 3232 regul,
401 3158 437 3215 de
458 3158 539 3217 laeso
553 3164 625 3218 voto
646 3159 767 3234 angitur
780 3163 901 3236 propter
913 3159 1083 3234 frequentes
1104 3156 1251 3216 laesiones
1273 3174 1383 3227 eorum,

57 3257 132 3312 quae
153 3257 172 3296 a
193 3237 344 3296 Clemente
363 3238 439 3296 VIII
460 3243 573 3297 statuta
595 3244 665 3298 sunt
685 3239 764 3298 circa
786 3238 970 3315 disciplinam
992 3238 1157 3313 regularem
1178 3235 1255 3295 decr.
1278 3236 1383 3313 „Sone-

58 3315 207 3377 tisaimus“
230 3317 255 3377 d.
278 3318 303 3377 d,
326 3319 364 3377 20
386 3317 488 3377 Martii
510 3320 604 3390 1601,
632 3325 721 3395 atque
742 3319 900 3378 multarum
920 3318 1054 3394 gravium
1076 3318 1227 3394 culparum
1248 3335 1384 3376 aereum

58 3398 219 3457 existimat.
1167 3424 1171 3434 ·

58 3503 237 3574 Quamurua
258 3506 287 3561 1ο
313 3502 430 3579 quinam
460 3502 492 3561 vi
520 3503 584 3562 voti
614 3503 833 3576 oboedientiae,
862 3502 913 3580 qui
939 3502 969 3561 vi
997 3501 1209 3562 iurisdictionis
1236 3501 1384 3578 religiosis

311 3584 482 3660 praecipere
503 3583 627 3659 possint.

256 3673 287 3731 2ο
313 3672 390 3748 quod
412 3672 603 3748 obligationis
625 3672 782 3731 discrimen
803 3670 968 3731 intercedat
990 3671 1068 3732 inter
1088 3676 1249 3749 praecepta
1269 3670 1300 3731 ri
1320 3670 1385 3731 voti

312 3759 342 3811 et
363 3752 392 3812 vi
416 3752 629 3812 iurisdictionis
649 3753 797 3829 imposita.

257 3843 288 3900 3⁰
313 3840 472 3902 Severiana
493 3847 523 3901 et
544 3840 684 3911 Quirinus
705 3860 774 3899 num
795 3847 877 3900 recte
898 3839 1054 3901 senserint.

652 4023 790 4090 Salutio.

56 4257 66 4320 1
100 4167 201 4322 bAtn
224 4187 416 4243 ouansrruu
442 4170 478 4231 1¹¹²
508 4168 547 4234 R.
575 4171 604 4235 1.
649 4164 885 4233 Iurisdictionis
916 4170 1117 4250 potestatem
1148 4165 1182 4232 in
1212 4166 1384 4250 religiosos
1394 4187 1446 4240 333

68 4279 99 4323 ra
122 4277 163 4322 en
189 4279 197 4321 :

149 4355 182 4435 1)
205 4353 371 4419 Romanus
394 4354 548 4420 Pontifex
570 4359 640 4422 tum
664 4352 826 4419 communi
855 4352 951 4419 titulo
983 4351 1125 4436 pastoris
1147 4351 1289 4435 supremi
1313 4371 1383 4416 om·

57 4444 146 4509 nium
169 4442 329 4520 fidelium,
360 4448 429 4510 tum
454 4464 496 4508 ex
518 4443 645 4509 ratione
669 4441 843 4526 peculiaris
866 4440 1008 4508 instituti
1031 4440 1260 4518 ecclesiastici,
1291 4437 1383 4506 euius

56 4534 281 4599 characterem
304 4532 477 4615 religiosus
507 4532 584 4597 ordo
614 4531 720 4598 induit
751 4535 785 4597 et
815 4531 855 4596 ob
879 4551 974 4612 quern
998 4551 1018 4595 a
1041 4549 1191 4613 supremo
1215 4527 1383 4594 Ecclesiae

57 4621 166 4706 capite
190 4620 377 4703 dirigendus
401 4627 461 4686 est.
