<?xml version="1.0" encoding="UTF-8"?>
<!DOCTYPE html PUBLIC "-//W3C//DTD XHTML 1.0 Transitional//EN"
    "http://www.w3.org/TR/xhtml1/DTD/xhtml1-transitional.dtd">
<html xmlns="http://www.w3.org/1999/xhtml" xml:lang="en" lang="en">
 <head>
  <title>
</title>
<meta http-equiv="Content-Type" content="text/html;charset=utf-8" />
  <meta name='ocr-system' content='tesseract 3.04.00' />
  <meta name='ocr-capabilities' content='ocr_page ocr_carea ocr_par ocr_line ocrx_word'/>
</head>
<body>
  <div class='ocr_page' id='page_1' title='image "./casusconscienti01lehmgoog_0024.png"; bbox 0 0 3106 5168; ppageno 0'>
   <div class='ocr_carea' id='block_1_1' title="bbox 120 250 940 319">
    <p class='ocr_par' dir='ltr' id='par_1_1' title="bbox 120 250 940 319">
     <span class='ocr_line' id='line_1_1' title="bbox 120 250 940 319; baseline -0.002 -13"><span class='ocrx_word' id='word_1_1' title='bbox 120 256 140 319; x_wconf 85' lang='lat'><em>8</em></span> <span class='ocrx_word' id='word_1_2' title='bbox 622 250 663 305; x_wconf 88' lang='lat' dir='ltr'>De</span> <span class='ocrx_word' id='word_1_3' title='bbox 681 250 788 305; x_wconf 80' lang='lat' dir='ltr'>actibus</span> <span class='ocrx_word' id='word_1_4' title='bbox 806 250 940 306; x_wconf 86' lang='lat' dir='ltr'>humanis.</span> 
     </span>
    </p>
   </div>
   <div class='ocr_carea' id='block_1_2' title="bbox 116 424 1448 1320">
    <p class='ocr_par' dir='ltr' id='par_1_2' title="bbox 117 424 1448 1133">
     <span class='ocr_line' id='line_1_2' title="bbox 119 424 1448 510; baseline 0 -16"><span class='ocrx_word' id='word_1_5' title='bbox 119 434 231 494; x_wconf 88' lang='lat' dir='ltr'>tamen</span> <span class='ocrx_word' id='word_1_6' title='bbox 253 425 381 507; x_wconf 82' lang='lat' dir='ltr'>agendo</span> <span class='ocrx_word' id='word_1_7' title='bbox 404 424 561 509; x_wconf 86' lang='lat' dir='ltr'>impedire</span> <span class='ocrx_word' id='word_1_8' title='bbox 584 445 733 509; x_wconf 92' lang='lat' dir='ltr'>possum:</span> <span class='ocrx_word' id='word_1_9' title='bbox 764 446 837 491; x_wconf 91' lang='lat' dir='ltr'>eam</span> <span class='ocrx_word' id='word_1_10' title='bbox 866 425 1022 510; x_wconf 89' lang='lat' dir='ltr'>impedire</span> <span class='ocrx_word' id='word_1_11' title='bbox 1047 427 1147 493; x_wconf 90' lang='lat' dir='ltr'>debeo</span> <span class='ocrx_word' id='word_1_12' title='bbox 1179 448 1222 492; x_wconf 88' lang='lat' dir='ltr'>ex</span> <span class='ocrx_word' id='word_1_13' title='bbox 1250 427 1387 506; x_wconf 89' lang='lat' dir='ltr'>iustitia,</span> <span class='ocrx_word' id='word_1_14' title='bbox 1418 427 1448 494; x_wconf 83' lang='lat' dir='ltr'>si</span> 
     </span>
     <span class='ocr_line' id='line_1_3' title="bbox 120 514 1445 598; baseline 0.001 -16"><span class='ocrx_word' id='word_1_15' title='bbox 120 517 162 582; x_wconf 93' lang='lat' dir='ltr'>ad</span> <span class='ocrx_word' id='word_1_16' title='bbox 185 515 246 580; x_wconf 89' lang='lat' dir='ltr'>hoo</span> <span class='ocrx_word' id='word_1_17' title='bbox 269 514 303 580; x_wconf 94' lang='lat' dir='ltr'>in</span> <span class='ocrx_word' id='word_1_18' title='bbox 326 534 460 579; x_wconf 89' lang='lat' dir='ltr'>munere</span> <span class='ocrx_word' id='word_1_19' title='bbox 484 535 556 579; x_wconf 91' lang='lat' dir='ltr'>meo</span> <span class='ocrx_word' id='word_1_20' title='bbox 580 515 779 580; x_wconf 88' lang='lat' dir='ltr'>constitutus</span> <span class='ocrx_word' id='word_1_21' title='bbox 801 535 889 591; x_wconf 89' lang='lat' dir='ltr'>sum;</span> <span class='ocrx_word' id='word_1_22' title='bbox 922 514 1080 598; x_wconf 91' lang='lat' dir='ltr'>impedire</span> <span class='ocrx_word' id='word_1_23' title='bbox 1103 516 1205 582; x_wconf 89' lang='lat' dir='ltr'>debeo</span> <span class='ocrx_word' id='word_1_24' title='bbox 1229 537 1271 582; x_wconf 87' lang='lat' dir='ltr'>ex</span> <span class='ocrx_word' id='word_1_25' title='bbox 1295 518 1445 594; x_wconf 75' lang='lat' dir='ltr'>cantate,</span> 
     </span>
     <span class='ocr_line' id='line_1_4' title="bbox 119 603 1446 686; baseline 0.002 -16"><span class='ocrx_word' id='word_1_26' title='bbox 119 605 146 670; x_wconf 88' lang='lat' dir='ltr'>si</span> <span class='ocrx_word' id='word_1_27' title='bbox 177 605 313 671; x_wconf 86' lang='lat' dir='ltr'>effectus</span> <span class='ocrx_word' id='word_1_28' title='bbox 343 604 464 669; x_wconf 90' lang='lat' dir='ltr'>malum</span> <span class='ocrx_word' id='word_1_29' title='bbox 496 603 569 670; x_wconf 89' lang='lat' dir='ltr'>aliis</span> <span class='ocrx_word' id='word_1_30' title='bbox 602 607 733 682; x_wconf 90' lang='lat' dir='ltr'>causat,</span> <span class='ocrx_word' id='word_1_31' title='bbox 765 604 850 685; x_wconf 89' lang='lat' dir='ltr'>quod</span> <span class='ocrx_word' id='word_1_32' title='bbox 881 624 942 686; x_wconf 88' lang='lat' dir='ltr'>ego</span> <span class='ocrx_word' id='word_1_33' title='bbox 972 603 1042 669; x_wconf 88' lang='lat' dir='ltr'>sine</span> <span class='ocrx_word' id='word_1_34' title='bbox 1072 604 1276 671; x_wconf 90' lang='lat' dir='ltr'>incommodo</span> <span class='ocrx_word' id='word_1_35' title='bbox 1305 607 1446 672; x_wconf 76' lang='lat' dir='ltr'>relative</span> 
     </span>
     <span class='ocr_line' id='line_1_5' title="bbox 120 691 1447 777; baseline 0.002 -18"><span class='ocrx_word' id='word_1_36' title='bbox 120 715 239 777; x_wconf 88' lang='lat' dir='ltr'>magno</span> <span class='ocrx_word' id='word_1_37' title='bbox 254 691 412 776; x_wconf 91' lang='lat' dir='ltr'>impedire</span> <span class='ocrx_word' id='word_1_38' title='bbox 428 713 577 776; x_wconf 89' lang='lat' dir='ltr'>possum;</span> <span class='ocrx_word' id='word_1_39' title='bbox 601 693 715 758; x_wconf 86' lang='lat' dir='ltr'>velex</span> <span class='ocrx_word' id='word_1_40' title='bbox 734 692 901 774; x_wconf 83' lang='lat' dir='ltr'>religione,</span> <span class='ocrx_word' id='word_1_41' title='bbox 925 693 953 757; x_wconf 93' lang='lat' dir='ltr'>si</span> <span class='ocrx_word' id='word_1_42' title='bbox 977 694 1112 759; x_wconf 87' lang='lat' dir='ltr'>effectus</span> <span class='ocrx_word' id='word_1_43' title='bbox 1135 695 1241 760; x_wconf 88' lang='lat' dir='ltr'>malus</span> <span class='ocrx_word' id='word_1_44' title='bbox 1264 699 1316 760; x_wconf 89' lang='lat' dir='ltr'>est</span> <span class='ocrx_word' id='word_1_45' title='bbox 1331 699 1447 761; x_wconf 88' lang='lat' dir='ltr'>contra</span> 
     </span>
     <span class='ocr_line' id='line_1_6' title="bbox 118 780 1446 868; baseline 0.002 -21"><span class='ocrx_word' id='word_1_46' title='bbox 118 783 273 848; x_wconf 92' lang='lat' dir='ltr'>honorem</span> <span class='ocrx_word' id='word_1_47' title='bbox 305 780 458 847; x_wconf 90' lang='lat' dir='ltr'>divinum.</span> <span class='ocrx_word' id='word_1_48' title='bbox 507 781 541 848; x_wconf 87' lang='lat' dir='ltr'>Si</span> <span class='ocrx_word' id='word_1_49' title='bbox 569 802 648 846; x_wconf 87' lang='lat' dir='ltr'>vero</span> <span class='ocrx_word' id='word_1_50' title='bbox 678 781 917 847; x_wconf 90' lang='lat' dir='ltr'>incommodum</span> <span class='ocrx_word' id='word_1_51' title='bbox 949 782 1089 848; x_wconf 80' lang='lat' dir='ltr'>relative</span> <span class='ocrx_word' id='word_1_52' title='bbox 1119 804 1274 865; x_wconf 89' lang='lat' dir='ltr'>magnum</span> <span class='ocrx_word' id='word_1_53' title='bbox 1303 806 1363 868; x_wconf 89' lang='lat' dir='ltr'>pro</span> <span class='ocrx_word' id='word_1_54' title='bbox 1393 806 1446 850; x_wconf 92' lang='lat' dir='ltr'>me</span> 
     </span>
     <span class='ocr_line' id='line_1_7' title="bbox 119 870 1444 955; baseline 0.001 -18"><span class='ocrx_word' id='word_1_55' title='bbox 119 893 192 937; x_wconf 88' lang='lat' dir='ltr'>cum</span> <span class='ocrx_word' id='word_1_56' title='bbox 215 870 421 955; x_wconf 90' lang='lat' dir='ltr'>impedienda</span> <span class='ocrx_word' id='word_1_57' title='bbox 442 870 501 936; x_wconf 90' lang='lat' dir='ltr'>illa</span> <span class='ocrx_word' id='word_1_58' title='bbox 524 871 651 936; x_wconf 88' lang='lat' dir='ltr'>actione</span> <span class='ocrx_word' id='word_1_59' title='bbox 675 870 881 936; x_wconf 90' lang='lat' dir='ltr'>coniunctum</span> <span class='ocrx_word' id='word_1_60' title='bbox 904 874 966 948; x_wconf 88' lang='lat' dir='ltr'>est,</span> <span class='ocrx_word' id='word_1_61' title='bbox 991 871 1113 937; x_wconf 89' lang='lat' dir='ltr'>caritas</span> <span class='ocrx_word' id='word_1_62' title='bbox 1135 872 1177 937; x_wconf 89' lang='lat' dir='ltr'>ad</span> <span class='ocrx_word' id='word_1_63' title='bbox 1206 873 1239 937; x_wconf 95' lang='lat' dir='ltr'>id</span> <span class='ocrx_word' id='word_1_64' title='bbox 1263 873 1444 955; x_wconf 82' lang='lat' dir='ltr'>generatim</span> 
     </span>
     <span class='ocr_line' id='line_1_8' title="bbox 117 958 1446 1043; baseline 0.002 -18"><span class='ocrx_word' id='word_1_65' title='bbox 117 982 170 1026; x_wconf 94' lang='lat' dir='ltr'>me</span> <span class='ocrx_word' id='word_1_66' title='bbox 194 982 259 1025; x_wconf 93' lang='lat' dir='ltr'>non</span> <span class='ocrx_word' id='word_1_67' title='bbox 282 959 417 1042; x_wconf 87' lang='lat' dir='ltr'>obligat,</span> <span class='ocrx_word' id='word_1_68' title='bbox 442 981 480 1024; x_wconf 87' lang='lat' dir='ltr'>ac</span> <span class='ocrx_word' id='word_1_69' title='bbox 504 959 596 1043; x_wconf 90' lang='lat' dir='ltr'>proin</span> <span class='ocrx_word' id='word_1_70' title='bbox 620 958 675 1024; x_wconf 90' lang='lat' dir='ltr'>ille</span> <span class='ocrx_word' id='word_1_71' title='bbox 699 961 835 1026; x_wconf 85' lang='lat' dir='ltr'>effectus</span> <span class='ocrx_word' id='word_1_72' title='bbox 856 959 964 1024; x_wconf 87' lang='lat' dir='ltr'>malus</span> <span class='ocrx_word' id='word_1_73' title='bbox 983 959 1061 1025; x_wconf 91' lang='lat' dir='ltr'>mihi</span> <span class='ocrx_word' id='word_1_74' title='bbox 1085 982 1150 1026; x_wconf 91' lang='lat' dir='ltr'>non</span> <span class='ocrx_word' id='word_1_75' title='bbox 1173 965 1225 1028; x_wconf 89' lang='lat' dir='ltr'>est</span> <span class='ocrx_word' id='word_1_76' title='bbox 1240 962 1446 1028; x_wconf 88' lang='lat' dir='ltr'>voluntarius</span> 
     </span>
     <span class='ocr_line' id='line_1_9' title="bbox 118 1048 457 1133; baseline 0.003 -19"><span class='ocrx_word' id='word_1_77' title='bbox 118 1070 223 1133; x_wconf 91' lang='lat' dir='ltr'>neque</span> <span class='ocrx_word' id='word_1_78' title='bbox 247 1048 457 1132; x_wconf 87' lang='lat' dir='ltr'>imputabilis.</span> 
     </span>
    </p>

    <p class='ocr_par' dir='ltr' id='par_1_3' title="bbox 116 1144 1445 1320">
     <span class='ocr_line' id='line_1_10' title="bbox 206 1144 1445 1231; baseline 0.003 -21"><span class='ocrx_word' id='word_1_79' title='bbox 206 1146 309 1211; x_wconf 92' lang='lat' dir='ltr'>Immo</span> <span class='ocrx_word' id='word_1_80' title='bbox 333 1147 428 1230; x_wconf 88' lang='lat' dir='ltr'>plene</span> <span class='ocrx_word' id='word_1_81' title='bbox 456 1144 667 1229; x_wconf 87' lang='lat' dir='ltr'>imputabilis,</span> <span class='ocrx_word' id='word_1_82' title='bbox 698 1145 746 1212; x_wconf 89' lang='lat' dir='ltr'>ita</span> <span class='ocrx_word' id='word_1_83' title='bbox 775 1150 812 1210; x_wconf 93' lang='lat' dir='ltr'>ut</span> <span class='ocrx_word' id='word_1_84' title='bbox 840 1144 939 1211; x_wconf 89' lang='lat' dir='ltr'>etiam</span> <span class='ocrx_word' id='word_1_85' title='bbox 964 1146 1117 1211; x_wconf 90' lang='lat' dir='ltr'>damnum</span> <span class='ocrx_word' id='word_1_86' title='bbox 1141 1168 1296 1231; x_wconf 87' lang='lat' dir='ltr'>reparare</span> <span class='ocrx_word' id='word_1_87' title='bbox 1319 1153 1445 1226; x_wconf 91' lang='lat' dir='ltr'>tenear,</span> 
     </span>
     <span class='ocr_line' id='line_1_11' title="bbox 116 1233 1443 1320; baseline 0.003 -19"><span class='ocrx_word' id='word_1_88' title='bbox 116 1236 171 1301; x_wconf 91' lang='lat' dir='ltr'>ille</span> <span class='ocrx_word' id='word_1_89' title='bbox 187 1237 323 1302; x_wconf 86' lang='lat' dir='ltr'>effectus</span> <span class='ocrx_word' id='word_1_90' title='bbox 339 1236 444 1300; x_wconf 90' lang='lat' dir='ltr'>malus</span> <span class='ocrx_word' id='word_1_91' title='bbox 467 1256 530 1300; x_wconf 92' lang='lat' dir='ltr'>non</span> <span class='ocrx_word' id='word_1_92' title='bbox 548 1239 609 1312; x_wconf 88' lang='lat' dir='ltr'>ast,</span> <span class='ocrx_word' id='word_1_93' title='bbox 633 1233 695 1299; x_wconf 90' lang='lat' dir='ltr'>nisi</span> <span class='ocrx_word' id='word_1_94' title='bbox 718 1240 835 1300; x_wconf 84' lang='lat' dir='ltr'>tenear</span> <span class='ocrx_word' id='word_1_95' title='bbox 850 1255 893 1299; x_wconf 83' lang='lat' dir='ltr'>ex</span> <span class='ocrx_word' id='word_1_96' title='bbox 908 1235 1027 1301; x_wconf 86' lang='lat' dir='ltr'>stricta</span> <span class='ocrx_word' id='word_1_97' title='bbox 1044 1235 1171 1303; x_wconf 90' lang='lat' dir='ltr'>iustitia</span> <span class='ocrx_word' id='word_1_98' title='bbox 1187 1257 1260 1301; x_wconf 90' lang='lat' dir='ltr'>eum</span> <span class='ocrx_word' id='word_1_99' title='bbox 1275 1236 1443 1320; x_wconf 90' lang='lat' dir='ltr'>impedire.</span> 
     </span>
    </p>
   </div>
   <div class='ocr_carea' id='block_1_3' title="bbox 81 1340 1448 2227">
    <p class='ocr_par' dir='ltr' id='par_1_4' title="bbox 81 1340 1448 2227">
     <span class='ocr_line' id='line_1_12' title="bbox 81 1340 1445 1426; baseline -0.001 -17"><span class='ocrx_word' id='word_1_100' title='bbox 81 1359 107 1409; x_wconf 80' lang='lat' dir='ltr'>l4</span> <span class='ocrx_word' id='word_1_101' title='bbox 205 1342 287 1423; x_wconf 86' lang='lat' dir='ltr'>Reg.</span> <span class='ocrx_word' id='word_1_102' title='bbox 313 1343 345 1404; x_wconf 85' lang='lat'>2·</span> <span class='ocrx_word' id='word_1_103' title='bbox 369 1347 436 1407; x_wconf 87' lang='lat' dir='ltr'>est:</span> <span class='ocrx_word' id='word_1_104' title='bbox 472 1340 506 1405; x_wconf 89' lang='lat' dir='ltr'>Si</span> <span class='ocrx_word' id='word_1_105' title='bbox 536 1340 647 1423; x_wconf 86' lang='lat' dir='ltr'>agitur</span> <span class='ocrx_word' id='word_1_106' title='bbox 670 1341 710 1406; x_wconf 91' lang='lat' dir='ltr'>de</span> <span class='ocrx_word' id='word_1_107' title='bbox 741 1340 884 1425; x_wconf 89' lang='lat' dir='ltr'>positiva</span> <span class='ocrx_word' id='word_1_108' title='bbox 913 1362 987 1406; x_wconf 90' lang='lat' dir='ltr'>mea</span> <span class='ocrx_word' id='word_1_109' title='bbox 1011 1341 1149 1419; x_wconf 88' lang='lat' dir='ltr'>actione,</span> <span class='ocrx_word' id='word_1_110' title='bbox 1182 1362 1224 1406; x_wconf 84' lang='lat' dir='ltr'>ex</span> <span class='ocrx_word' id='word_1_111' title='bbox 1247 1362 1312 1424; x_wconf 91' lang='lat' dir='ltr'>qua</span> <span class='ocrx_word' id='word_1_112' title='bbox 1334 1343 1445 1426; x_wconf 84' lang='lat' dir='ltr'>plures</span> 
     </span>
     <span class='ocr_line' id='line_1_13' title="bbox 117 1429 1445 1514; baseline 0.002 -20"><span class='ocrx_word' id='word_1_113' title='bbox 117 1432 252 1495; x_wconf 87' lang='lat' dir='ltr'>effectus</span> <span class='ocrx_word' id='word_1_114' title='bbox 275 1430 433 1506; x_wconf 88' lang='lat' dir='ltr'>oriuntur,</span> <span class='ocrx_word' id='word_1_115' title='bbox 465 1429 568 1494; x_wconf 90' lang='lat' dir='ltr'>bonus</span> <span class='ocrx_word' id='word_1_116' title='bbox 600 1433 635 1494; x_wconf 90' lang='lat' dir='ltr'>et</span> <span class='ocrx_word' id='word_1_117' title='bbox 664 1429 780 1507; x_wconf 91' lang='lat' dir='ltr'>malus,</span> <span class='ocrx_word' id='word_1_118' title='bbox 811 1450 911 1512; x_wconf 88' lang='lat' dir='ltr'>agere</span> <span class='ocrx_word' id='word_1_119' title='bbox 940 1429 1018 1493; x_wconf 91' lang='lat' dir='ltr'>mihi</span> <span class='ocrx_word' id='word_1_120' title='bbox 1047 1430 1125 1495; x_wconf 90' lang='lat' dir='ltr'>licet</span> <span class='ocrx_word' id='word_1_121' title='bbox 1147 1433 1247 1512; x_wconf 91' lang='lat' dir='ltr'>atque</span> <span class='ocrx_word' id='word_1_122' title='bbox 1269 1432 1445 1514; x_wconf 87' lang='lat' dir='ltr'>neglegere</span> 
     </span>
     <span class='ocr_line' id='line_1_14' title="bbox 117 1518 1445 1602; baseline 0.003 -20"><span class='ocrx_word' id='word_1_123' title='bbox 117 1540 175 1585; x_wconf 85' lang='lat' dir='ltr'>seu</span> <span class='ocrx_word' id='word_1_124' title='bbox 206 1518 396 1602; x_wconf 86' lang='lat' dir='ltr'>permittere</span> <span class='ocrx_word' id='word_1_125' title='bbox 426 1520 578 1584; x_wconf 78' lang='lat' dir='ltr'>ellectum</span> <span class='ocrx_word' id='word_1_126' title='bbox 600 1518 733 1597; x_wconf 89' lang='lat' dir='ltr'>malum,</span> <span class='ocrx_word' id='word_1_127' title='bbox 764 1518 793 1584; x_wconf 89' lang='lat' dir='ltr'>si</span> <span class='ocrx_word' id='word_1_128' title='bbox 821 1518 884 1583; x_wconf 92' lang='lat' dir='ltr'>hae</span> <span class='ocrx_word' id='word_1_129' title='bbox 907 1519 1072 1585; x_wconf 85' lang='lat' dir='ltr'>exsistant</span> <span class='ocrx_word' id='word_1_130' title='bbox 1095 1519 1317 1585; x_wconf 86' lang='lat' dir='ltr'>condiciones:</span> <span class='ocrx_word' id='word_1_131' title='bbox 1351 1521 1383 1600; x_wconf 86' lang='lat'>1)</span> <span class='ocrx_word' id='word_1_132' title='bbox 1408 1525 1445 1586; x_wconf 91' lang='lat' dir='ltr'>ut</span> 
     </span>
     <span class='ocr_line' id='line_1_15' title="bbox 116 1607 1448 1692; baseline 0.002 -20"><span class='ocrx_word' id='word_1_133' title='bbox 116 1608 148 1673; x_wconf 94' lang='lat' dir='ltr'>id</span> <span class='ocrx_word' id='word_1_134' title='bbox 172 1608 258 1690; x_wconf 87' lang='lat' dir='ltr'>quod</span> <span class='ocrx_word' id='word_1_135' title='bbox 282 1628 346 1690; x_wconf 87' lang='lat' dir='ltr'>ago</span> <span class='ocrx_word' id='word_1_136' title='bbox 369 1629 412 1672; x_wconf 87' lang='lat' dir='ltr'>ex</span> <span class='ocrx_word' id='word_1_137' title='bbox 435 1628 471 1671; x_wconf 89' lang='lat' dir='ltr'>se</span> <span class='ocrx_word' id='word_1_138' title='bbox 494 1607 538 1674; x_wconf 89' lang='lat' dir='ltr'>sit</span> <span class='ocrx_word' id='word_1_139' title='bbox 566 1608 686 1672; x_wconf 93' lang='lat' dir='ltr'>bonum</span> <span class='ocrx_word' id='word_1_140' title='bbox 710 1608 763 1672; x_wconf 91' lang='lat' dir='ltr'>vel</span> <span class='ocrx_word' id='word_1_141' title='bbox 786 1607 904 1672; x_wconf 88' lang='lat' dir='ltr'>saltem</span> <span class='ocrx_word' id='word_1_142' title='bbox 927 1608 1115 1673; x_wconf 87' lang='lat' dir='ltr'>indifferens</span> <span class='ocrx_word' id='word_1_143' title='bbox 1138 1629 1197 1673; x_wconf 89' lang='lat' dir='ltr'>seu</span> <span class='ocrx_word' id='word_1_144' title='bbox 1219 1631 1283 1673; x_wconf 91' lang='lat' dir='ltr'>non</span> <span class='ocrx_word' id='word_1_145' title='bbox 1306 1613 1448 1692; x_wconf 59' lang='lat' dir='ltr'>nautum</span> 
     </span>
     <span class='ocr_line' id='line_1_16' title="bbox 118 1695 1443 1780; baseline 0.002 -20"><span class='ocrx_word' id='word_1_146' title='bbox 118 1698 151 1780; x_wconf 88' lang='grc'>2)</span> <span class='ocrx_word' id='word_1_147' title='bbox 175 1702 212 1762; x_wconf 86' lang='lat' dir='ltr'>ut</span> <span class='ocrx_word' id='word_1_148' title='bbox 235 1699 370 1762; x_wconf 89' lang='lat' dir='ltr'>effectus</span> <span class='ocrx_word' id='word_1_149' title='bbox 394 1697 499 1762; x_wconf 89' lang='lat' dir='ltr'>malus</span> <span class='ocrx_word' id='word_1_150' title='bbox 522 1717 563 1762; x_wconf 88' lang='lat' dir='ltr'>ne</span> <span class='ocrx_word' id='word_1_151' title='bbox 586 1696 776 1763; x_wconf 88' lang='lat' dir='ltr'>intendatur</span> <span class='ocrx_word' id='word_1_152' title='bbox 799 1695 956 1779; x_wconf 90' lang='lat' dir='ltr'>(alioquin</span> <span class='ocrx_word' id='word_1_153' title='bbox 984 1702 1074 1763; x_wconf 87' lang='lat' dir='ltr'>esset</span> <span class='ocrx_word' id='word_1_154' title='bbox 1096 1697 1301 1763; x_wconf 88' lang='lat' dir='ltr'>voluntarius</span> <span class='ocrx_word' id='word_1_155' title='bbox 1324 1721 1387 1763; x_wconf 86' lang='lat' dir='ltr'>non</span> <span class='ocrx_word' id='word_1_156' title='bbox 1411 1699 1443 1763; x_wconf 94' lang='lat' dir='ltr'>in</span> 
     </span>
     <span class='ocr_line' id='line_1_17' title="bbox 117 1784 1444 1870; baseline 0.003 -21"><span class='ocrx_word' id='word_1_157' title='bbox 117 1806 216 1851; x_wconf 87' lang='lat' dir='ltr'>causa</span> <span class='ocrx_word' id='word_1_158' title='bbox 230 1794 363 1870; x_wconf 71' lang='lat' dir='ltr'>tanetum,</span> <span class='ocrx_word' id='word_1_159' title='bbox 380 1786 438 1850; x_wconf 91' lang='lat' dir='ltr'>sed</span> <span class='ocrx_word' id='word_1_160' title='bbox 450 1784 571 1852; x_wconf 87' lang='lat' dir='ltr'>volitus</span> <span class='ocrx_word' id='word_1_161' title='bbox 586 1807 625 1851; x_wconf 89' lang='lat' dir='ltr'>ac</span> <span class='ocrx_word' id='word_1_162' title='bbox 641 1786 734 1870; x_wconf 92' lang='lat' dir='ltr'>proin</span> <span class='ocrx_word' id='word_1_163' title='bbox 751 1785 851 1852; x_wconf 91' lang='lat' dir='ltr'>etiam</span> <span class='ocrx_word' id='word_1_164' title='bbox 864 1786 1068 1852; x_wconf 87' lang='lat' dir='ltr'>voluntarius</span> <span class='ocrx_word' id='word_1_165' title='bbox 1084 1789 1119 1852; x_wconf 87' lang='lat' dir='ltr'>in</span> <span class='ocrx_word' id='word_1_166' title='bbox 1133 1785 1194 1867; x_wconf 83' lang='lat' dir='ltr'>ee);</span> <span class='ocrx_word' id='word_1_167' title='bbox 1212 1788 1246 1868; x_wconf 85' lang='lat'>3)</span> <span class='ocrx_word' id='word_1_168' title='bbox 1259 1792 1296 1852; x_wconf 90' lang='lat' dir='ltr'>ut</span> <span class='ocrx_word' id='word_1_169' title='bbox 1308 1789 1444 1853; x_wconf 86' lang='lat' dir='ltr'>effectus</span> 
     </span>
     <span class='ocr_line' id='line_1_18' title="bbox 118 1874 1443 1958; baseline 0.002 -19"><span class='ocrx_word' id='word_1_170' title='bbox 118 1875 219 1940; x_wconf 91' lang='lat' dir='ltr'>bonus</span> <span class='ocrx_word' id='word_1_171' title='bbox 242 1875 360 1941; x_wconf 85' lang='lat' dir='ltr'>saltem</span> <span class='ocrx_word' id='word_1_172' title='bbox 384 1895 488 1956; x_wconf 90' lang='lat' dir='ltr'>aeque</span> <span class='ocrx_word' id='word_1_173' title='bbox 504 1874 691 1940; x_wconf 86' lang='lat' dir='ltr'>immediate</span> <span class='ocrx_word' id='word_1_174' title='bbox 707 1879 864 1956; x_wconf 88' lang='lat' dir='ltr'>sequatur</span> <span class='ocrx_word' id='word_1_175' title='bbox 887 1880 986 1957; x_wconf 90' lang='lat' dir='ltr'>atque</span> <span class='ocrx_word' id='word_1_176' title='bbox 1005 1876 1141 1941; x_wconf 88' lang='lat' dir='ltr'>effectus</span> <span class='ocrx_word' id='word_1_177' title='bbox 1156 1875 1262 1940; x_wconf 88' lang='lat' dir='ltr'>malus</span> <span class='ocrx_word' id='word_1_178' title='bbox 1285 1875 1443 1958; x_wconf 89' lang='lat' dir='ltr'>(alioquin</span> 
     </span>
     <span class='ocr_line' id='line_1_19' title="bbox 115 1963 1444 2046; baseline 0.002 -18"><span class='ocrx_word' id='word_1_179' title='bbox 115 1963 259 2030; x_wconf 84' lang='lat' dir='ltr'>facerem</span> <span class='ocrx_word' id='word_1_180' title='bbox 277 1965 407 2041; x_wconf 90' lang='lat' dir='ltr'>malum,</span> <span class='ocrx_word' id='word_1_181' title='bbox 432 1968 469 2029; x_wconf 90' lang='lat' dir='ltr'>ut</span> <span class='ocrx_word' id='word_1_182' title='bbox 488 1965 659 2030; x_wconf 86' lang='lat' dir='ltr'>evenirent</span> <span class='ocrx_word' id='word_1_183' title='bbox 675 1963 807 2046; x_wconf 89' lang='lat' dir='ltr'>bona!);</span> <span class='ocrx_word' id='word_1_184' title='bbox 831 1963 867 2044; x_wconf 84' lang='lat'>4)</span> <span class='ocrx_word' id='word_1_185' title='bbox 890 1968 927 2029; x_wconf 87' lang='lat' dir='ltr'>ut</span> <span class='ocrx_word' id='word_1_186' title='bbox 950 1963 1038 2030; x_wconf 89' lang='lat' dir='ltr'>adsit</span> <span class='ocrx_word' id='word_1_187' title='bbox 1061 1985 1160 2030; x_wconf 89' lang='lat' dir='ltr'>causa</span> <span class='ocrx_word' id='word_1_188' title='bbox 1175 1965 1314 2030; x_wconf 85' lang='lat' dir='ltr'>relative</span> <span class='ocrx_word' id='word_1_189' title='bbox 1330 1966 1444 2046; x_wconf 85' lang='lat' dir='ltr'>gravis</span> 
     </span>
     <span class='ocr_line' id='line_1_20' title="bbox 115 2052 1442 2137; baseline 0 -19"><span class='ocrx_word' id='word_1_190' title='bbox 115 2052 157 2118; x_wconf 92' lang='lat' dir='ltr'>ad</span> <span class='ocrx_word' id='word_1_191' title='bbox 190 2053 341 2119; x_wconf 83' lang='lat' dir='ltr'>effectum</span> <span class='ocrx_word' id='word_1_192' title='bbox 374 2053 495 2117; x_wconf 91' lang='lat' dir='ltr'>malum</span> <span class='ocrx_word' id='word_1_193' title='bbox 525 2052 788 2136; x_wconf 87' lang='lat' dir='ltr'>permittendum.</span> <span class='ocrx_word' id='word_1_194' title='bbox 841 2053 889 2118; x_wconf 82' lang='lat' dir='ltr'>cf.</span> <span class='ocrx_word' id='word_1_195' title='bbox 922 2052 1062 2119; x_wconf 89' lang='lat' dir='ltr'>Walsh</span> <span class='ocrx_word' id='word_1_196' title='bbox 1091 2053 1113 2119; x_wconf 90' lang='lat' dir='ltr'>l.</span> <span class='ocrx_word' id='word_1_197' title='bbox 1138 2074 1165 2119; x_wconf 89' lang='lat' dir='ltr'>c.</span> <span class='ocrx_word' id='word_1_198' title='bbox 1202 2075 1234 2120; x_wconf 90' lang='lat' dir='ltr'>n.</span> <span class='ocrx_word' id='word_1_199' title='bbox 1267 2056 1329 2118; x_wconf 81' lang='lat'>155</span> <span class='ocrx_word' id='word_1_200' title='bbox 1354 2075 1442 2137; x_wconf 88' lang='lat' dir='ltr'>sqq.;</span> 
     </span>
     <span class='ocr_line' id='line_1_21' title="bbox 115 2142 1442 2227; baseline 0.003 -21"><span class='ocrx_word' id='word_1_201' title='bbox 115 2142 243 2220; x_wconf 89' lang='lat' dir='ltr'>Marc,</span> <span class='ocrx_word' id='word_1_202' title='bbox 268 2143 486 2208; x_wconf 74' lang='lat' dir='ltr'>institutiones</span> <span class='ocrx_word' id='word_1_203' title='bbox 508 2143 602 2227; x_wconf 78' lang='lat' dir='ltr'>Atpn.</span> <span class='ocrx_word' id='word_1_204' title='bbox 627 2142 642 2206; x_wconf 91' lang='lat'><em>1</em></span> <span class='ocrx_word' id='word_1_205' title='bbox 666 2163 697 2208; x_wconf 89' lang='lat' dir='ltr'>n.</span> <span class='ocrx_word' id='word_1_206' title='bbox 718 2144 782 2207; x_wconf 82' lang='lat'>314</span> <span class='ocrx_word' id='word_1_207' title='bbox 799 2163 865 2224; x_wconf 86' lang='lat' dir='ltr'>sq.;</span> <span class='ocrx_word' id='word_1_208' title='bbox 897 2142 1102 2225; x_wconf 82' lang='lat' dir='ltr'>Aertnijs,</span> <span class='ocrx_word' id='word_1_209' title='bbox 1132 2143 1186 2207; x_wconf 74' lang='lat' dir='ltr'>ils.</span> <span class='ocrx_word' id='word_1_210' title='bbox 1211 2165 1251 2208; x_wconf 87' lang='lat' dir='ltr'>m.</span> <span class='ocrx_word' id='word_1_211' title='bbox 1276 2142 1297 2208; x_wconf 93' lang='lat' dir='ltr'>l.</span> <span class='ocrx_word' id='word_1_212' title='bbox 1318 2145 1332 2205; x_wconf 95' lang='lat' dir='ltr'>l</span> <span class='ocrx_word' id='word_1_213' title='bbox 1359 2164 1391 2209; x_wconf 87' lang='lat' dir='ltr'>n.</span> <span class='ocrx_word' id='word_1_214' title='bbox 1412 2145 1442 2211; x_wconf 91' lang='lat'>8.</span> 
     </span>
    </p>
   </div>
   <div class='ocr_carea' id='block_1_4' title="bbox 115 2246 1445 2848">
    <p class='ocr_par' dir='ltr' id='par_1_5' title="bbox 115 2246 1445 2848">
     <span class='ocr_line' id='line_1_22' title="bbox 205 2246 1444 2334; baseline 0.001 -22"><span class='ocrx_word' id='word_1_215' title='bbox 205 2248 244 2315; x_wconf 83' lang='lat' dir='ltr'>R.</span> <span class='ocrx_word' id='word_1_216' title='bbox 268 2252 298 2314; x_wconf 87' lang='lat'>3.</span> <span class='ocrx_word' id='word_1_217' title='bbox 342 2247 493 2313; x_wconf 81' lang='lat' dir='ltr'>Condicio</span> <span class='ocrx_word' id='word_1_218' title='bbox 516 2248 574 2314; x_wconf 90' lang='lat' dir='ltr'>illa</span> <span class='ocrx_word' id='word_1_219' title='bbox 597 2256 723 2334; x_wconf 81' lang='lat' dir='ltr'>quartu,</span> <span class='ocrx_word' id='word_1_220' title='bbox 752 2253 807 2325; x_wconf 87' lang='lat' dir='ltr'>,ut</span> <span class='ocrx_word' id='word_1_221' title='bbox 830 2246 918 2312; x_wconf 88' lang='lat' dir='ltr'>adsit</span> <span class='ocrx_word' id='word_1_222' title='bbox 941 2268 1041 2313; x_wconf 89' lang='lat' dir='ltr'>causa</span> <span class='ocrx_word' id='word_1_223' title='bbox 1064 2247 1204 2314; x_wconf 90' lang='lat' dir='ltr'>relative</span> <span class='ocrx_word' id='word_1_224' title='bbox 1226 2247 1371 2330; x_wconf 84' lang='lat' dir='ltr'>gravis“,</span> <span class='ocrx_word' id='word_1_225' title='bbox 1396 2249 1444 2314; x_wconf 86' lang='lat' dir='ltr'>ita</span> 
     </span>
     <span class='ocr_line' id='line_1_23' title="bbox 116 2336 1442 2421; baseline 0.002 -21"><span class='ocrx_word' id='word_1_226' title='bbox 116 2337 327 2419; x_wconf 90' lang='lat' dir='ltr'>intellegitur,</span> <span class='ocrx_word' id='word_1_227' title='bbox 351 2344 388 2403; x_wconf 90' lang='lat' dir='ltr'>ut</span> <span class='ocrx_word' id='word_1_228' title='bbox 412 2358 450 2402; x_wconf 92' lang='lat' dir='ltr'>eo</span> <span class='ocrx_word' id='word_1_229' title='bbox 473 2337 608 2418; x_wconf 89' lang='lat' dir='ltr'>gravior</span> <span class='ocrx_word' id='word_1_230' title='bbox 622 2336 809 2417; x_wconf 88' lang='lat' dir='ltr'>requiratur</span> <span class='ocrx_word' id='word_1_231' title='bbox 824 2357 934 2413; x_wconf 89' lang='lat' dir='ltr'>causa,</span> <span class='ocrx_word' id='word_1_232' title='bbox 961 2337 994 2419; x_wconf 85' lang='lat'>1)</span> <span class='ocrx_word' id='word_1_233' title='bbox 1010 2358 1074 2418; x_wconf 90' lang='lat' dir='ltr'>quo</span> <span class='ocrx_word' id='word_1_234' title='bbox 1088 2341 1220 2421; x_wconf 72' lang='lat' dir='ltr'>pronior</span> <span class='ocrx_word' id='word_1_235' title='bbox 1235 2342 1286 2402; x_wconf 87' lang='lat' dir='ltr'>est</span> <span class='ocrx_word' id='word_1_236' title='bbox 1306 2339 1442 2403; x_wconf 86' lang='lat' dir='ltr'>effectus</span> 
     </span>
     <span class='ocr_line' id='line_1_24' title="bbox 117 2426 1442 2513; baseline 0.002 -23"><span class='ocrx_word' id='word_1_237' title='bbox 117 2427 231 2503; x_wconf 86' lang='lat' dir='ltr'>malus,</span> <span class='ocrx_word' id='word_1_238' title='bbox 257 2427 291 2509; x_wconf 84' lang='lat'>2)</span> <span class='ocrx_word' id='word_1_239' title='bbox 315 2447 378 2508; x_wconf 91' lang='lat' dir='ltr'>quo</span> <span class='ocrx_word' id='word_1_240' title='bbox 399 2428 613 2513; x_wconf 79' lang='lat' dir='ltr'>propinquior</span> <span class='ocrx_word' id='word_1_241' title='bbox 635 2430 687 2490; x_wconf 89' lang='lat' dir='ltr'>est</span> <span class='ocrx_word' id='word_1_242' title='bbox 710 2426 779 2490; x_wconf 88' lang='lat' dir='ltr'>eius</span> <span class='ocrx_word' id='word_1_243' title='bbox 802 2446 906 2490; x_wconf 85' lang='lat' dir='ltr'>nexus</span> <span class='ocrx_word' id='word_1_244' title='bbox 928 2446 1001 2490; x_wconf 92' lang='lat' dir='ltr'>oum</span> <span class='ocrx_word' id='word_1_245' title='bbox 1018 2446 1091 2491; x_wconf 90' lang='lat' dir='ltr'>mea</span> <span class='ocrx_word' id='word_1_246' title='bbox 1111 2426 1248 2501; x_wconf 89' lang='lat' dir='ltr'>actione,</span> <span class='ocrx_word' id='word_1_247' title='bbox 1266 2446 1350 2507; x_wconf 89' lang='lat' dir='ltr'>quae</span> <span class='ocrx_word' id='word_1_248' title='bbox 1366 2447 1442 2510; x_wconf 89' lang='lat' dir='ltr'>pro-</span> 
     </span>
     <span class='ocr_line' id='line_1_25' title="bbox 116 2514 1442 2598; baseline 0.002 -18"><span class='ocrx_word' id='word_1_249' title='bbox 116 2515 282 2598; x_wconf 87' lang='lat' dir='ltr'>pinquitas</span> <span class='ocrx_word' id='word_1_250' title='bbox 297 2536 403 2580; x_wconf 87' lang='lat' dir='ltr'>nexus</span> <span class='ocrx_word' id='word_1_251' title='bbox 417 2515 505 2581; x_wconf 88' lang='lat' dir='ltr'>inter</span> <span class='ocrx_word' id='word_1_252' title='bbox 520 2514 585 2580; x_wconf 91' lang='lat' dir='ltr'>alia</span> <span class='ocrx_word' id='word_1_253' title='bbox 601 2515 722 2598; x_wconf 87' lang='lat' dir='ltr'>pendet</span> <span class='ocrx_word' id='word_1_254' title='bbox 737 2514 836 2580; x_wconf 87' lang='lat' dir='ltr'>etiam</span> <span class='ocrx_word' id='word_1_255' title='bbox 854 2514 887 2596; x_wconf 88' lang='lat' dir='ltr'>a)</span> <span class='ocrx_word' id='word_1_256' title='bbox 904 2514 1058 2580; x_wconf 87' lang='lat' dir='ltr'>amaiore</span> <span class='ocrx_word' id='word_1_257' title='bbox 1074 2514 1272 2580; x_wconf 89' lang='lat' dir='ltr'>necessitate</span> <span class='ocrx_word' id='word_1_258' title='bbox 1288 2517 1442 2582; x_wconf 82' lang='lat' dir='ltr'>eiusmodi</span> 
     </span>
     <span class='ocr_line' id='line_1_26' title="bbox 116 2601 1445 2687; baseline 0.003 -19"><span class='ocrx_word' id='word_1_259' title='bbox 116 2604 263 2682; x_wconf 86' lang='lat' dir='ltr'>actionis,</span> <span class='ocrx_word' id='word_1_260' title='bbox 288 2625 351 2686; x_wconf 89' lang='lat' dir='ltr'>quo</span> <span class='ocrx_word' id='word_1_261' title='bbox 382 2605 518 2670; x_wconf 86' lang='lat' dir='ltr'>effectus</span> <span class='ocrx_word' id='word_1_262' title='bbox 546 2604 602 2669; x_wconf 92' lang='lat' dir='ltr'>ille</span> <span class='ocrx_word' id='word_1_263' title='bbox 632 2603 709 2669; x_wconf 80' lang='lat' dir='ltr'>oriri</span> <span class='ocrx_word' id='word_1_264' title='bbox 738 2603 857 2687; x_wconf 83' lang='lat' dir='ltr'>possit,</span> <span class='ocrx_word' id='word_1_265' title='bbox 888 2601 922 2683; x_wconf 92' lang='lat' dir='ltr'>b)</span> <span class='ocrx_word' id='word_1_266' title='bbox 946 2623 967 2667; x_wconf 91' lang='lat' dir='ltr'>a</span> <span class='ocrx_word' id='word_1_267' title='bbox 989 2603 1113 2668; x_wconf 91' lang='lat' dir='ltr'>maiore</span> <span class='ocrx_word' id='word_1_268' title='bbox 1136 2605 1334 2670; x_wconf 81' lang='lat' dir='ltr'>necessitate</span> <span class='ocrx_word' id='word_1_269' title='bbox 1357 2628 1445 2672; x_wconf 81' lang='lat' dir='ltr'>meae</span> 
     </span>
     <span class='ocr_line' id='line_1_27' title="bbox 115 2691 1444 2776; baseline 0.001 -17"><span class='ocrx_word' id='word_1_270' title='bbox 115 2693 264 2770; x_wconf 87' lang='lat' dir='ltr'>actionis,</span> <span class='ocrx_word' id='word_1_271' title='bbox 288 2714 326 2758; x_wconf 91' lang='lat' dir='ltr'>eo</span> <span class='ocrx_word' id='word_1_272' title='bbox 345 2693 431 2775; x_wconf 92' lang='lat' dir='ltr'>quod</span> <span class='ocrx_word' id='word_1_273' title='bbox 450 2693 504 2758; x_wconf 90' lang='lat' dir='ltr'>alii</span> <span class='ocrx_word' id='word_1_274' title='bbox 529 2692 671 2758; x_wconf 87' lang='lat' dir='ltr'>fortasse</span> <span class='ocrx_word' id='word_1_275' title='bbox 695 2693 736 2757; x_wconf 90' lang='lat' dir='ltr'>ad</span> <span class='ocrx_word' id='word_1_276' title='bbox 755 2691 893 2756; x_wconf 82' lang='lat' dir='ltr'>similem</span> <span class='ocrx_word' id='word_1_277' title='bbox 909 2692 1070 2758; x_wconf 87' lang='lat' dir='ltr'>actionem</span> <span class='ocrx_word' id='word_1_278' title='bbox 1087 2692 1318 2775; x_wconf 89' lang='lat' dir='ltr'>praestandam</span> <span class='ocrx_word' id='word_1_279' title='bbox 1335 2693 1444 2776; x_wconf 87' lang='lat' dir='ltr'>parati</span> 
     </span>
     <span class='ocr_line' id='line_1_28' title="bbox 115 2783 280 2848; baseline 0.012 -2"><span class='ocrx_word' id='word_1_280' title='bbox 115 2803 178 2847; x_wconf 91' lang='lat' dir='ltr'>non</span> <span class='ocrx_word' id='word_1_281' title='bbox 204 2783 280 2848; x_wconf 88' lang='lat' dir='ltr'>sint.</span> 
     </span>
    </p>
   </div>
   <div class='ocr_carea' id='block_1_5' title="bbox 81 2885 1444 4484">
    <p class='ocr_par' dir='ltr' id='par_1_6' title="bbox 81 2885 1444 4484">
     <span class='ocr_line' id='line_1_29' title="bbox 81 2885 1444 2970; baseline -0.002 -15"><span class='ocrx_word' id='word_1_282' title='bbox 81 2903 104 2955; x_wconf 83' lang='grc'>,5</span> <span class='ocrx_word' id='word_1_283' title='bbox 204 2889 243 2953; x_wconf 83' lang='lat' dir='ltr'>R.</span> <span class='ocrx_word' id='word_1_284' title='bbox 263 2891 293 2954; x_wconf 84' lang='lat'>4.</span> <span class='ocrx_word' id='word_1_285' title='bbox 334 2887 367 2953; x_wconf 85' lang='lat' dir='ltr'>Si</span> <span class='ocrx_word' id='word_1_286' title='bbox 390 2886 501 2969; x_wconf 88' lang='lat' dir='ltr'>agitur</span> <span class='ocrx_word' id='word_1_287' title='bbox 524 2887 563 2952; x_wconf 90' lang='lat' dir='ltr'>de</span> <span class='ocrx_word' id='word_1_288' title='bbox 581 2888 710 2964; x_wconf 86' lang='lat' dir='ltr'>effectu,</span> <span class='ocrx_word' id='word_1_289' title='bbox 735 2906 830 2968; x_wconf 86' lang='lat' dir='ltr'>quem</span> <span class='ocrx_word' id='word_1_290' title='bbox 853 2885 887 2950; x_wconf 92' lang='lat' dir='ltr'>in</span> <span class='ocrx_word' id='word_1_291' title='bbox 910 2907 946 2950; x_wconf 92' lang='lat' dir='ltr'>se</span> <span class='ocrx_word' id='word_1_292' title='bbox 961 2907 1027 2952; x_wconf 91' lang='lat' dir='ltr'>non</span> <span class='ocrx_word' id='word_1_293' title='bbox 1041 2886 1186 2964; x_wconf 90' lang='lat' dir='ltr'>intend0,</span> <span class='ocrx_word' id='word_1_294' title='bbox 1211 2887 1317 2952; x_wconf 90' lang='lat' dir='ltr'>sedin</span> <span class='ocrx_word' id='word_1_295' title='bbox 1333 2888 1444 2970; x_wconf 88' lang='lat' dir='ltr'>aliqua</span> 
     </span>
     <span class='ocr_line' id='line_1_30' title="bbox 115 2975 1442 3059; baseline 0 -18"><span class='ocrx_word' id='word_1_296' title='bbox 115 2998 188 3041; x_wconf 89' lang='lat' dir='ltr'>mea</span> <span class='ocrx_word' id='word_1_297' title='bbox 212 2976 340 3043; x_wconf 89' lang='lat' dir='ltr'>actione</span> <span class='ocrx_word' id='word_1_298' title='bbox 356 2976 577 3041; x_wconf 90' lang='lat' dir='ltr'>verisimiliter</span> <span class='ocrx_word' id='word_1_299' title='bbox 592 2975 777 3058; x_wconf 88' lang='lat' dir='ltr'>praevideo,</span> <span class='ocrx_word' id='word_1_300' title='bbox 801 2975 856 3040; x_wconf 89' lang='lat' dir='ltr'>ille</span> <span class='ocrx_word' id='word_1_301' title='bbox 875 2975 953 3040; x_wconf 92' lang='lat' dir='ltr'>mihi</span> <span class='ocrx_word' id='word_1_302' title='bbox 968 2977 1063 3059; x_wconf 93' lang='lat' dir='ltr'>plene</span> <span class='ocrx_word' id='word_1_303' title='bbox 1078 2975 1259 3058; x_wconf 89' lang='lat' dir='ltr'>imputatur</span> <span class='ocrx_word' id='word_1_304' title='bbox 1274 2981 1442 3059; x_wconf 88' lang='lat' dir='ltr'>tamquam</span> 
     </span>
     <span class='ocr_line' id='line_1_31' title="bbox 117 3064 1443 3149; baseline 0.002 -20"><span class='ocrx_word' id='word_1_305' title='bbox 117 3065 321 3132; x_wconf 87' lang='lat' dir='ltr'>voluntarius</span> <span class='ocrx_word' id='word_1_306' title='bbox 343 3065 377 3129; x_wconf 92' lang='lat' dir='ltr'>in</span> <span class='ocrx_word' id='word_1_307' title='bbox 400 3087 510 3143; x_wconf 90' lang='lat' dir='ltr'>causa,</span> <span class='ocrx_word' id='word_1_308' title='bbox 535 3064 664 3146; x_wconf 90' lang='lat' dir='ltr'>quando</span> <span class='ocrx_word' id='word_1_309' title='bbox 687 3064 863 3129; x_wconf 90' lang='lat' dir='ltr'>secundum</span> <span class='ocrx_word' id='word_1_310' title='bbox 886 3065 982 3130; x_wconf 92' lang='lat' dir='ltr'>modo</span> <span class='ocrx_word' id='word_1_311' title='bbox 1006 3065 1094 3130; x_wconf 85' lang='lat' dir='ltr'>dicta</span> <span class='ocrx_word' id='word_1_312' title='bbox 1123 3065 1284 3130; x_wconf 89' lang='lat' dir='ltr'>rationem</span> <span class='ocrx_word' id='word_1_313' title='bbox 1308 3066 1443 3149; x_wconf 91' lang='lat' dir='ltr'>permit·</span> 
     </span>
     <span class='ocr_line' id='line_1_32' title="bbox 115 3153 1444 3239; baseline -0.002 -17"><span class='ocrx_word' id='word_1_314' title='bbox 115 3155 205 3222; x_wconf 88' lang='lat' dir='ltr'>tendi</span> <span class='ocrx_word' id='word_1_315' title='bbox 229 3177 293 3221; x_wconf 93' lang='lat' dir='ltr'>non</span> <span class='ocrx_word' id='word_1_316' title='bbox 318 3155 431 3232; x_wconf 91' lang='lat' dir='ltr'>habeo,</span> <span class='ocrx_word' id='word_1_317' title='bbox 456 3158 491 3219; x_wconf 90' lang='lat' dir='ltr'>et</span> <span class='ocrx_word' id='word_1_318' title='bbox 514 3153 600 3219; x_wconf 90' lang='lat' dir='ltr'>actio</span> <span class='ocrx_word' id='word_1_319' title='bbox 631 3153 687 3218; x_wconf 92' lang='lat' dir='ltr'>illa</span> <span class='ocrx_word' id='word_1_320' title='bbox 718 3157 770 3218; x_wconf 89' lang='lat' dir='ltr'>est</span> <span class='ocrx_word' id='word_1_321' title='bbox 793 3173 893 3218; x_wconf 88' lang='lat' dir='ltr'>causa</span> <span class='ocrx_word' id='word_1_322' title='bbox 915 3153 947 3217; x_wconf 88' lang='lat' dir='ltr'>in</span> <span class='ocrx_word' id='word_1_323' title='bbox 971 3154 1060 3218; x_wconf 92' lang='lat' dir='ltr'>illum</span> <span class='ocrx_word' id='word_1_324' title='bbox 1086 3156 1238 3219; x_wconf 87' lang='lat' dir='ltr'>effectum</span> <span class='ocrx_word' id='word_1_325' title='bbox 1268 3175 1386 3239; x_wconf 90' lang='lat' dir='ltr'>perse</span> <span class='ocrx_word' id='word_1_326' title='bbox 1410 3161 1444 3220; x_wconf 84' lang='lat' dir='ltr'>et</span> 
     </span>
     <span class='ocr_line' id='line_1_33' title="bbox 114 3243 1443 3330; baseline -0.001 -21"><span class='ocrx_word' id='word_1_327' title='bbox 114 3248 255 3330; x_wconf 76' lang='lat' dir='ltr'>praviter</span> <span class='ocrx_word' id='word_1_328' title='bbox 277 3245 425 3328; x_wconf 78' lang='lat' dir='ltr'>influens.</span> <span class='ocrx_word' id='word_1_329' title='bbox 473 3243 506 3308; x_wconf 87' lang='lat' dir='ltr'>Si</span> <span class='ocrx_word' id='word_1_330' title='bbox 530 3263 609 3307; x_wconf 91' lang='lat' dir='ltr'>vero</span> <span class='ocrx_word' id='word_1_331' title='bbox 641 3249 693 3308; x_wconf 85' lang='lat' dir='ltr'>est</span> <span class='ocrx_word' id='word_1_332' title='bbox 722 3262 822 3306; x_wconf 89' lang='lat' dir='ltr'>causa</span> <span class='ocrx_word' id='word_1_333' title='bbox 852 3262 911 3325; x_wconf 91' lang='lat' dir='ltr'>per</span> <span class='ocrx_word' id='word_1_334' title='bbox 940 3263 977 3308; x_wconf 90' lang='lat' dir='ltr'>se</span> <span class='ocrx_word' id='word_1_335' title='bbox 1006 3243 1124 3309; x_wconf 89' lang='lat' dir='ltr'>leviter</span> <span class='ocrx_word' id='word_1_336' title='bbox 1147 3243 1200 3307; x_wconf 94' lang='lat' dir='ltr'>vel</span> <span class='ocrx_word' id='word_1_337' title='bbox 1229 3243 1348 3309; x_wconf 86' lang='lat' dir='ltr'>saltem</span> <span class='ocrx_word' id='word_1_338' title='bbox 1379 3265 1443 3309; x_wconf 93' lang='lat' dir='ltr'>non</span> 
     </span>
     <span class='ocr_line' id='line_1_34' title="bbox 115 3330 1444 3415; baseline -0.001 -17"><span class='ocrx_word' id='word_1_339' title='bbox 115 3333 264 3415; x_wconf 86' lang='lat' dir='ltr'>graviter</span> <span class='ocrx_word' id='word_1_340' title='bbox 286 3334 340 3397; x_wconf 89' lang='lat' dir='ltr'>vel</span> <span class='ocrx_word' id='word_1_341' title='bbox 371 3333 399 3398; x_wconf 89' lang='lat' dir='ltr'>si</span> <span class='ocrx_word' id='word_1_342' title='bbox 430 3336 482 3397; x_wconf 91' lang='lat' dir='ltr'>est</span> <span class='ocrx_word' id='word_1_343' title='bbox 512 3351 570 3414; x_wconf 88' lang='lat' dir='ltr'>per</span> <span class='ocrx_word' id='word_1_344' title='bbox 593 3330 744 3395; x_wconf 87' lang='lat' dir='ltr'>accidens</span> <span class='ocrx_word' id='word_1_345' title='bbox 767 3330 916 3406; x_wconf 70' lang='lat' dir='ltr'>influens</span> <span class='ocrx_word' id='word_1_346' title='bbox 948 3332 1003 3397; x_wconf 90' lang='lat' dir='ltr'>ille</span> <span class='ocrx_word' id='word_1_347' title='bbox 1033 3334 1169 3397; x_wconf 87' lang='lat' dir='ltr'>effectus</span> <span class='ocrx_word' id='word_1_348' title='bbox 1199 3332 1273 3410; x_wconf 90' lang='lat' dir='ltr'>(nisi</span> <span class='ocrx_word' id='word_1_349' title='bbox 1306 3354 1348 3397; x_wconf 87' lang='lat' dir='ltr'>ex</span> <span class='ocrx_word' id='word_1_350' title='bbox 1378 3332 1444 3398; x_wconf 89' lang='lat' dir='ltr'>alia</span> 
     </span>
     <span class='ocr_line' id='line_1_35' title="bbox 115 3420 1443 3507; baseline 0.001 -21"><span class='ocrx_word' id='word_1_351' title='bbox 115 3421 271 3506; x_wconf 85' lang='lat' dir='ltr'>peculiari</span> <span class='ocrx_word' id='word_1_352' title='bbox 301 3422 429 3487; x_wconf 88' lang='lat' dir='ltr'>ratione</span> <span class='ocrx_word' id='word_1_353' title='bbox 460 3425 577 3486; x_wconf 86' lang='lat' dir='ltr'>tenear</span> <span class='ocrx_word' id='word_1_354' title='bbox 607 3421 649 3485; x_wconf 89' lang='lat' dir='ltr'>ad</span> <span class='ocrx_word' id='word_1_355' title='bbox 682 3422 833 3485; x_wconf 86' lang='lat' dir='ltr'>effectum</span> <span class='ocrx_word' id='word_1_356' title='bbox 864 3420 1049 3504; x_wconf 87' lang='lat' dir='ltr'>praevisum</span> <span class='ocrx_word' id='word_1_357' title='bbox 1080 3422 1333 3507; x_wconf 80' lang='lat' dir='ltr'>impediendum)</span> <span class='ocrx_word' id='word_1_358' title='bbox 1367 3421 1443 3487; x_wconf 89' lang='lat' dir='ltr'>mihi</span> 
     </span>
     <span class='ocr_line' id='line_1_36' title="bbox 115 3509 1444 3593; baseline 0 -17"><span class='ocrx_word' id='word_1_359' title='bbox 115 3512 233 3576; x_wconf 88' lang='lat' dir='ltr'>saltem</span> <span class='ocrx_word' id='word_1_360' title='bbox 257 3531 322 3575; x_wconf 94' lang='lat' dir='ltr'>non</span> <span class='ocrx_word' id='word_1_361' title='bbox 345 3511 440 3593; x_wconf 92' lang='lat' dir='ltr'>plene</span> <span class='ocrx_word' id='word_1_362' title='bbox 463 3510 654 3592; x_wconf 89' lang='lat' dir='ltr'>imputatur,</span> <span class='ocrx_word' id='word_1_363' title='bbox 684 3529 722 3574; x_wconf 93' lang='lat' dir='ltr'>eo</span> <span class='ocrx_word' id='word_1_364' title='bbox 746 3509 831 3590; x_wconf 90' lang='lat' dir='ltr'>quod</span> <span class='ocrx_word' id='word_1_365' title='bbox 859 3530 895 3573; x_wconf 90' lang='lat' dir='ltr'>re</span> <span class='ocrx_word' id='word_1_366' title='bbox 918 3530 1000 3574; x_wconf 90' lang='lat' dir='ltr'>vera</span> <span class='ocrx_word' id='word_1_367' title='bbox 1022 3530 1085 3574; x_wconf 94' lang='lat' dir='ltr'>non</span> <span class='ocrx_word' id='word_1_368' title='bbox 1110 3513 1307 3575; x_wconf 81' lang='lat' dir='ltr'>continentur</span> <span class='ocrx_word' id='word_1_369' title='bbox 1329 3511 1362 3574; x_wconf 91' lang='lat' dir='ltr'>in</span> <span class='ocrx_word' id='word_1_370' title='bbox 1386 3511 1444 3576; x_wconf 90' lang='lat' dir='ltr'>illa</span> 
     </span>
     <span class='ocr_line' id='line_1_37' title="bbox 116 3597 1444 3683; baseline 0 -18"><span class='ocrx_word' id='word_1_371' title='bbox 116 3600 244 3665; x_wconf 89' lang='lat' dir='ltr'>actione</span> <span class='ocrx_word' id='word_1_372' title='bbox 268 3599 460 3683; x_wconf 89' lang='lat' dir='ltr'>simpliciter</span> <span class='ocrx_word' id='word_1_373' title='bbox 482 3603 650 3680; x_wconf 84' lang='lat' dir='ltr'>tamquam</span> <span class='ocrx_word' id='word_1_374' title='bbox 682 3598 714 3662; x_wconf 92' lang='lat' dir='ltr'>in</span> <span class='ocrx_word' id='word_1_375' title='bbox 745 3618 856 3664; x_wconf 86' lang='lat' dir='ltr'>causa.</span> <span class='ocrx_word' id='word_1_376' title='bbox 902 3597 997 3664; x_wconf 93' lang='lat' dir='ltr'>Unde</span> <span class='ocrx_word' id='word_1_377' title='bbox 1026 3599 1079 3662; x_wconf 86' lang='lat' dir='ltr'>fit:</span> <span class='ocrx_word' id='word_1_378' title='bbox 1119 3598 1150 3680; x_wconf 85' lang='lat'>1)</span> <span class='ocrx_word' id='word_1_379' title='bbox 1181 3603 1226 3674; x_wconf 90' lang='lat' dir='ltr'>ut,</span> <span class='ocrx_word' id='word_1_380' title='bbox 1252 3620 1315 3680; x_wconf 89' lang='lat' dir='ltr'>quo</span> <span class='ocrx_word' id='word_1_381' title='bbox 1338 3599 1444 3665; x_wconf 87' lang='lat' dir='ltr'>levior</span> 
     </span>
     <span class='ocr_line' id='line_1_38' title="bbox 115 3686 1443 3771; baseline 0.002 -19"><span class='ocrx_word' id='word_1_382' title='bbox 115 3689 172 3753; x_wconf 93' lang='lat' dir='ltr'>illa</span> <span class='ocrx_word' id='word_1_383' title='bbox 196 3687 281 3754; x_wconf 87' lang='lat' dir='ltr'>actio</span> <span class='ocrx_word' id='word_1_384' title='bbox 304 3688 422 3753; x_wconf 89' lang='lat' dir='ltr'>influat</span> <span class='ocrx_word' id='word_1_385' title='bbox 442 3687 476 3752; x_wconf 94' lang='lat' dir='ltr'>in</span> <span class='ocrx_word' id='word_1_386' title='bbox 500 3688 652 3751; x_wconf 85' lang='lat' dir='ltr'>effectum</span> <span class='ocrx_word' id='word_1_387' title='bbox 667 3707 816 3769; x_wconf 89' lang='lat' dir='ltr'>pravum,</span> <span class='ocrx_word' id='word_1_388' title='bbox 841 3707 884 3751; x_wconf 87' lang='lat' dir='ltr'>ex</span> <span class='ocrx_word' id='word_1_389' title='bbox 907 3706 945 3751; x_wconf 92' lang='lat' dir='ltr'>eo</span> <span class='ocrx_word' id='word_1_390' title='bbox 968 3686 1090 3751; x_wconf 89' lang='lat' dir='ltr'>leviore</span> <span class='ocrx_word' id='word_1_391' title='bbox 1106 3688 1232 3753; x_wconf 89' lang='lat' dir='ltr'>ratione</span> <span class='ocrx_word' id='word_1_392' title='bbox 1249 3687 1326 3752; x_wconf 84' lang='lat' dir='ltr'>mihi</span> <span class='ocrx_word' id='word_1_393' title='bbox 1343 3709 1443 3771; x_wconf 87' lang='lat' dir='ltr'>agere</span> 
     </span>
     <span class='ocr_line' id='line_1_39' title="bbox 116 3774 1443 3858; baseline -0.001 -16"><span class='ocrx_word' id='word_1_394' title='bbox 116 3779 225 3853; x_wconf 90' lang='lat' dir='ltr'>liceat,</span> <span class='ocrx_word' id='word_1_395' title='bbox 250 3777 313 3843; x_wconf 85' lang='lat' dir='ltr'>etsi</span> <span class='ocrx_word' id='word_1_396' title='bbox 336 3776 427 3842; x_wconf 91' lang='lat' dir='ltr'>illum</span> <span class='ocrx_word' id='word_1_397' title='bbox 451 3777 604 3842; x_wconf 83' lang='lat' dir='ltr'>effectum</span> <span class='ocrx_word' id='word_1_398' title='bbox 627 3776 747 3840; x_wconf 90' lang='lat' dir='ltr'>malum</span> <span class='ocrx_word' id='word_1_399' title='bbox 771 3774 997 3858; x_wconf 81' lang='lat' dir='ltr'>praevideam3</span> <span class='ocrx_word' id='word_1_400' title='bbox 1032 3774 1066 3857; x_wconf 85' lang='lat'>2)</span> <span class='ocrx_word' id='word_1_401' title='bbox 1090 3781 1137 3854; x_wconf 91' lang='lat' dir='ltr'>ut,</span> <span class='ocrx_word' id='word_1_402' title='bbox 1161 3776 1332 3842; x_wconf 86' lang='lat' dir='ltr'>deficiente</span> <span class='ocrx_word' id='word_1_403' title='bbox 1356 3777 1443 3843; x_wconf 94' lang='lat' dir='ltr'>omni</span> 
     </span>
     <span class='ocr_line' id='line_1_40' title="bbox 115 3865 1441 3948; baseline -0.001 -16"><span class='ocrx_word' id='word_1_404' title='bbox 115 3868 304 3933; x_wconf 81' lang='lat' dir='ltr'>rationabili</span> <span class='ocrx_word' id='word_1_405' title='bbox 327 3887 436 3942; x_wconf 86' lang='lat' dir='ltr'>causa,</span> <span class='ocrx_word' id='word_1_406' title='bbox 468 3865 525 3930; x_wconf 89' lang='lat' dir='ltr'>ille</span> <span class='ocrx_word' id='word_1_407' title='bbox 548 3865 683 3931; x_wconf 83' lang='lat' dir='ltr'>effectus</span> <span class='ocrx_word' id='word_1_408' title='bbox 705 3869 841 3948; x_wconf 87' lang='lat' dir='ltr'>propter</span> <span class='ocrx_word' id='word_1_409' title='bbox 862 3865 933 3930; x_wconf 92' lang='lat' dir='ltr'>eius</span> <span class='ocrx_word' id='word_1_410' title='bbox 957 3885 1088 3930; x_wconf 88' lang='lat' dir='ltr'>causam</span> <span class='ocrx_word' id='word_1_411' title='bbox 1112 3865 1231 3930; x_wconf 87' lang='lat' dir='ltr'>leviter</span> <span class='ocrx_word' id='word_1_412' title='bbox 1250 3865 1441 3933; x_wconf 88' lang='lat' dir='ltr'>influentem</span> 
     </span>
     <span class='ocr_line' id='line_1_41' title="bbox 116 3953 1443 4039; baseline 0.001 -20"><span class='ocrx_word' id='word_1_413' title='bbox 116 3955 302 4021; x_wconf 89' lang='lat' dir='ltr'>voluntarie</span> <span class='ocrx_word' id='word_1_414' title='bbox 318 3955 459 4039; x_wconf 87' lang='lat' dir='ltr'>positam</span> <span class='ocrx_word' id='word_1_415' title='bbox 475 3953 551 4018; x_wconf 92' lang='lat' dir='ltr'>mihi</span> <span class='ocrx_word' id='word_1_416' title='bbox 569 3975 633 4018; x_wconf 91' lang='lat' dir='ltr'>non</span> <span class='ocrx_word' id='word_1_417' title='bbox 648 3953 829 4037; x_wconf 89' lang='lat' dir='ltr'>imputetur</span> <span class='ocrx_word' id='word_1_418' title='bbox 851 3953 884 4018; x_wconf 94' lang='lat' dir='ltr'>in</span> <span class='ocrx_word' id='word_1_419' title='bbox 899 3959 1069 4037; x_wconf 85' lang='lat' dir='ltr'>peccatum</span> <span class='ocrx_word' id='word_1_420' title='bbox 1085 3955 1223 4019; x_wconf 91' lang='lat' dir='ltr'>mortale</span> <span class='ocrx_word' id='word_1_421' title='bbox 1240 3954 1297 4019; x_wconf 87' lang='lat' dir='ltr'>sed</span> <span class='ocrx_word' id='word_1_422' title='bbox 1314 3956 1443 4021; x_wconf 89' lang='lat' dir='ltr'>veniale</span> 
     </span>
     <span class='ocr_line' id='line_1_42' title="bbox 115 4042 1442 4126; baseline -0.002 -16"><span class='ocrx_word' id='word_1_423' title='bbox 115 4049 255 4121; x_wconf 84' lang='lat' dir='ltr'>tantum,</span> <span class='ocrx_word' id='word_1_424' title='bbox 280 4044 379 4109; x_wconf 90' lang='lat' dir='ltr'>etiam</span> <span class='ocrx_word' id='word_1_425' title='bbox 404 4043 431 4108; x_wconf 92' lang='lat' dir='ltr'>si</span> <span class='ocrx_word' id='word_1_426' title='bbox 454 4043 545 4107; x_wconf 90' lang='lat' dir='ltr'>illum</span> <span class='ocrx_word' id='word_1_427' title='bbox 569 4044 720 4108; x_wconf 87' lang='lat' dir='ltr'>effectum</span> <span class='ocrx_word' id='word_1_428' title='bbox 744 4043 777 4107; x_wconf 92' lang='lat' dir='ltr'>in</span> <span class='ocrx_word' id='word_1_429' title='bbox 801 4063 837 4107; x_wconf 92' lang='lat' dir='ltr'>se</span> <span class='ocrx_word' id='word_1_430' title='bbox 860 4043 947 4108; x_wconf 91' lang='lat' dir='ltr'>velle</span> <span class='ocrx_word' id='word_1_431' title='bbox 970 4042 1070 4109; x_wconf 90' lang='lat' dir='ltr'>fuerit</span> <span class='ocrx_word' id='word_1_432' title='bbox 1092 4048 1261 4126; x_wconf 84' lang='lat' dir='ltr'>peccatum</span> <span class='ocrx_word' id='word_1_433' title='bbox 1285 4045 1442 4118; x_wconf 80' lang='lat' dir='ltr'>mortale:</span> 
     </span>
     <span class='ocr_line' id='line_1_43' title="bbox 117 4131 1441 4217; baseline -0.002 -18"><span class='ocrx_word' id='word_1_434' title='bbox 117 4135 151 4217; x_wconf 89' lang='lat'>3)</span> <span class='ocrx_word' id='word_1_435' title='bbox 175 4138 229 4211; x_wconf 90' lang='lat' dir='ltr'>ut,</span> <span class='ocrx_word' id='word_1_436' title='bbox 261 4132 411 4199; x_wconf 88' lang='lat' dir='ltr'>etiamsi</span> <span class='ocrx_word' id='word_1_437' title='bbox 435 4132 492 4197; x_wconf 89' lang='lat' dir='ltr'>illa</span> <span class='ocrx_word' id='word_1_438' title='bbox 514 4133 601 4197; x_wconf 89' lang='lat' dir='ltr'>actio</span> <span class='ocrx_word' id='word_1_439' title='bbox 625 4131 743 4197; x_wconf 90' lang='lat' dir='ltr'>leviter</span> <span class='ocrx_word' id='word_1_440' title='bbox 765 4132 904 4196; x_wconf 91' lang='lat' dir='ltr'>influens</span> <span class='ocrx_word' id='word_1_441' title='bbox 926 4131 960 4196; x_wconf 91' lang='lat' dir='ltr'>in</span> <span class='ocrx_word' id='word_1_442' title='bbox 983 4133 1134 4198; x_wconf 85' lang='lat' dir='ltr'>effectum</span> <span class='ocrx_word' id='word_1_443' title='bbox 1158 4154 1296 4216; x_wconf 85' lang='lat' dir='ltr'>pravum</span> <span class='ocrx_word' id='word_1_444' title='bbox 1327 4139 1378 4199; x_wconf 89' lang='lat' dir='ltr'>est</span> <span class='ocrx_word' id='word_1_445' title='bbox 1408 4137 1441 4198; x_wconf 84' lang='lat' dir='ltr'>in</span> 
     </span>
     <span class='ocr_line' id='line_1_44' title="bbox 116 4220 1443 4306; baseline -0.001 -18"><span class='ocrx_word' id='word_1_446' title='bbox 116 4247 148 4288; x_wconf 85' lang='lat' dir='ltr'>se</span> <span class='ocrx_word' id='word_1_447' title='bbox 178 4227 366 4306; x_wconf 90' lang='lat' dir='ltr'>peccatum,</span> <span class='ocrx_word' id='word_1_448' title='bbox 397 4222 495 4286; x_wconf 90' lang='lat' dir='ltr'>immo</span> <span class='ocrx_word' id='word_1_449' title='bbox 519 4221 657 4286; x_wconf 88' lang='lat' dir='ltr'>mortale</span> <span class='ocrx_word' id='word_1_450' title='bbox 687 4224 874 4304; x_wconf 89' lang='lat' dir='ltr'>peccatum,</span> <span class='ocrx_word' id='word_1_451' title='bbox 905 4220 1112 4286; x_wconf 89' lang='lat' dir='ltr'>nihilominus</span> <span class='ocrx_word' id='word_1_452' title='bbox 1144 4224 1268 4305; x_wconf 82' lang='lat' dir='ltr'>effectus</span> <span class='ocrx_word' id='word_1_453' title='bbox 1295 4225 1347 4287; x_wconf 82' lang='lat' dir='ltr'>nu</span> <span class='ocrx_word' id='word_1_454' title='bbox 1378 4244 1443 4288; x_wconf 92' lang='lat' dir='ltr'>non</span> 
     </span>
     <span class='ocr_line' id='line_1_45' title="bbox 116 4309 1444 4394; baseline 0 -18"><span class='ocrx_word' id='word_1_455' title='bbox 116 4313 149 4376; x_wconf 91' lang='lat' dir='ltr'>in</span> <span class='ocrx_word' id='word_1_456' title='bbox 180 4333 215 4377; x_wconf 87' lang='lat' dir='ltr'>se</span> <span class='ocrx_word' id='word_1_457' title='bbox 244 4311 374 4388; x_wconf 75' lang='lat' dir='ltr'>nalitus,</span> <span class='ocrx_word' id='word_1_458' title='bbox 407 4310 465 4376; x_wconf 88' lang='lat' dir='ltr'>sed</span> <span class='ocrx_word' id='word_1_459' title='bbox 494 4309 527 4376; x_wconf 91' lang='lat' dir='ltr'>in</span> <span class='ocrx_word' id='word_1_460' title='bbox 557 4331 657 4375; x_wconf 85' lang='lat' dir='ltr'>causa</span> <span class='ocrx_word' id='word_1_461' title='bbox 686 4310 805 4376; x_wconf 86' lang='lat' dir='ltr'>leviter</span> <span class='ocrx_word' id='word_1_462' title='bbox 834 4309 990 4375; x_wconf 85' lang='lat' dir='ltr'>influente</span> <span class='ocrx_word' id='word_1_463' title='bbox 1019 4316 1149 4377; x_wconf 85' lang='lat' dir='ltr'>tantum</span> <span class='ocrx_word' id='word_1_464' title='bbox 1179 4310 1350 4394; x_wconf 88' lang='lat' dir='ltr'>praevisus</span> <span class='ocrx_word' id='word_1_465' title='bbox 1380 4333 1444 4376; x_wconf 91' lang='lat' dir='ltr'>non</span> 
     </span>
     <span class='ocr_line' id='line_1_46' title="bbox 116 4399 793 4484; baseline -0.001 -20"><span class='ocrx_word' id='word_1_466' title='bbox 116 4401 296 4484; x_wconf 89' lang='lat' dir='ltr'>imputetur</span> <span class='ocrx_word' id='word_1_467' title='bbox 319 4400 381 4465; x_wconf 88' lang='lat' dir='ltr'>nisi</span> <span class='ocrx_word' id='word_1_468' title='bbox 404 4401 437 4465; x_wconf 93' lang='lat' dir='ltr'>in</span> <span class='ocrx_word' id='word_1_469' title='bbox 461 4402 632 4483; x_wconf 84' lang='lat' dir='ltr'>peccatum</span> <span class='ocrx_word' id='word_1_470' title='bbox 655 4399 793 4464; x_wconf 89' lang='lat' dir='ltr'>veniale.</span> 
     </span>
    </p>
   </div>
   <div class='ocr_carea' id='block_1_6' title="bbox 81 4513 1444 4687">
    <p class='ocr_par' dir='ltr' id='par_1_7' title="bbox 81 4513 1444 4687">
     <span class='ocr_line' id='line_1_47' title="bbox 81 4513 1443 4594; baseline -0.004 -11"><span class='ocrx_word' id='word_1_471' title='bbox 81 4531 107 4583; x_wconf 78' lang='lat' dir='ltr'>lo</span> <span class='ocrx_word' id='word_1_472' title='bbox 207 4514 260 4579; x_wconf 81' lang='lat' dir='ltr'>An</span> <span class='ocrx_word' id='word_1_473' title='bbox 284 4535 475 4589; x_wconf 76' lang='lat' dir='ltr'>onnnsrrun</span> <span class='ocrx_word' id='word_1_474' title='bbox 499 4517 537 4579; x_wconf 76' lang='lat'>3¹¹²</span> <span class='ocrx_word' id='word_1_475' title='bbox 561 4515 599 4580; x_wconf 86' lang='lat' dir='ltr'>R.</span> <span class='ocrx_word' id='word_1_476' title='bbox 628 4518 655 4581; x_wconf 90' lang='lat'>1.</span> <span class='ocrx_word' id='word_1_477' title='bbox 703 4513 736 4580; x_wconf 86' lang='lat' dir='ltr'>si</span> <span class='ocrx_word' id='word_1_478' title='bbox 763 4514 899 4594; x_wconf 88' lang='lat' dir='ltr'>regulae</span> <span class='ocrx_word' id='word_1_479' title='bbox 923 4513 974 4577; x_wconf 94' lang='lat' dir='ltr'>vel</span> <span class='ocrx_word' id='word_1_480' title='bbox 1001 4514 1250 4579; x_wconf 89' lang='lat' dir='ltr'>consuetudines</span> <span class='ocrx_word' id='word_1_481' title='bbox 1273 4515 1306 4580; x_wconf 91' lang='lat' dir='ltr'>in</span> <span class='ocrx_word' id='word_1_482' title='bbox 1331 4513 1443 4579; x_wconf 89' lang='lat' dir='ltr'>ordine</span> 
     </span>
     <span class='ocr_line' id='line_1_48' title="bbox 119 4602 1444 4687; baseline 0.001 -18"><span class='ocrx_word' id='word_1_483' title='bbox 119 4626 182 4669; x_wconf 92' lang='lat' dir='ltr'>non</span> <span class='ocrx_word' id='word_1_484' title='bbox 216 4603 364 4686; x_wconf 89' lang='lat' dir='ltr'>obligant</span> <span class='ocrx_word' id='word_1_485' title='bbox 395 4604 454 4669; x_wconf 91' lang='lat' dir='ltr'>sub</span> <span class='ocrx_word' id='word_1_486' title='bbox 487 4607 641 4687; x_wconf 89' lang='lat' dir='ltr'>peccato,</span> <span class='ocrx_word' id='word_1_487' title='bbox 675 4602 806 4668; x_wconf 88' lang='lat' dir='ltr'>omissio</span> <span class='ocrx_word' id='word_1_488' title='bbox 833 4603 1109 4686; x_wconf 88' lang='lat' dir='ltr'>paenitentiarum</span> <span class='ocrx_word' id='word_1_489' title='bbox 1139 4624 1181 4668; x_wconf 82' lang='lat' dir='ltr'>ex</span> <span class='ocrx_word' id='word_1_490' title='bbox 1211 4625 1247 4669; x_wconf 90' lang='lat' dir='ltr'>se</span> <span class='ocrx_word' id='word_1_491' title='bbox 1275 4626 1340 4670; x_wconf 92' lang='lat' dir='ltr'>non</span> <span class='ocrx_word' id='word_1_492' title='bbox 1372 4609 1444 4670; x_wconf 87' lang='lat' dir='ltr'>erat</span> 
     </span>
    </p>
   </div>
   <div class='ocr_carea' id='block_1_7' title="bbox 0 0 1558 5168">
    <p class='ocr_par' dir='ltr' id='par_1_8' title="bbox 0 0 1558 5168">
     <span class='ocr_line' id='line_1_49' title="bbox 0 0 1558 5168; baseline 0 0"><span class='ocrx_word' id='word_1_493' title='bbox 0 0 1558 5168; x_wconf 95' lang='lat' dir='ltr'> </span> 
     </span>
    </p>
   </div>
  </div>
 </body>
</html>
