3106 5168
569 273 760 329 Voluptariam
778 273 946 329 indirectum.
1398 277 1418 341 9

101 454 280 532 peccatum3
314 468 420 529 neque
449 447 612 532 praevisio
644 471 820 533 pravorum
850 455 996 516 motuum
1021 449 1154 515 Cneium
1177 449 1351 532 obligavit,
1382 454 1420 516 ut

100 558 147 602 eos
177 558 237 620 per
267 558 367 621 opera
389 537 611 620 paenitentiae
635 538 845 622 praeveniret
874 559 932 603 seu
955 538 1137 617 cohiberet,
1171 540 1198 605 si
1222 539 1320 605 aliter
1343 560 1418 604 con-

98 647 207 692 sensus
230 626 264 691 in
288 647 345 691 eos
369 626 497 691 excludi
520 631 651 710 poterat
674 633 709 694 et
732 628 976 693 excludebatur.

180 725 246 791 Sed
275 745 315 789 eo
344 725 409 789 {ine
439 746 539 808 opera
570 725 669 791 etiam
693 724 844 809 poenalia
867 724 950 790 alias
974 730 1130 791 consueta
1153 727 1306 792 omittere
1329 731 1419 792 certo

98 813 236 881 ostendit
265 813 398 878 Cneium
428 814 592 879 volentem
622 814 696 880 illos
728 819 836 880 motus
859 835 992 898 passum
1023 834 1095 879 esse
1124 818 1224 896 atque
1246 814 1279 878 in
1303 816 1419 899 volup·

97 907 195 968 tatem
219 902 434 980 consensisse,
457 902 595 984 ideoque
618 903 767 986 graviter
789 924 952 986 peccasse.
990 902 1096 968 Erant
1118 903 1219 984 igitur
1241 904 1288 968 illi
1311 909 1420 971 motus

97 992 185 1075 pravi
209 992 309 1058 Cneio
338 991 458 1057 saltem
486 995 574 1057 veliti
580 1015 593 1074 ,·
622 1014 727 1075 neque
756 997 868 1058 tamen
896 997 1008 1076 putem
1039 1012 1096 1057 eos
1124 991 1189 1057 iam
1220 1014 1316 1076 posse
1340 1014 1419 1059 vero

97 1085 125 1146 et
146 1080 297 1162 rigoroso
320 1101 419 1146 sensu
449 1081 511 1146 dioi
535 1082 748 1158 voluntarios,
773 1081 859 1164 quod
882 1103 903 1146 a
919 1081 1016 1146 Cneio
1039 1086 1207 1163 tamqnam
1232 1102 1331 1147 causa
1355 1103 1419 1148 non

97 1169 329 1252 processerint:
359 1191 424 1234 non
453 1173 620 1253 tamquam
644 1192 665 1236 a
688 1191 789 1236 causa
812 1170 971 1253 positiva,
996 1170 1073 1252 quia
1095 1170 1173 1235 nihil
1199 1171 1282 1252 egit:
1314 1191 1419 1253 neque

96 1264 261 1340 tamquam
290 1279 311 1323 a
341 1280 439 1323 causo
471 1259 642 1341 negativa,
675 1259 751 1341 quia
774 1260 815 1325 ad
840 1259 1002 1325 actionem
1025 1258 1115 1324 illam
1138 1259 1330 1342 positivam,
1355 1281 1420 1342 qna

96 1347 238 1431 impediti
261 1347 411 1425 fuissent,
437 1348 555 1413 Gneius
578 1370 643 1414 non
666 1354 739 1415 erat
761 1370 841 1414 vero
864 1369 963 1414 sensu
987 1347 1161 1429 obligatus.

179 1443 294 1510 Videri
309 1449 419 1528 potest
435 1466 507 1511 esse
523 1445 610 1511 aliud
628 1445 813 1510 dicendum:
831 1443 984 1510 nimirum
999 1449 1108 1510 motus
1123 1443 1197 1510 illos
1208 1444 1305 1509 Cneio
1317 1444 1419 1511 fuisse

96 1554 167 1599 vero
193 1538 228 1600 et
251 1534 347 1617 pleno
370 1555 468 1599 sensu
492 1534 706 1609 voluntarios,
730 1534 927 1615 Cneiumqne
952 1555 1030 1599 vero
1053 1554 1151 1599 sensu
1168 1556 1300 1599 caueam
1319 1534 1419 1600 fuisse

96 1623 298 1704 negativam,
329 1622 357 1687 si
386 1623 534 1706 superior
557 1623 654 1689 Cneio
684 1623 759 1689 illas
789 1622 1009 1706 paenitentias
1036 1644 1075 1687 eo
1098 1624 1162 1687 fine
1185 1622 1419 1706 persolvendas

96 1717 268 1796 praecepto
299 1712 524 1795 imposuisset,
555 1717 593 1779 ut
623 1713 665 1777 ab
695 1712 761 1777 illis
791 1711 960 1778 effectibus
989 1711 1103 1795 pravis
1133 1711 1298 1777 efficacius
1322 1733 1418 1795 prae·

95 1806 291 1867 servaretur.
337 1802 399 1867 Sed
423 1822 464 1866 ne
487 1801 548 1867 hoc
572 1802 701 1884 quidem
725 1804 851 1867 certum
874 1805 935 1878 est,
961 1822 999 1866 eo
1023 1800 1109 1882 quod
1133 1800 1264 1866 omissio
1287 1800 1417 1867 illarum

95 1890 368 1972 paenitentiarum
390 1891 577 1957 nullatenus
598 1895 688 1955 certo
708 1890 760 1955 vel
784 1889 969 1955 necessario
985 1889 1203 1972 coniungatur
1218 1912 1290 1955 cum
1306 1890 1418 1973 pravis

96 1978 233 2044 motibus
269 2000 373 2061 neque
412 2001 485 2045 cum
515 2000 627 2045 aarum
659 1979 816 2044 exercitio
848 1978 1032 2044 necessario
1063 1981 1116 2045 vel
1147 1983 1237 2046 certo
1270 1984 1418 2045 motuum

95 2066 228 2133 istorum
252 2067 438 2135 exstinctio.

179 2184 220 2250 R.
246 2186 276 2250 2.
322 2184 389 2249 Res
420 2184 565 2248 curiosas
594 2184 705 2265 legere
736 2182 814 2249 dicit
843 2203 897 2247 res
928 2183 1055 2264 quidem
1087 2183 1178 2247 leves
1208 2186 1243 2248 et
1264 2183 1416 2262 ludicras,
1430 2198 1461 2250 17

96 2271 190 2337 etiam
222 2274 364 2339 fortasse
394 2273 500 2337 minus
532 2273 687 2339 honestas
718 2276 752 2338 et
783 2275 910 2346 castas,
943 2292 1008 2336 non
1037 2277 1149 2338 tamen
1179 2293 1232 2337 res
1259 2293 1338 2337 vere
1361 2274 1418 2338 ob·

96 2380 225 2450 scenas3
258 2366 458 2445 quapropter
481 2361 638 2426 eiusmodi
660 2361 758 2427 lectio
789 2382 852 2425 non
877 2364 1029 2425 censetur
1052 2381 1124 2424 esse
1148 2381 1249 2426 causa
1270 2362 1419 2443 graviter

96 2448 230 2514 influens
264 2450 321 2515 sed
351 2451 469 2516 leviter
498 2455 626 2516 tantum
654 2450 688 2514 in
718 2454 826 2515 motus
852 2471 973 2533 pravos
996 2449 1148 2515 orituros.
1195 2450 1290 2516 Unde
1313 2473 1355 2515 ex
1378 2452 1419 2516 iis

97 2559 175 2619 quae
207 2539 249 2604 ad
274 2542 312 2603 2¹⁰
335 2540 374 2605 Η.
399 2542 419 2604 3
450 2539 538 2604 dicta
568 2542 660 2617 sunt,
691 2539 808 2603 Cneius
838 2542 973 2623 propter
1002 2538 1075 2603 illos
1106 2542 1213 2605 motus
1237 2541 1417 2622 praevisos,

98 2647 173 2708 quos
197 2627 231 2691 in
254 2649 418 2710 seneque
441 2628 583 2693 intendit
605 2648 720 2710 neque,
745 2649 817 2693 cum
836 2628 1009 2705 orirentur,
1034 2649 1192 2693 consensu
1213 2630 1417 2711 approbavit,

96 2736 154 2782 non
178 2716 331 2799 peccavit
353 2717 510 2799 graviter,
535 2717 592 2782 sed
616 2738 776 2782 summum
801 2717 983 2784 venialiter.

182 2840 222 2905 R.
248 2842 277 2906 3.
324 2840 362 2904 In
385 2840 522 2906 scientia
552 2840 654 2906 statui
682 2839 887 2905 convenienti
913 2841 966 2905 vel
988 2839 1114 2905 muneri
1137 2840 1281 2922 gerendo
1304 2862 1417 2906 neces-

95 2929 179 2994 saria
203 2950 260 2994 seu
284 2928 357 2994 utili
380 2950 452 2994 sese
476 2931 631 3011 perficere
655 2933 707 2993 est
729 2929 814 2995 ratio
832 2929 961 2994 omnino
978 2929 1090 3011 gravis
1109 2933 1143 2994 et
1158 2929 1416 3012 proportionata,

95 3021 128 3082 ut
150 3022 326 3102 propterea
349 3017 447 3085 liceat
470 3040 590 3102 pravos
614 3022 722 3083 motus
746 3018 844 3084 etiarn
864 3019 1035 3100 graviores
1051 3019 1251 3101 permittere,
1275 3018 1416 3083 simodo

95 3127 269 3172 consensus
298 3106 332 3170 in
362 3128 418 3171 eos
448 3129 511 3172 non
544 3109 648 3172 detur.
702 3107 819 3172 Oneius
848 3107 951 3189 igitur
980 3107 1092 3173 debuit
1121 3107 1207 3191 aptis
1237 3107 1351 3172 mediis
1381 3129 1416 3172 se

95 3196 314 3279 praemunire,
345 3217 386 3261 ne
416 3201 533 3262 exorta
563 3195 745 3262 tentatione
776 3196 917 3263 caderet.
964 3195 1056 3272 Quod
1086 3196 1113 3259 si
1141 3195 1257 3262 fecerit
1287 3200 1320 3262 et
1344 3200 1417 3262 orta

93 3285 274 3351 tentatione
309 3305 380 3350 eam
410 3285 568 3369 repellere
598 3307 656 3350 seu
687 3290 895 3352 contemnere
925 3284 1087 3350 studuerit
1117 3291 1215 3367 atque
1246 3286 1287 3350 ad
1311 3286 1417 3351 Deum

95 3374 253 3452 oraverit,
285 3374 403 3440 anxius
433 3395 506 3439 esse
535 3395 600 3440 non
631 3375 727 3441 debet
757 3374 797 3440 de
828 3375 906 3440 dato
936 3395 1112 3451 consensu,
1142 3374 1262 3439 saltem
1288 3397 1353 3440 non
1377 3376 1417 3441 de

94 3462 167 3530 dato
203 3484 364 3529 consensu
398 3464 503 3547 pleno.
558 3464 606 3528 De
641 3467 776 3547 peccato
811 3463 942 3528 mortali
977 3485 1040 3528 non
1077 3463 1248 3528 commisso
1283 3486 1417 3530 securus

94 3554 181 3619 reddi
206 3553 312 3619 debet.

180 3650 293 3726 Quoad
324 3653 459 3716 altorum
489 3671 600 3715 casum
625 3649 662 3715 ll.
691 3653 718 3714 1.
765 3649 939 3733 Supposito
970 3649 1055 3714 bello
1086 3670 1128 3715 ex
1157 3655 1252 3733 parto
1280 3650 1417 3714 Marsilii
1428 3665 1460 3720 18

93 3739 187 3815 iusto,
213 3739 330 3804 caedes
345 3739 575 3815 innocentium,
601 3760 684 3820 quae
700 3738 911 3822 praevidetur
926 3738 1055 3820 quidem
1071 3739 1128 3804 sed
1145 3760 1210 3804 non
1226 3739 1416 3816 intenditur,

93 3827 237 3894 Marsilio
270 3850 334 3893 non
367 3833 418 3895 est
448 3828 634 3893 voluntaria
664 3849 769 3910 neque
799 3827 829 3892 ei
858 3827 1056 3911 imputatur,
1088 3827 1115 3892 si
1146 3828 1187 3893 ad
1218 3830 1328 3893 urbem
1359 3849 1418 3892 ex-

93 3919 300 4001 pugnandam
335 3921 501 3983 tormenta
535 3919 653 3982 bellica
686 3917 734 3982 ita
767 3916 908 3997 dirigere
943 3919 1016 3981 erat
1047 3917 1276 3985 necessarium.
1330 3917 1417 3982 Nam

93 4007 211 4073 adsunt
243 4028 355 4072 omnes
388 4006 593 4071 condiciones
624 4028 725 4089 supra
757 4007 799 4071 ad
823 4010 862 4071 2¹¹¹
885 4006 924 4072 R.
950 4008 969 4069 2
1003 4011 1214 4071 enumeratae
1245 4006 1279 4070 in
1302 4006 1417 4088 regula

93 4099 243 4178 recaredo,
267 4095 436 4161 videlicet:
464 4094 496 4176 1)
520 4099 684 4162 tormenta
707 4096 824 4161 bellica
845 4100 959 4161 contra
981 4095 1092 4160 urbem
1109 4094 1259 4161 hostilem
1277 4095 1417 4177 dirigere

94 4191 142 4252 est
166 4186 253 4251 actio
278 4189 312 4250 in
335 4208 368 4251 se
391 4208 454 4249 non
477 4188 584 4263 enaim·
610 4186 643 4265 2)
668 4187 803 4251 effectus
826 4185 942 4261 malus,
967 4185 1084 4249 caedes
1107 4184 1328 4249 innocentium
1352 4206 1416 4249 non

92 4274 281 4351 intenditur,
307 4278 344 4339 ut
365 4273 503 4357 supponi
520 4275 616 4339 debet
640 4278 674 4339 et
696 4294 732 4338 re
748 4274 819 4356 ipsa
834 4273 1062 4357 supponimus;
1088 4275 1122 4355 3)
1146 4274 1281 4339 effectus
1302 4274 1416 4348 bonus,

94 4364 293 4447 expugnatio
314 4363 403 4427 urbis
419 4363 557 4440 hostilis,
582 4384 685 4444 aeque
700 4362 889 4427 immediate
909 4362 1057 4444 sequitur
1080 4384 1122 4427 ex
1138 4363 1267 4428 actione
1283 4361 1416 4426 militari

94 4473 189 4534 quarn
212 4451 435 4518 innocentium
458 4452 590 4517 caedes:
615 4452 713 4516 immo
737 4451 765 4515 si
788 4452 820 4515 hi
845 4472 956 4516 omnes
978 4451 1012 4516 in
1035 4457 1108 4518 tuto
1132 4450 1283 4517 collocati
1306 4454 1417 4514 essent

94 4547 125 4609 et
154 4543 216 4607 soli
247 4545 432 4626 pugnantes
462 4541 574 4606 hostes
604 4546 854 4624 superarentur,
886 4542 1022 4606 effectus
1051 4541 1196 4607 intentus
1224 4539 1415 4612 haberetur;

95 4630 126 4712 4)
149 4632 245 4698 adest
270 4652 370 4696 causa
392 4630 531 4696 relative
554 4629 680 4712 gravis,
705 4629 862 4711 siqnidem
887 4630 920 4695 in
944 4631 1029 4695 bello
1052 4630 1162 4712 magni
1186 4627 1342 4693 momenti
1365 4633 1417 4694 est
