3106 5168
495 270 648 324 voluntarii
667 269 824 325 obstacula:
847 271 1014 338 ignorantia.
1377 279 1417 341 13

96 450 132 514 ad
156 452 365 532 praesentem
390 446 552 513 actionem
575 447 763 513 nullatenus
787 446 976 530 applicavit,
1001 447 1077 530 quia
1099 469 1141 513 ne
1164 449 1324 533 cogitavit
1347 450 1417 534 qui-

96 539 163 603 dem
195 538 303 620 legem
335 536 559 620 prohibentem
590 536 695 601 locum
726 536 855 601 habere.
907 536 969 601 Sed
1000 536 1045 614 si,
1076 537 1259 620 suspicione
1290 545 1417 618 exorta,

95 626 337 710 dispositionem
354 646 490 710 pravam
506 630 708 703 renovasset,
734 625 817 707 legis
833 624 932 691 etiam
956 648 991 692 rc
1014 626 1124 691 laesae
1140 648 1215 692 reus
1231 628 1416 696 exsisteret.

181 734 214 796 2⁰
237 731 275 796 ln
291 732 429 797 secando
445 751 522 797 casu
538 730 696 796 habemus
710 729 931 811 ignorantiam
946 750 1012 794 uon
1028 732 1287 800 antecedentem.
1316 733 1461 799 Novitas

93 820 278 886 Amalm'cus
307 821 389 885 bene
419 819 651 901 obligationem
681 818 883 901 inquirendi;
917 819 957 883 de
987 819 1077 885 facto
1108 821 1206 885 etiam
1237 822 1416 904 inquisivit,

93 910 148 975 sed
172 910 286 976 debuit
309 930 388 974 sane
411 909 547 975 ulterius
569 907 743 990 inquirere.
790 907 896 984 Quare
921 908 962 973 ob
992 908 1175 990 neglectam
1201 910 1344 977 debitam
1367 910 1417 975 in-

93 998 301 1082 quisitionem
325 1019 400 1065 reus
424 997 578 1063 dicendus
601 997 664 1062 erit
691 997 773 1079 legis
796 998 907 1062 laesae
930 1018 973 1062 ex
995 997 1182 1079 ignorantia
1206 1000 1416 1083 consequenti

93 1093 124 1175 et
147 1087 313 1171 culpabili.
353 1087 386 1153 Si
410 1090 520 1152 autem
536 1085 721 1151 Amalricus
736 1087 832 1151 homo
847 1085 937 1151 rudis
954 1091 1035 1164 erat,
1060 1092 1095 1153 et
1118 1089 1159 1153 ab
1182 1109 1246 1154 uno
1270 1089 1417 1155 alterove

93 1177 222 1243 homine
256 1177 320 1242 fido
355 1175 495 1259 positive
528 1174 674 1241 audisset
706 1176 884 1259 parochum
919 1176 998 1240 nihil
1033 1177 1263 1256 annuntiasse,
1299 1179 1415 1261 potuit,

93 1267 222 1348 quando
252 1264 438 1331 calendario
468 1265 619 1341 carebat,
651 1265 738 1330 bona
768 1264 968 1329 conscientia
997 1265 1190 1348 procedere:
1223 1270 1300 1332 tunc
1331 1267 1414 1332 enim

93 1355 194 1420 laesio
217 1354 301 1437 legis
324 1353 441 1419 fuisset
464 1374 522 1437 per
537 1353 688 1419 accidens
711 1374 752 1418 ex
775 1353 962 1435 ignorantia
985 1375 1049 1418 non
1071 1354 1234 1438 culpabili,
1258 1355 1415 1438 siquidem

92 1445 250 1509 moralem
269 1442 472 1526 diligentiam
495 1441 707 1525 inquirendae
730 1441 881 1509 veritatis
904 1441 1114 1509 adhibuisset.
1154 1444 1270 1509 Debita
1293 1445 1418 1511 scilicet

93 1533 263 1616 diligentia
286 1533 351 1598 alia
374 1536 409 1597 et
431 1531 497 1597 alia
521 1551 592 1595 esse
615 1535 726 1614 potest
755 1552 813 1614 pro
838 1530 997 1613 qualitate
1020 1552 1197 1616 personae,
1228 1533 1293 1599 alia
1317 1534 1416 1600 etiam

94 1626 142 1689 est
172 1642 233 1705 pro
263 1621 310 1686 rei
340 1621 524 1703 gravitate,
555 1640 614 1703 pro
637 1618 820 1703 praeceptis
844 1619 1012 1686 Ecclesiae
1035 1620 1226 1704 frequenter
1248 1644 1417 1688 recurren-

93 1710 178 1777 tibus
202 1710 326 1776 sufficit
348 1709 533 1775 adhibuisse
557 1708 759 1790 diligentiam
783 1707 987 1775 mediocrem.

181 1819 214 1882 3ο
237 1816 274 1881 In
297 1819 388 1881 tertio
411 1836 489 1881 casu
513 1816 600 1879 clare
623 1814 718 1881 adest
741 1813 929 1897 ignorantia
951 1816 1118 1894 affectata,
1143 1837 1227 1898 quae
1246 1838 1265 1883 a
1281 1822 1460 1901 peccat026

94 1905 279 1971 nullatenus
311 1908 458 1970 excusat.
509 1903 617 1979 Quare
648 1925 712 1967 non
745 1904 848 1969 solum
880 1906 995 1969 contra
1027 1904 1134 1987 legem
1168 1906 1348 1971 naturalem
1383 1911 1417 1971 et

94 1994 236 2059 divinam
261 1994 444 2059 Amalricus
473 1992 633 2075 peccavit,
665 2012 730 2073 qua
759 1992 949 2075 prohibetur
972 1993 1076 2059 omnis
1104 1994 1285 2078 periculosa
1309 1995 1415 2073 lectio,

94 2083 148 2148 sed
173 2083 273 2148 etiam
303 2081 455 2167 peccavit
478 2085 593 2147 contra
618 2081 722 2163 legem
748 2080 1020 2159 ecclesiasticam,
1052 2082 1143 2148 cuius
1173 2083 1321 2150 notitiam
1346 2089 1416 2150 stu-

95 2171 181 2237 diose
198 2171 392 2247 declinavit;
412 2172 509 2236 immo
526 2176 641 2236 contra
656 2170 740 2235 hano
756 2170 862 2253 legem
879 2172 998 2237 affectu
1015 2173 1175 2255 peccavit,
1193 2174 1321 2239 etiamsi
1335 2174 1417 2238 liber

94 2259 145 2325 ille
169 2283 205 2325 re
229 2261 301 2344 ipsa
323 2282 387 2326 non
411 2260 474 2325 fuit
496 2260 583 2325 inter
597 2258 784 2343 specialiter
798 2259 989 2343 prohibitos,
1029 2261 1076 2327 Cf.
1094 2262 1263 2336 Noldin,
1284 2265 1416 2328 Summo

94 2351 178 2416 theol.
204 2372 280 2415 mor.
305 2349 331 2427 I,
356 2352 410 2414 41³
434 2354 468 2415 et
491 2351 533 2413 42
557 2352 625 2415 not.

179 2446 267 2511 Num
287 2468 365 2511 vero
389 2445 540 2512 inciderit
562 2446 593 2510 in
619 2466 790 2510 censuram
814 2455 923 2511 contra
946 2450 1081 2512 scienter
1103 2450 1234 2532 tepentes
1257 2449 1415 2514 eiusmodi

95 2534 207 2613 libros,
238 2557 303 2601 non
327 2541 378 2602 est
408 2535 501 2600 huius
528 2534 590 2600 loci
614 2534 798 2618 disputare,
830 2535 888 2600 sed
918 2534 960 2599 ad
990 2540 1170 2601 tractatum
1201 2537 1241 2601 de
1272 2538 1416 2603 censuris

95 2625 244 2707 pertinet.
292 2624 338 2690 cf.
369 2626 424 2691 'Ila
451 2648 489 2691 m.
514 2624 555 2701 ΙΙ,
580 2626 655 2690 924.

194 2831 473 2897 IGNORANTIA
497 2832 581 2898 SEU
605 2832 830 2898 DEFECTUS
855 2831 1086 2898 SCIENTIAE
1109 2833 1311 2900 DEBITAE.

663 2989 772 3055 Casus.
801 2996 841 3064 (v)

182 3119 339 3178 Abundius
361 3119 509 3190 sacerdos,
532 3123 712 3196 approbatus
733 3140 785 3197 pro
800 3119 937 3188 dioecesi,
960 3121 1111 3197 experitur
1126 3142 1157 3180 se
1174 3121 1272 3181 debita
1293 3123 1416 3181 scientia

96 3220 208 3269 carere,
240 3198 337 3275 pergit
365 3205 465 3258 tamen
495 3200 596 3258 audire
626 3200 843 3269 confessiones,
875 3201 905 3258 in
934 3200 1038 3276 quibus
1067 3202 1232 3277 complures
1261 3203 1416 3262 committit

96 3299 205 3339 errores
228 3280 308 3337 circa
329 3279 524 3338 confessionis
545 3280 761 3355 integritatem,
792 3280 871 3339 circa
894 3281 1021 3339 debitam
1046 3281 1260 3340 absolutionem
1282 3283 1327 3340 vel
1351 3282 1415 3341 eius

95 3360 270 3429 dilationem,
294 3359 373 3417 circa
394 3359 602 3434 obligationem
625 3361 832 3420 restitutionis.
868 3359 938 3419 Cum
954 3380 971 3418 a
985 3381 1037 3419 arco
1058 3362 1239 3421 confessario
1261 3362 1415 3438 aliquoties

95 3441 127 3498 ad
147 3440 366 3500 restitutionem
381 3439 562 3515 obligaretur
583 3441 648 3499 loco
666 3440 857 3516 paenitentis,
880 3442 985 3499 statuit
999 3440 1077 3500 serio
1092 3442 1122 3500 in
1137 3442 1234 3501 studia
1248 3443 1416 3518 theologica

94 3519 260 3580 incumbere
282 3526 312 3578 et
333 3520 451 3578 interim
472 3540 490 3578 a
512 3520 747 3579 confessionibus
769 3521 922 3579 audiendis
938 3521 1095 3581 abstinere.
1127 3522 1182 3581 Sed
1205 3542 1242 3580 ex
1262 3523 1415 3599 inopinato

95 3601 128 3658 ad
148 3600 354 3659 moribundum
373 3606 507 3670 vocatur,
530 3620 614 3676 quem
637 3602 716 3659 fama
736 3602 852 3659 ferebat
873 3601 972 3660 multis
993 3602 1148 3661 iniustitiis
1162 3604 1319 3661 obnoxium
1336 3624 1415 3662 osso:

95 3680 272 3758 implicatam
287 3681 350 3738 eius
366 3681 576 3739 conscientiam
592 3681 739 3740 extricare
760 3701 878 3739 revera
899 3702 957 3739 non
978 3687 1105 3757 poterat,
1128 3688 1258 3742 attamen
1280 3684 1416 3743 absolvit.

96 3785 268 3856 Qussarrun
291 3790 320 3845 1ο
346 3787 443 3845 sintne
465 3806 580 3846 errores
602 3787 738 3846 Abundio
760 3787 932 3864 imputandi.

290 3876 320 3933 2ο
345 3877 554 3951 peccaveritne
575 3877 714 3951 graviter.

290 3967 320 4024 3ο
345 3963 423 4023 sitne
444 3965 626 4025 restitutioni
649 3965 802 4024 obnoxius.

685 4134 820 4201 Salutio.

179 4267 233 4331 An
256 4286 448 4342 Quassrrrn
475 4269 511 4329 1¹¹¹
535 4266 573 4329 u.
594 4270 621 4332 l.
658 4268 694 4331 ln
719 4267 815 4331 dubio
839 4266 969 4347 quidem
993 4266 1162 4331 Abundius
1185 4269 1285 4333 fidere
1308 4269 1415 4351 potuit
1425 4291 1458 4343 27

94 4356 318 4440 approbationi
343 4375 438 4429 suae,
466 4355 583 4420 saltem
609 4356 636 4420 si
660 4357 723 4422 rite
747 4355 954 4421 examinatus
978 4356 1021 4421 sit
1045 4360 1078 4421 et
1102 4357 1209 4437 quoad
1234 4357 1413 4422 doctrinam

94 4444 254 4510 ordinario
279 4445 391 4509 eiusve
415 4444 608 4509 consiliariis
632 4450 737 4511 notus.
781 4445 812 4510 Si
838 4464 917 4508 vero
941 4443 1023 4508 satis
1054 4446 1246 4527 cognoverit
1275 4467 1310 4509 se
1340 4467 1414 4528 per·

93 4555 201 4616 peram
227 4554 299 4599 esse
322 4534 538 4617 approbatum
571 4538 604 4598 et
636 4555 671 4598 re
700 4534 773 4617 ipsa
802 4534 943 4597 nondum
973 4533 1141 4609 idoneum,
1173 4557 1211 4599 eo
1235 4534 1318 4615 quod
1349 4556 1413 4599 non
1463 4567 1465 4570 >

92 4624 193 4706 possit
216 4644 281 4687 non
304 4623 415 4706 plures
439 4622 643 4688 committere
659 4644 802 4687 errores:
827 4622 873 4687 illi
897 4642 1033 4700 errores,
1059 4644 1140 4704 quos
1164 4644 1205 4687 ex
1228 4623 1415 4703 ignorantia
