<?xml version="1.0" encoding="UTF-8"?>
<!DOCTYPE html PUBLIC "-//W3C//DTD XHTML 1.0 Transitional//EN"
    "http://www.w3.org/TR/xhtml1/DTD/xhtml1-transitional.dtd">
<html xmlns="http://www.w3.org/1999/xhtml" xml:lang="en" lang="en">
 <head>
  <title>
</title>
<meta http-equiv="Content-Type" content="text/html;charset=utf-8" />
  <meta name='ocr-system' content='tesseract 3.04.00' />
  <meta name='ocr-capabilities' content='ocr_page ocr_carea ocr_par ocr_line ocrx_word'/>
</head>
<body>
  <div class='ocr_page' id='page_1' title='image "./casusconscienti01lehmgoog_0433.png"; bbox 0 0 3106 5168; ppageno 0'>
   <div class='ocr_carea' id='block_1_1' title="bbox 204 294 1386 365">
    <p class='ocr_par' dir='ltr' id='par_1_1' title="bbox 204 294 1386 365">
     <span class='ocr_line' id='line_1_1' title="bbox 204 294 1386 365; baseline 0.001 -16"><span class='ocrx_word' id='word_1_1' title='bbox 204 294 357 349; x_wconf 75' lang='grc'><strong>’1161616116</strong></span> <span class='ocrx_word' id='word_1_2' title='bbox 375 295 425 349; x_wconf 87' lang='lat' dir='ltr'>iur.</span> <span class='ocrx_word' id='word_1_3' title='bbox 444 313 471 365; x_wconf 86' lang='lat' dir='ltr'>p.</span> <span class='ocrx_word' id='word_1_4' title='bbox 489 298 644 350; x_wconf 85' lang='lat' dir='ltr'>contractus</span> <span class='ocrx_word' id='word_1_5' title='bbox 662 325 696 334; x_wconf 91' lang='lat'><em>-</em></span> <span class='ocrx_word' id='word_1_6' title='bbox 716 299 800 349; x_wconf 87' lang='lat' dir='ltr'>contr.</span> <span class='ocrx_word' id='word_1_7' title='bbox 819 294 953 349; x_wconf 86' lang='lat' dir='ltr'>adiuncti:</span> <span class='ocrx_word' id='word_1_8' title='bbox 971 297 1066 349; x_wconf 77' lang='grc'><strong>11161166</strong></span> <span class='ocrx_word' id='word_1_9' title='bbox 1083 304 1106 348; x_wconf 83' lang='lat' dir='ltr'>et</span> <span class='ocrx_word' id='word_1_10' title='bbox 1124 298 1253 350; x_wconf 79' lang='lat' dir='ltr'>condicto.</span> <span class='ocrx_word' id='word_1_11' title='bbox 1322 300 1386 364; x_wconf 80' lang='grc'>417</span> 
     </span>
    </p>
   </div>
   <div class='ocr_carea' id='block_1_2' title="bbox 58 470 1449 4812">
    <p class='ocr_par' dir='ltr' id='par_1_2' title="bbox 64 470 1449 911">
     <span class='ocr_line' id='line_1_2' title="bbox 154 470 1449 548; baseline 0.002 -12"><span class='ocrx_word' id='word_1_12' title='bbox 154 470 471 547; x_wconf 67' lang='grc' dir='ltr'><strong>Α116111116111112*“</strong></span> <span class='ocrx_word' id='word_1_13' title='bbox 494 473 532 537; x_wconf 85' lang='lat' dir='ltr'>R.</span> <span class='ocrx_word' id='word_1_14' title='bbox 560 475 588 537; x_wconf 93' lang='lat' dir='ltr'>l.</span> <span class='ocrx_word' id='word_1_15' title='bbox 635 472 727 548; x_wconf 92' lang='lat' dir='ltr'>Quod</span> <span class='ocrx_word' id='word_1_16' title='bbox 750 471 792 536; x_wconf 89' lang='lat' dir='ltr'>ad</span> <span class='ocrx_word' id='word_1_17' title='bbox 815 472 904 537; x_wconf 88' lang='lat' dir='ltr'>illam</span> <span class='ocrx_word' id='word_1_18' title='bbox 928 472 1167 537; x_wconf 89' lang='lat' dir='ltr'>adiunctionem</span> <span class='ocrx_word' id='word_1_19' title='bbox 1191 473 1233 537; x_wconf 89' lang='lat' dir='ltr'>ad</span> <span class='ocrx_word' id='word_1_20' title='bbox 1256 473 1449 539; x_wconf 81' lang='lat' dir='ltr'>franco-825</span> 
     </span>
     <span class='ocr_line' id='line_1_3' title="bbox 64 560 1388 644; baseline 0.002 -20"><span class='ocrx_word' id='word_1_21' title='bbox 64 561 227 625; x_wconf 89' lang='lat' dir='ltr'>murarios</span> <span class='ocrx_word' id='word_1_22' title='bbox 249 560 387 638; x_wconf 78' lang='lat' dir='ltr'>attinet,</span> <span class='ocrx_word' id='word_1_23' title='bbox 411 562 492 626; x_wconf 88' lang='lat' dir='ltr'>haec</span> <span class='ocrx_word' id='word_1_24' title='bbox 516 560 677 638; x_wconf 91' lang='lat' dir='ltr'>condicio,</span> <span class='ocrx_word' id='word_1_25' title='bbox 701 564 816 643; x_wconf 77' lang='lat' dir='ltr'>utpote</span> <span class='ocrx_word' id='word_1_26' title='bbox 839 560 945 644; x_wconf 88' lang='lat' dir='ltr'>turpia</span> <span class='ocrx_word' id='word_1_27' title='bbox 969 566 1003 627; x_wconf 92' lang='lat' dir='ltr'>et</span> <span class='ocrx_word' id='word_1_28' title='bbox 1026 562 1066 625; x_wconf 91' lang='lat' dir='ltr'>dc</span> <span class='ocrx_word' id='word_1_29' title='bbox 1088 582 1125 625; x_wconf 90' lang='lat' dir='ltr'>re</span> <span class='ocrx_word' id='word_1_30' title='bbox 1148 562 1322 644; x_wconf 88' lang='lat' dir='ltr'>prohibita,</span> <span class='ocrx_word' id='word_1_31' title='bbox 1353 562 1388 626; x_wconf 91' lang='lat' dir='ltr'>in</span> 
     </span>
     <span class='ocr_line' id='line_1_4' title="bbox 65 649 1387 732; baseline 0.002 -19"><span class='ocrx_word' id='word_1_32' title='bbox 65 650 147 714; x_wconf 90' lang='lat' dir='ltr'>locis</span> <span class='ocrx_word' id='word_1_33' title='bbox 170 650 225 714; x_wconf 93' lang='lat' dir='ltr'>ubi</span> <span class='ocrx_word' id='word_1_34' title='bbox 256 649 307 714; x_wconf 93' lang='lat' dir='ltr'>ius</span> <span class='ocrx_word' id='word_1_35' title='bbox 330 650 422 715; x_wconf 89' lang='lat' dir='ltr'>Rom.</span> <span class='ocrx_word' id='word_1_36' title='bbox 447 651 500 714; x_wconf 90' lang='lat' dir='ltr'>vel</span> <span class='ocrx_word' id='word_1_37' title='bbox 517 651 726 715; x_wconf 80' lang='lat' dir='ltr'>Austriacum</span> <span class='ocrx_word' id='word_1_38' title='bbox 751 650 803 714; x_wconf 90' lang='lat' dir='ltr'>vel</span> <span class='ocrx_word' id='word_1_39' title='bbox 828 650 942 715; x_wconf 83' lang='lat' dir='ltr'>Gallie.</span> <span class='ocrx_word' id='word_1_40' title='bbox 966 650 1113 714; x_wconf 90' lang='lat' dir='ltr'>simileve</span> <span class='ocrx_word' id='word_1_41' title='bbox 1136 649 1187 714; x_wconf 89' lang='lat' dir='ltr'>ius</span> <span class='ocrx_word' id='word_1_42' title='bbox 1210 651 1387 732; x_wconf 89' lang='lat' dir='ltr'>positivum</span> 
     </span>
     <span class='ocr_line' id='line_1_5' title="bbox 64 738 1387 823; baseline 0.002 -20"><span class='ocrx_word' id='word_1_43' title='bbox 64 743 230 814; x_wconf 86' lang='lat' dir='ltr'>servatur,</span> <span class='ocrx_word' id='word_1_44' title='bbox 254 760 313 821; x_wconf 92' lang='lat' dir='ltr'>pro</span> <span class='ocrx_word' id='word_1_45' title='bbox 329 759 393 802; x_wconf 92' lang='lat' dir='ltr'>uon</span> <span class='ocrx_word' id='word_1_46' title='bbox 410 739 539 804; x_wconf 87' lang='lat' dir='ltr'>adiecta</span> <span class='ocrx_word' id='word_1_47' title='bbox 555 739 705 804; x_wconf 88' lang='lat' dir='ltr'>habenda</span> <span class='ocrx_word' id='word_1_48' title='bbox 728 743 789 804; x_wconf 89' lang='lat' dir='ltr'>est.</span> <span class='ocrx_word' id='word_1_49' title='bbox 821 738 936 821; x_wconf 83' lang='lat' dir='ltr'>Neque</span> <span class='ocrx_word' id='word_1_50' title='bbox 952 743 1086 823; x_wconf 89' lang='lat' dir='ltr'>propter</span> <span class='ocrx_word' id='word_1_51' title='bbox 1106 758 1180 803; x_wconf 90' lang='lat' dir='ltr'>eam</span> <span class='ocrx_word' id='word_1_52' title='bbox 1202 740 1387 820; x_wconf 83' lang='lat' dir='ltr'>neglectam</span> 
     </span>
     <span class='ocr_line' id='line_1_6' title="bbox 64 827 1123 911; baseline -0.001 -19"><span class='ocrx_word' id='word_1_53' title='bbox 64 848 168 911; x_wconf 90' lang='lat' dir='ltr'>nepos</span> <span class='ocrx_word' id='word_1_54' title='bbox 191 828 265 892; x_wconf 90' lang='lat' dir='ltr'>Rufi</span> <span class='ocrx_word' id='word_1_55' title='bbox 288 827 471 910; x_wconf 81' lang='lat' dir='ltr'>privabitur</span> <span class='ocrx_word' id='word_1_56' title='bbox 492 829 562 892; x_wconf 93' lang='lat' dir='ltr'>iure</span> <span class='ocrx_word' id='word_1_57' title='bbox 585 849 644 893; x_wconf 90' lang='lat' dir='ltr'>suo</span> <span class='ocrx_word' id='word_1_58' title='bbox 668 828 844 911; x_wconf 88' lang='lat' dir='ltr'>recipiendi</span> <span class='ocrx_word' id='word_1_59' title='bbox 867 828 942 892; x_wconf 90' lang='lat' dir='ltr'>doni</span> <span class='ocrx_word' id='word_1_60' title='bbox 965 827 1123 911; x_wconf 88' lang='lat' dir='ltr'>stipulati.</span> 
     </span>
    </p>

    <p class='ocr_par' dir='ltr' id='par_1_3' title="bbox 62 915 1388 1535">
     <span class='ocr_line' id='line_1_7' title="bbox 155 915 1387 1000; baseline -0.001 -19"><span class='ocrx_word' id='word_1_61' title='bbox 155 917 202 983; x_wconf 86' lang='lat' dir='ltr'>At</span> <span class='ocrx_word' id='word_1_62' title='bbox 231 915 285 981; x_wconf 92' lang='lat' dir='ltr'>ubi</span> <span class='ocrx_word' id='word_1_63' title='bbox 309 916 465 981; x_wconf 90' lang='lat' dir='ltr'>eiusmodi</span> <span class='ocrx_word' id='word_1_64' title='bbox 495 917 585 999; x_wconf 85' lang='lat' dir='ltr'>leges</span> <span class='ocrx_word' id='word_1_65' title='bbox 614 917 776 1000; x_wconf 84' lang='lat' dir='ltr'>positivae</span> <span class='ocrx_word' id='word_1_66' title='bbox 806 938 870 980; x_wconf 92' lang='lat' dir='ltr'>non</span> <span class='ocrx_word' id='word_1_67' title='bbox 894 917 1024 998; x_wconf 81' lang='lat' dir='ltr'>vigent,</span> <span class='ocrx_word' id='word_1_68' title='bbox 1055 916 1112 981; x_wconf 90' lang='lat' dir='ltr'>sed</span> <span class='ocrx_word' id='word_1_69' title='bbox 1143 937 1185 981; x_wconf 86' lang='lat' dir='ltr'>ex</span> <span class='ocrx_word' id='word_1_70' title='bbox 1217 917 1287 981; x_wconf 89' lang='lat' dir='ltr'>solo</span> <span class='ocrx_word' id='word_1_71' title='bbox 1316 916 1387 981; x_wconf 89' lang='lat' dir='ltr'>iure</span> 
     </span>
     <span class='ocr_line' id='line_1_8' title="bbox 65 1004 1388 1087; baseline 0 -17"><span class='ocrx_word' id='word_1_72' title='bbox 65 1009 206 1071; x_wconf 91' lang='lat' dir='ltr'>naturae</span> <span class='ocrx_word' id='word_1_73' title='bbox 228 1026 282 1070; x_wconf 87' lang='grc'>166</span> <span class='ocrx_word' id='word_1_74' title='bbox 306 1004 409 1070; x_wconf 89' lang='lat' dir='ltr'>decidi</span> <span class='ocrx_word' id='word_1_75' title='bbox 433 1006 545 1083; x_wconf 88' lang='lat' dir='ltr'>debet,</span> <span class='ocrx_word' id='word_1_76' title='bbox 576 1010 674 1087; x_wconf 86' lang='lat' dir='ltr'>atque</span> <span class='ocrx_word' id='word_1_77' title='bbox 698 1007 797 1072; x_wconf 89' lang='lat' dir='ltr'>etiarn</span> <span class='ocrx_word' id='word_1_78' title='bbox 821 1005 908 1071; x_wconf 89' lang='lat' dir='ltr'>intra</span> <span class='ocrx_word' id='word_1_79' title='bbox 930 1007 1011 1070; x_wconf 89' lang='lat' dir='ltr'>fines</span> <span class='ocrx_word' id='word_1_80' title='bbox 1034 1006 1113 1070; x_wconf 90' lang='lat' dir='ltr'>iuris</span> <span class='ocrx_word' id='word_1_81' title='bbox 1138 1004 1283 1081; x_wconf 81' lang='lat' dir='ltr'>Germ,</span> <span class='ocrx_word' id='word_1_82' title='bbox 1314 1008 1388 1072; x_wconf 92' lang='lat' dir='ltr'>tota</span> 
     </span>
     <span class='ocr_line' id='line_1_9' title="bbox 65 1093 1388 1177; baseline 0.002 -19"><span class='ocrx_word' id='word_1_83' title='bbox 65 1095 124 1159; x_wconf 87' lang='lat' dir='ltr'>illa</span> <span class='ocrx_word' id='word_1_84' title='bbox 147 1094 280 1158; x_wconf 92' lang='lat' dir='ltr'>donatio</span> <span class='ocrx_word' id='word_1_85' title='bbox 303 1115 361 1177; x_wconf 93' lang='lat' dir='ltr'>pro</span> <span class='ocrx_word' id='word_1_86' title='bbox 391 1094 484 1159; x_wconf 92' lang='lat' dir='ltr'>irrita</span> <span class='ocrx_word' id='word_1_87' title='bbox 515 1094 664 1159; x_wconf 89' lang='lat' dir='ltr'>habenda</span> <span class='ocrx_word' id='word_1_88' title='bbox 687 1100 753 1172; x_wconf 92' lang='lat' dir='ltr'>est,</span> <span class='ocrx_word' id='word_1_89' title='bbox 788 1093 815 1158; x_wconf 91' lang='grc'>61</span> <span class='ocrx_word' id='word_1_90' title='bbox 838 1115 874 1158; x_wconf 89' lang='grc'>16</span> <span class='ocrx_word' id='word_1_91' title='bbox 898 1115 977 1159; x_wconf 90' lang='lat' dir='ltr'>vera</span> <span class='ocrx_word' id='word_1_92' title='bbox 1000 1093 1105 1159; x_wconf 87' lang='lat' dir='ltr'>Rufus</span> <span class='ocrx_word' id='word_1_93' title='bbox 1137 1094 1234 1159; x_wconf 88' lang='lat' dir='ltr'>istam</span> <span class='ocrx_word' id='word_1_94' title='bbox 1258 1115 1326 1158; x_wconf 89' lang='lat' dir='ltr'>rern</span> <span class='ocrx_word' id='word_1_95' title='bbox 1350 1098 1388 1160; x_wconf 91' lang='lat' dir='ltr'>ut</span> 
     </span>
     <span class='ocr_line' id='line_1_10' title="bbox 65 1182 1386 1266; baseline 0.001 -19"><span class='ocrx_word' id='word_1_96' title='bbox 65 1183 288 1248; x_wconf 88' lang='lat' dir='ltr'>condicionem</span> <span class='ocrx_word' id='word_1_97' title='bbox 311 1183 461 1264; x_wconf 83' lang='lat' dir='ltr'>sineque</span> <span class='ocrx_word' id='word_1_98' title='bbox 477 1204 541 1247; x_wconf 93' lang='lat' dir='ltr'>non</span> <span class='ocrx_word' id='word_1_99' title='bbox 556 1183 679 1250; x_wconf 87' lang='lat' dir='ltr'>habuit.</span> <span class='ocrx_word' id='word_1_100' title='bbox 696 1220 739 1228; x_wconf 87' lang='lat'><strong>—</strong></span> <span class='ocrx_word' id='word_1_101' title='bbox 760 1182 961 1265; x_wconf 89' lang='lat' dir='ltr'>Quamquam</span> <span class='ocrx_word' id='word_1_102' title='bbox 985 1183 1018 1247; x_wconf 93' lang='lat' dir='ltr'>in</span> <span class='ocrx_word' id='word_1_103' title='bbox 1033 1182 1169 1266; x_wconf 91' lang='lat' dir='ltr'>imperio</span> <span class='ocrx_word' id='word_1_104' title='bbox 1182 1182 1386 1258; x_wconf 78' lang='lat' dir='ltr'>Germaniae,</span> 
     </span>
     <span class='ocr_line' id='line_1_11' title="bbox 66 1271 1387 1356; baseline 0.001 -21"><span class='ocrx_word' id='word_1_105' title='bbox 66 1273 121 1337; x_wconf 87' lang='lat' dir='ltr'>ubi</span> <span class='ocrx_word' id='word_1_106' title='bbox 136 1274 191 1338; x_wconf 83' lang='lat' dir='ltr'>lex</span> <span class='ocrx_word' id='word_1_107' title='bbox 207 1272 482 1336; x_wconf 89' lang='lat' dir='ltr'>francomurarios</span> <span class='ocrx_word' id='word_1_108' title='bbox 497 1272 671 1356; x_wconf 90' lang='lat' dir='ltr'>prohibens</span> <span class='ocrx_word' id='word_1_109' title='bbox 687 1293 751 1337; x_wconf 94' lang='lat' dir='ltr'>non</span> <span class='ocrx_word' id='word_1_110' title='bbox 768 1272 970 1350; x_wconf 89' lang='lat' dir='ltr'>observatur,</span> <span class='ocrx_word' id='word_1_111' title='bbox 992 1272 1049 1336; x_wconf 85' lang='lat' dir='ltr'>vix</span> <span class='ocrx_word' id='word_1_112' title='bbox 1064 1272 1148 1336; x_wconf 87' lang='lat' dir='ltr'>hanc</span> <span class='ocrx_word' id='word_1_113' title='bbox 1164 1271 1387 1337; x_wconf 90' lang='lat' dir='ltr'>condicionem</span> 
     </span>
     <span class='ocr_line' id='line_1_12' title="bbox 65 1360 1387 1445; baseline -0.001 -20"><span class='ocrx_word' id='word_1_114' title='bbox 65 1365 103 1426; x_wconf 95' lang='lat' dir='ltr'>ut</span> <span class='ocrx_word' id='word_1_115' title='bbox 126 1365 254 1444; x_wconf 85' lang='lat' dir='ltr'>turpem</span> <span class='ocrx_word' id='word_1_116' title='bbox 279 1360 496 1426; x_wconf 90' lang='lat' dir='ltr'>considerant.</span> <span class='ocrx_word' id='word_1_117' title='bbox 542 1362 588 1426; x_wconf 83' lang='lat' dir='ltr'>At</span> <span class='ocrx_word' id='word_1_118' title='bbox 610 1361 644 1425; x_wconf 93' lang='lat' dir='ltr'>in</span> <span class='ocrx_word' id='word_1_119' title='bbox 666 1361 727 1426; x_wconf 92' lang='lat' dir='ltr'>hoc</span> <span class='ocrx_word' id='word_1_120' title='bbox 751 1381 830 1427; x_wconf 90' lang='lat' dir='ltr'>casu</span> <span class='ocrx_word' id='word_1_121' title='bbox 852 1366 986 1445; x_wconf 90' lang='lat' dir='ltr'>propter</span> <span class='ocrx_word' id='word_1_122' title='bbox 1006 1363 1218 1426; x_wconf 84' lang='lat' dir='ltr'>condicionem</span> <span class='ocrx_word' id='word_1_123' title='bbox 1242 1384 1305 1426; x_wconf 82' lang='lat' dir='ltr'>non</span> <span class='ocrx_word' id='word_1_124' title='bbox 1331 1364 1387 1426; x_wconf 86' lang='lat' dir='ltr'>im-</span> 
     </span>
     <span class='ocr_line' id='line_1_13' title="bbox 62 1449 654 1535; baseline 0 -19"><span class='ocrx_word' id='word_1_125' title='bbox 62 1454 180 1535; x_wconf 79' lang='lat' dir='ltr'>pletam</span> <span class='ocrx_word' id='word_1_126' title='bbox 205 1449 338 1515; x_wconf 89' lang='lat' dir='ltr'>donatio</span> <span class='ocrx_word' id='word_1_127' title='bbox 361 1471 440 1515; x_wconf 89' lang='lat' dir='ltr'>sane</span> <span class='ocrx_word' id='word_1_128' title='bbox 463 1449 654 1516; x_wconf 90' lang='lat' dir='ltr'>irritabitur.</span> 
     </span>
    </p>

    <p class='ocr_par' dir='ltr' id='par_1_4' title="bbox 64 1538 1387 2050">
     <span class='ocr_line' id='line_1_14' title="bbox 156 1538 1386 1622; baseline 0.001 -19"><span class='ocrx_word' id='word_1_129' title='bbox 156 1539 190 1604; x_wconf 86' lang='lat' dir='ltr'>Si</span> <span class='ocrx_word' id='word_1_130' title='bbox 215 1539 342 1603; x_wconf 93' lang='lat' dir='ltr'>demum</span> <span class='ocrx_word' id='word_1_131' title='bbox 367 1538 440 1603; x_wconf 90' lang='lat' dir='ltr'>Rufi</span> <span class='ocrx_word' id='word_1_132' title='bbox 463 1560 564 1621; x_wconf 90' lang='lat' dir='ltr'>nepos</span> <span class='ocrx_word' id='word_1_133' title='bbox 594 1560 629 1604; x_wconf 90' lang='lat' dir='ltr'>re</span> <span class='ocrx_word' id='word_1_134' title='bbox 653 1559 734 1604; x_wconf 88' lang='lat' dir='ltr'>vera</span> <span class='ocrx_word' id='word_1_135' title='bbox 757 1538 978 1604; x_wconf 90' lang='lat' dir='ltr'>condicionem</span> <span class='ocrx_word' id='word_1_136' title='bbox 1001 1539 1165 1622; x_wconf 89' lang='lat' dir='ltr'>peccando</span> <span class='ocrx_word' id='word_1_137' title='bbox 1189 1538 1386 1621; x_wconf 87' lang='lat' dir='ltr'>impleverit,</span> 
     </span>
     <span class='ocr_line' id='line_1_15' title="bbox 66 1627 1386 1711; baseline 0.001 -20"><span class='ocrx_word' id='word_1_138' title='bbox 66 1627 221 1692; x_wconf 81' lang='lat' dir='ltr'>existimo</span> <span class='ocrx_word' id='word_1_139' title='bbox 245 1649 317 1692; x_wconf 91' lang='lat' dir='ltr'>eum</span> <span class='ocrx_word' id='word_1_140' title='bbox 342 1627 441 1692; x_wconf 90' lang='lat' dir='ltr'>etiam</span> <span class='ocrx_word' id='word_1_141' title='bbox 465 1628 519 1704; x_wconf 91' lang='lat' dir='ltr'>ibi,</span> <span class='ocrx_word' id='word_1_142' title='bbox 544 1628 598 1692; x_wconf 94' lang='lat' dir='ltr'>ubi</span> <span class='ocrx_word' id='word_1_143' title='bbox 623 1628 768 1694; x_wconf 92' lang='lat' dir='ltr'>condicio</span> <span class='ocrx_word' id='word_1_144' title='bbox 784 1628 848 1692; x_wconf 90' lang='lat' dir='ltr'>ista</span> <span class='ocrx_word' id='word_1_145' title='bbox 865 1648 926 1710; x_wconf 90' lang='lat' dir='ltr'>pro</span> <span class='ocrx_word' id='word_1_146' title='bbox 949 1627 1037 1711; x_wconf 92' lang='lat' dir='ltr'>turpi</span> <span class='ocrx_word' id='word_1_147' title='bbox 1057 1631 1156 1709; x_wconf 90' lang='lat' dir='ltr'>atque</span> <span class='ocrx_word' id='word_1_148' title='bbox 1180 1632 1386 1693; x_wconf 90' lang='lat' dir='ltr'>contractum</span> 
     </span>
     <span class='ocr_line' id='line_1_16' title="bbox 64 1716 1385 1800; baseline 0.002 -21"><span class='ocrx_word' id='word_1_149' title='bbox 64 1716 210 1782; x_wconf 89' lang='lat' dir='ltr'>irritanti</span> <span class='ocrx_word' id='word_1_150' title='bbox 232 1716 388 1792; x_wconf 89' lang='lat' dir='ltr'>habetur,</span> <span class='ocrx_word' id='word_1_151' title='bbox 421 1716 454 1780; x_wconf 92' lang='lat' dir='ltr'>in</span> <span class='ocrx_word' id='word_1_152' title='bbox 484 1716 697 1798; x_wconf 83' lang='lat' dir='ltr'>acquisitione</span> <span class='ocrx_word' id='word_1_153' title='bbox 728 1722 762 1782; x_wconf 91' lang='lat' dir='ltr'>et</span> <span class='ocrx_word' id='word_1_154' title='bbox 794 1716 999 1800; x_wconf 86' lang='lat' dir='ltr'>possessione</span> <span class='ocrx_word' id='word_1_155' title='bbox 1023 1716 1098 1780; x_wconf 92' lang='lat' dir='ltr'>doni</span> <span class='ocrx_word' id='word_1_156' title='bbox 1122 1737 1254 1780; x_wconf 86' lang='lat' dir='ltr'>nianere</span> <span class='ocrx_word' id='word_1_157' title='bbox 1278 1737 1385 1799; x_wconf 89' lang='lat' dir='ltr'>posse,</span> 
     </span>
     <span class='ocr_line' id='line_1_17' title="bbox 66 1805 1386 1889; baseline 0.002 -21"><span class='ocrx_word' id='word_1_158' title='bbox 66 1805 170 1870; x_wconf 91' lang='lat' dir='ltr'>donec</span> <span class='ocrx_word' id='word_1_159' title='bbox 193 1805 326 1869; x_wconf 89' lang='lat' dir='ltr'>iuridice</span> <span class='ocrx_word' id='word_1_160' title='bbox 349 1827 413 1869; x_wconf 95' lang='lat' dir='ltr'>non</span> <span class='ocrx_word' id='word_1_161' title='bbox 438 1805 638 1872; x_wconf 89' lang='lat' dir='ltr'>deturbetur.</span> <span class='ocrx_word' id='word_1_162' title='bbox 686 1805 771 1870; x_wconf 90' lang='lat' dir='ltr'>Nam</span> <span class='ocrx_word' id='word_1_163' title='bbox 796 1805 859 1870; x_wconf 89' lang='lat' dir='ltr'>etsi</span> <span class='ocrx_word' id='word_1_164' title='bbox 883 1805 1015 1869; x_wconf 90' lang='lat' dir='ltr'>donatio</span> <span class='ocrx_word' id='word_1_165' title='bbox 1040 1826 1103 1870; x_wconf 94' lang='lat' dir='ltr'>non</span> <span class='ocrx_word' id='word_1_166' title='bbox 1128 1806 1240 1871; x_wconf 89' lang='lat' dir='ltr'>valeat</span> <span class='ocrx_word' id='word_1_167' title='bbox 1263 1806 1297 1868; x_wconf 91' lang='lat' dir='ltr'>vi</span> <span class='ocrx_word' id='word_1_168' title='bbox 1320 1805 1386 1889; x_wconf 91' lang='lat' dir='ltr'>pri·</span> 
     </span>
     <span class='ocr_line' id='line_1_18' title="bbox 65 1893 1387 1977; baseline 0.001 -20"><span class='ocrx_word' id='word_1_169' title='bbox 65 1893 172 1958; x_wconf 83' lang='lat' dir='ltr'>initivi</span> <span class='ocrx_word' id='word_1_170' title='bbox 197 1898 394 1971; x_wconf 88' lang='lat' dir='ltr'>contractus,</span> <span class='ocrx_word' id='word_1_171' title='bbox 419 1894 530 1959; x_wconf 90' lang='lat' dir='ltr'>valere</span> <span class='ocrx_word' id='word_1_172' title='bbox 552 1899 663 1960; x_wconf 90' lang='lat' dir='ltr'>tamen</span> <span class='ocrx_word' id='word_1_173' title='bbox 687 1897 880 1959; x_wconf 82' lang='lat' dir='ltr'>naturaliter</span> <span class='ocrx_word' id='word_1_174' title='bbox 895 1898 1005 1976; x_wconf 88' lang='lat' dir='ltr'>potest</span> <span class='ocrx_word' id='word_1_175' title='bbox 1027 1897 1103 1977; x_wconf 90' lang='lat' dir='ltr'>post</span> <span class='ocrx_word' id='word_1_176' title='bbox 1117 1893 1286 1976; x_wconf 84' lang='lat' dir='ltr'>impletam</span> <span class='ocrx_word' id='word_1_177' title='bbox 1310 1916 1387 1958; x_wconf 89' lang='lat' dir='ltr'>con-</span> 
     </span>
     <span class='ocr_line' id='line_1_19' title="bbox 67 1982 476 2050; baseline 0.007 -3"><span class='ocrx_word' id='word_1_178' title='bbox 67 1982 225 2048; x_wconf 90' lang='lat' dir='ltr'>dicionem</span> <span class='ocrx_word' id='word_1_179' title='bbox 251 1982 317 2048; x_wconf 88' lang='lat' dir='ltr'>alia</span> <span class='ocrx_word' id='word_1_180' title='bbox 339 1983 476 2050; x_wconf 89' lang='lat' dir='ltr'>ratione.</span> 
     </span>
    </p>

    <p class='ocr_par' dir='ltr' id='par_1_5' title="bbox 64 2070 1387 2597">
     <span class='ocr_line' id='line_1_20' title="bbox 156 2070 1385 2154; baseline 0.001 -19"><span class='ocrx_word' id='word_1_181' title='bbox 156 2070 374 2136; x_wconf 88' lang='lat' dir='ltr'>Nihilominus</span> <span class='ocrx_word' id='word_1_182' title='bbox 397 2092 498 2154; x_wconf 91' lang='lat' dir='ltr'>nepos</span> <span class='ocrx_word' id='word_1_183' title='bbox 520 2071 575 2136; x_wconf 96' lang='grc'><strong>1116</strong></span> <span class='ocrx_word' id='word_1_184' title='bbox 598 2092 728 2154; x_wconf 90' lang='lat' dir='ltr'>semper</span> <span class='ocrx_word' id='word_1_185' title='bbox 750 2075 882 2136; x_wconf 89' lang='lat' dir='ltr'>tenetur</span> <span class='ocrx_word' id='word_1_186' title='bbox 898 2070 1163 2135; x_wconf 84' lang='lat' dir='ltr'>francomurariis</span> <span class='ocrx_word' id='word_1_187' title='bbox 1186 2071 1385 2149; x_wconf 90' lang='lat' dir='ltr'>renuntiare,</span> 
     </span>
     <span class='ocr_line' id='line_1_21' title="bbox 66 2158 1387 2241; baseline -0.001 -16"><span class='ocrx_word' id='word_1_188' title='bbox 66 2159 130 2226; x_wconf 90' lang='lat' dir='ltr'>etsi</span> <span class='ocrx_word' id='word_1_189' title='bbox 154 2160 250 2225; x_wconf 91' lang='lat' dir='ltr'>simul</span> <span class='ocrx_word' id='word_1_190' title='bbox 281 2161 470 2226; x_wconf 89' lang='lat' dir='ltr'>renuntiare</span> <span class='ocrx_word' id='word_1_191' title='bbox 503 2161 621 2227; x_wconf 90' lang='lat' dir='ltr'>debeat</span> <span class='ocrx_word' id='word_1_192' title='bbox 650 2160 705 2225; x_wconf 89' lang='lat' dir='ltr'>isti</span> <span class='ocrx_word' id='word_1_193' title='bbox 736 2160 829 2226; x_wconf 92' lang='lat' dir='ltr'>dono.</span> <span class='ocrx_word' id='word_1_194' title='bbox 876 2159 978 2224; x_wconf 92' lang='lat' dir='ltr'>Immo</span> <span class='ocrx_word' id='word_1_195' title='bbox 1009 2158 1108 2224; x_wconf 86' lang='lat' dir='ltr'>etiarn</span> <span class='ocrx_word' id='word_1_196' title='bbox 1139 2160 1193 2224; x_wconf 94' lang='lat' dir='ltr'>ubi</span> <span class='ocrx_word' id='word_1_197' title='bbox 1224 2160 1263 2224; x_wconf 93' lang='lat' dir='ltr'>ob</span> <span class='ocrx_word' id='word_1_198' title='bbox 1296 2160 1387 2241; x_wconf 86' lang='lat' dir='ltr'>leges</span> 
     </span>
     <span class='ocr_line' id='line_1_22' title="bbox 64 2248 1387 2333; baseline -0.002 -19"><span class='ocrx_word' id='word_1_199' title='bbox 64 2249 227 2333; x_wconf 80' lang='lat' dir='ltr'>positivae</span> <span class='ocrx_word' id='word_1_200' title='bbox 257 2249 477 2314; x_wconf 92' lang='lat' dir='ltr'>condicionem</span> <span class='ocrx_word' id='word_1_201' title='bbox 513 2249 603 2314; x_wconf 92' lang='lat' dir='ltr'>illam</span> <span class='ocrx_word' id='word_1_202' title='bbox 634 2249 813 2330; x_wconf 83' lang='lat' dir='ltr'>neglegens</span> <span class='ocrx_word' id='word_1_203' title='bbox 850 2249 968 2313; x_wconf 90' lang='lat' dir='ltr'>donum</span> <span class='ocrx_word' id='word_1_204' title='bbox 998 2248 1146 2330; x_wconf 88' lang='lat' dir='ltr'>accipere</span> <span class='ocrx_word' id='word_1_205' title='bbox 1182 2253 1216 2315; x_wconf 90' lang='lat' dir='ltr'>et</span> <span class='ocrx_word' id='word_1_206' title='bbox 1245 2248 1387 2313; x_wconf 89' lang='lat' dir='ltr'>retinere</span> 
     </span>
     <span class='ocr_line' id='line_1_23' title="bbox 66 2336 1386 2421; baseline -0.002 -18"><span class='ocrx_word' id='word_1_207' title='bbox 66 2342 193 2421; x_wconf 86' lang='lat' dir='ltr'>potest:</span> <span class='ocrx_word' id='word_1_208' title='bbox 218 2339 416 2402; x_wconf 86' lang='lat' dir='ltr'>considerari</span> <span class='ocrx_word' id='word_1_209' title='bbox 439 2339 545 2412; x_wconf 89' lang='lat' dir='ltr'>debet,</span> <span class='ocrx_word' id='word_1_210' title='bbox 570 2359 646 2402; x_wconf 90' lang='lat' dir='ltr'>num</span> <span class='ocrx_word' id='word_1_211' title='bbox 670 2342 805 2421; x_wconf 90' lang='lat' dir='ltr'>propter</span> <span class='ocrx_word' id='word_1_212' title='bbox 827 2338 1015 2403; x_wconf 87' lang='lat' dir='ltr'>scandalum</span> <span class='ocrx_word' id='word_1_213' title='bbox 1039 2336 1125 2402; x_wconf 93' lang='lat' dir='ltr'>forte</span> <span class='ocrx_word' id='word_1_214' title='bbox 1148 2337 1305 2401; x_wconf 92' lang='lat' dir='ltr'>oriturum</span> <span class='ocrx_word' id='word_1_215' title='bbox 1331 2358 1386 2402; x_wconf 90' lang='lat' dir='ltr'>ac-</span> 
     </span>
     <span class='ocr_line' id='line_1_24' title="bbox 66 2425 1386 2511; baseline 0 -20"><span class='ocrx_word' id='word_1_216' title='bbox 66 2427 176 2510; x_wconf 90' lang='lat' dir='ltr'>cipere</span> <span class='ocrx_word' id='word_1_217' title='bbox 199 2429 300 2492; x_wconf 83' lang='lat' dir='ltr'>liccnt.</span> <span class='ocrx_word' id='word_1_218' title='bbox 347 2426 466 2502; x_wconf 85' lang='lat' dir='ltr'>Quodsi</span> <span class='ocrx_word' id='word_1_219' title='bbox 490 2428 600 2511; x_wconf 90' lang='lat' dir='ltr'>nepoti</span> <span class='ocrx_word' id='word_1_220' title='bbox 624 2449 687 2491; x_wconf 92' lang='lat' dir='ltr'>non</span> <span class='ocrx_word' id='word_1_221' title='bbox 711 2427 818 2505; x_wconf 88' lang='lat' dir='ltr'>liceat,</span> <span class='ocrx_word' id='word_1_222' title='bbox 844 2427 885 2491; x_wconf 89' lang='lat' dir='ltr'>ab</span> <span class='ocrx_word' id='word_1_223' title='bbox 909 2446 947 2491; x_wconf 90' lang='lat' dir='ltr'>eo</span> <span class='ocrx_word' id='word_1_224' title='bbox 970 2430 1081 2491; x_wconf 91' lang='lat' dir='ltr'>tamen</span> <span class='ocrx_word' id='word_1_225' title='bbox 1098 2425 1287 2509; x_wconf 86' lang='lat' dir='ltr'>accipiatur,</span> <span class='ocrx_word' id='word_1_226' title='bbox 1311 2447 1386 2508; x_wconf 89' lang='lat' dir='ltr'>pec·</span> 
     </span>
     <span class='ocr_line' id='line_1_25' title="bbox 66 2516 1052 2597; baseline -0.002 -17"><span class='ocrx_word' id='word_1_227' title='bbox 66 2520 122 2581; x_wconf 89' lang='lat' dir='ltr'>cat</span> <span class='ocrx_word' id='word_1_228' title='bbox 146 2516 285 2597; x_wconf 87' lang='lat' dir='ltr'>quidem,</span> <span class='ocrx_word' id='word_1_229' title='bbox 311 2516 368 2580; x_wconf 88' lang='lat' dir='ltr'>sed</span> <span class='ocrx_word' id='word_1_230' title='bbox 390 2539 454 2579; x_wconf 78' lang='lat' dir='ltr'>rica</span> <span class='ocrx_word' id='word_1_231' title='bbox 478 2526 587 2581; x_wconf 81' lang='lat' dir='ltr'>contra</span> <span class='ocrx_word' id='word_1_232' title='bbox 611 2519 767 2581; x_wconf 81' lang='lat' dir='ltr'>iustitiam</span> <span class='ocrx_word' id='word_1_233' title='bbox 790 2517 1052 2580; x_wconf 82' lang='lat' dir='ltr'>commutatirom.</span> 
     </span>
    </p>

    <p class='ocr_par' dir='ltr' id='par_1_6' title="bbox 64 2603 1449 3132">
     <span class='ocr_line' id='line_1_26' title="bbox 156 2603 1449 2682; baseline 0.002 -14"><span class='ocrx_word' id='word_1_234' title='bbox 156 2606 195 2670; x_wconf 82' lang='lat' dir='ltr'>R.</span> <span class='ocrx_word' id='word_1_235' title='bbox 221 2608 250 2670; x_wconf 84' lang='lat'>2.</span> <span class='ocrx_word' id='word_1_236' title='bbox 298 2605 389 2680; x_wconf 91' lang='lat' dir='ltr'>Quod</span> <span class='ocrx_word' id='word_1_237' title='bbox 412 2604 532 2671; x_wconf 87' lang='lat' dir='ltr'>attinet</span> <span class='ocrx_word' id='word_1_238' title='bbox 555 2605 597 2670; x_wconf 89' lang='lat' dir='ltr'>ad</span> <span class='ocrx_word' id='word_1_239' title='bbox 620 2605 862 2671; x_wconf 89' lang='lat' dir='ltr'>matrimonium</span> <span class='ocrx_word' id='word_1_240' title='bbox 886 2625 958 2668; x_wconf 92' lang='lat' dir='ltr'>cum</span> <span class='ocrx_word' id='word_1_241' title='bbox 981 2603 1128 2682; x_wconf 81' lang='lat' dir='ltr'>Amalia,</span> <span class='ocrx_word' id='word_1_242' title='bbox 1155 2603 1237 2669; x_wconf 90' lang='lat' dir='ltr'>haec</span> <span class='ocrx_word' id='word_1_243' title='bbox 1260 2624 1313 2668; x_wconf 89' lang='lat' dir='ltr'>res</span> <span class='ocrx_word' id='word_1_244' title='bbox 1336 2608 1449 2670; x_wconf 77' lang='grc'><strong>661826</strong></span> 
     </span>
     <span class='ocr_line' id='line_1_27' title="bbox 65 2692 1387 2777; baseline -0.001 -19"><span class='ocrx_word' id='word_1_245' title='bbox 65 2714 126 2777; x_wconf 93' lang='lat' dir='ltr'>per</span> <span class='ocrx_word' id='word_1_246' title='bbox 141 2714 176 2758; x_wconf 89' lang='lat' dir='ltr'>se</span> <span class='ocrx_word' id='word_1_247' title='bbox 193 2693 321 2776; x_wconf 89' lang='lat' dir='ltr'>quidem</span> <span class='ocrx_word' id='word_1_248' title='bbox 345 2693 561 2777; x_wconf 84' lang='lat' dir='ltr'>impossibilia,</span> <span class='ocrx_word' id='word_1_249' title='bbox 586 2715 669 2775; x_wconf 90' lang='lat' dir='ltr'>quae</span> <span class='ocrx_word' id='word_1_250' title='bbox 688 2699 800 2758; x_wconf 88' lang='lat' dir='ltr'>tamen</span> <span class='ocrx_word' id='word_1_251' title='bbox 821 2715 880 2777; x_wconf 89' lang='lat' dir='ltr'>per</span> <span class='ocrx_word' id='word_1_252' title='bbox 896 2693 1180 2777; x_wconf 88' lang='lat' dir='ltr'>dispensationem,</span> <span class='ocrx_word' id='word_1_253' title='bbox 1206 2692 1387 2757; x_wconf 82' lang='lat' dir='ltr'>exsistente</span> 
     </span>
     <span class='ocr_line' id='line_1_28' title="bbox 65 2781 1386 2866; baseline 0.001 -19"><span class='ocrx_word' id='word_1_254' title='bbox 65 2804 182 2858; x_wconf 88' lang='lat' dir='ltr'>causa,</span> <span class='ocrx_word' id='word_1_255' title='bbox 215 2781 378 2866; x_wconf 90' lang='lat' dir='ltr'>possibilis</span> <span class='ocrx_word' id='word_1_256' title='bbox 410 2783 479 2847; x_wconf 91' lang='lat' dir='ltr'>fieri</span> <span class='ocrx_word' id='word_1_257' title='bbox 511 2783 624 2866; x_wconf 90' lang='lat' dir='ltr'>possit.</span> <span class='ocrx_word' id='word_1_258' title='bbox 672 2782 792 2859; x_wconf 85' lang='lat' dir='ltr'>Quodsi</span> <span class='ocrx_word' id='word_1_259' title='bbox 822 2804 923 2866; x_wconf 89' lang='lat' dir='ltr'>nepos</span> <span class='ocrx_word' id='word_1_260' title='bbox 947 2781 1221 2865; x_wconf 88' lang='lat' dir='ltr'>dispensationem</span> <span class='ocrx_word' id='word_1_261' title='bbox 1253 2781 1386 2865; x_wconf 87' lang='lat' dir='ltr'>petierit</span> 
     </span>
     <span class='ocr_line' id='line_1_29' title="bbox 64 2870 1386 2955; baseline -0.002 -19"><span class='ocrx_word' id='word_1_262' title='bbox 64 2892 170 2954; x_wconf 89' lang='lat' dir='ltr'>eaque</span> <span class='ocrx_word' id='word_1_263' title='bbox 194 2872 357 2953; x_wconf 87' lang='lat' dir='ltr'>denegata</span> <span class='ocrx_word' id='word_1_264' title='bbox 380 2870 496 2946; x_wconf 89' lang='lat' dir='ltr'>fuerit,</span> <span class='ocrx_word' id='word_1_265' title='bbox 528 2870 672 2937; x_wconf 90' lang='lat' dir='ltr'>condicio</span> <span class='ocrx_word' id='word_1_266' title='bbox 696 2871 803 2936; x_wconf 87' lang='lat' dir='ltr'>evasit</span> <span class='ocrx_word' id='word_1_267' title='bbox 834 2871 1025 2955; x_wconf 89' lang='lat' dir='ltr'>simpliciter</span> <span class='ocrx_word' id='word_1_268' title='bbox 1057 2870 1265 2953; x_wconf 89' lang='lat' dir='ltr'>impossibilis</span> <span class='ocrx_word' id='word_1_269' title='bbox 1288 2875 1322 2936; x_wconf 90' lang='lat' dir='ltr'>et</span> <span class='ocrx_word' id='word_1_270' title='bbox 1346 2871 1386 2934; x_wconf 93' lang='lat' dir='ltr'>de</span> 
     </span>
     <span class='ocr_line' id='line_1_30' title="bbox 64 2959 1386 3043; baseline 0 -19"><span class='ocrx_word' id='word_1_271' title='bbox 64 2982 101 3024; x_wconf 90' lang='lat' dir='ltr'>re</span> <span class='ocrx_word' id='word_1_272' title='bbox 136 2960 260 3026; x_wconf 89' lang='lat' dir='ltr'>illicita.</span> <span class='ocrx_word' id='word_1_273' title='bbox 319 2960 524 3043; x_wconf 79' lang='lat' dir='ltr'>Quapropter</span> <span class='ocrx_word' id='word_1_274' title='bbox 548 2960 695 3024; x_wconf 84' lang='lat' dir='ltr'>defectus</span> <span class='ocrx_word' id='word_1_275' title='bbox 731 2959 928 3025; x_wconf 88' lang='lat' dir='ltr'>condicionis</span> <span class='ocrx_word' id='word_1_276' title='bbox 961 2959 1115 3043; x_wconf 87' lang='lat' dir='ltr'>impletae</span> <span class='ocrx_word' id='word_1_277' title='bbox 1152 2980 1211 3043; x_wconf 89' lang='lat' dir='ltr'>pro</span> <span class='ocrx_word' id='word_1_278' title='bbox 1247 2959 1386 3024; x_wconf 90' lang='lat' dir='ltr'>diversis</span> 
     </span>
     <span class='ocr_line' id='line_1_31' title="bbox 64 3048 835 3132; baseline 0.001 -19"><span class='ocrx_word' id='word_1_279' title='bbox 64 3048 252 3131; x_wconf 83' lang='lat' dir='ltr'>regionibus</span> <span class='ocrx_word' id='word_1_280' title='bbox 275 3049 438 3114; x_wconf 90' lang='lat' dir='ltr'>diversum</span> <span class='ocrx_word' id='word_1_281' title='bbox 464 3050 651 3132; x_wconf 90' lang='lat' dir='ltr'>operabitur</span> <span class='ocrx_word' id='word_1_282' title='bbox 675 3051 835 3115; x_wconf 86' lang='lat' dir='ltr'>effectum.</span> 
     </span>
    </p>

    <p class='ocr_par' dir='ltr' id='par_1_7' title="bbox 61 3135 1385 3754">
     <span class='ocr_line' id='line_1_32' title="bbox 154 3135 1384 3212; baseline -0.001 -10"><span class='ocrx_word' id='word_1_283' title='bbox 154 3138 276 3202; x_wconf 88' lang='lat' dir='ltr'>Verum</span> <span class='ocrx_word' id='word_1_284' title='bbox 308 3160 392 3202; x_wconf 93' lang='lat' dir='ltr'>nunc</span> <span class='ocrx_word' id='word_1_285' title='bbox 423 3160 465 3202; x_wconf 88' lang='lat' dir='ltr'>ex</span> <span class='ocrx_word' id='word_1_286' title='bbox 496 3138 560 3203; x_wconf 88' lang='lat' dir='ltr'>alia</span> <span class='ocrx_word' id='word_1_287' title='bbox 590 3138 717 3204; x_wconf 91' lang='lat' dir='ltr'>ratione</span> <span class='ocrx_word' id='word_1_288' title='bbox 748 3136 892 3202; x_wconf 91' lang='lat' dir='ltr'>condicio</span> <span class='ocrx_word' id='word_1_289' title='bbox 921 3135 977 3201; x_wconf 89' lang='lat' dir='ltr'>illa</span> <span class='ocrx_word' id='word_1_290' title='bbox 1000 3136 1121 3201; x_wconf 89' lang='lat' dir='ltr'>mansit</span> <span class='ocrx_word' id='word_1_291' title='bbox 1144 3135 1314 3212; x_wconf 78' lang='grc'><strong>1116111661,</strong></span> <span class='ocrx_word' id='word_1_292' title='bbox 1347 3158 1384 3201; x_wconf 89' lang='grc'>66</span> 
     </span>
     <span class='ocr_line' id='line_1_33' title="bbox 66 3224 1385 3309; baseline -0.002 -18"><span class='ocrx_word' id='word_1_293' title='bbox 66 3227 155 3309; x_wconf 90' lang='lat' dir='ltr'>quod</span> <span class='ocrx_word' id='word_1_294' title='bbox 171 3226 301 3292; x_wconf 88' lang='lat' dir='ltr'>Amalia</span> <span class='ocrx_word' id='word_1_295' title='bbox 325 3227 436 3309; x_wconf 92' lang='lat' dir='ltr'>nepoti</span> <span class='ocrx_word' id='word_1_296' title='bbox 459 3229 580 3291; x_wconf 88' lang='lat' dir='ltr'>nubere</span> <span class='ocrx_word' id='word_1_297' title='bbox 604 3227 694 3292; x_wconf 92' lang='lat' dir='ltr'>nolit.</span> <span class='ocrx_word' id='word_1_298' title='bbox 727 3224 930 3291; x_wconf 85' lang='lat' dir='ltr'>Condicionis</span> <span class='ocrx_word' id='word_1_299' title='bbox 946 3225 1130 3308; x_wconf 89' lang='lat' dir='ltr'>implendae</span> <span class='ocrx_word' id='word_1_300' title='bbox 1146 3246 1227 3289; x_wconf 92' lang='lat' dir='ltr'>onus</span> <span class='ocrx_word' id='word_1_301' title='bbox 1251 3225 1385 3307; x_wconf 92' lang='lat' dir='ltr'>imposi-</span> 
     </span>
     <span class='ocr_line' id='line_1_34' title="bbox 63 3312 1385 3399; baseline -0.002 -19"><span class='ocrx_word' id='word_1_302' title='bbox 63 3320 134 3380; x_wconf 91' lang='lat' dir='ltr'>tum</span> <span class='ocrx_word' id='word_1_303' title='bbox 159 3321 210 3381; x_wconf 92' lang='lat' dir='ltr'>est</span> <span class='ocrx_word' id='word_1_304' title='bbox 234 3316 307 3380; x_wconf 87' lang='lat' dir='ltr'>Rufi</span> <span class='ocrx_word' id='word_1_305' title='bbox 330 3316 450 3399; x_wconf 88' lang='lat' dir='ltr'>nepoti.</span> <span class='ocrx_word' id='word_1_306' title='bbox 483 3316 603 3392; x_wconf 92' lang='lat' dir='ltr'>Quodsi</span> <span class='ocrx_word' id='word_1_307' title='bbox 626 3316 726 3396; x_wconf 85' lang='lat' dir='ltr'>igitur</span> <span class='ocrx_word' id='word_1_308' title='bbox 742 3337 800 3398; x_wconf 92' lang='lat' dir='ltr'>per</span> <span class='ocrx_word' id='word_1_309' title='bbox 822 3315 927 3397; x_wconf 87' lang='lat' dir='ltr'>ipsum</span> <span class='ocrx_word' id='word_1_310' title='bbox 945 3335 1009 3379; x_wconf 93' lang='lat' dir='ltr'>non</span> <span class='ocrx_word' id='word_1_311' title='bbox 1025 3318 1100 3389; x_wconf 89' lang='lat' dir='ltr'>stet,</span> <span class='ocrx_word' id='word_1_312' title='bbox 1126 3312 1296 3395; x_wconf 90' lang='lat' dir='ltr'>quominus</span> <span class='ocrx_word' id='word_1_313' title='bbox 1312 3335 1385 3378; x_wconf 92' lang='lat' dir='ltr'>eam</span> 
     </span>
     <span class='ocr_line' id='line_1_35' title="bbox 62 3401 1385 3488; baseline -0.002 -19"><span class='ocrx_word' id='word_1_314' title='bbox 62 3405 213 3488; x_wconf 90' lang='lat' dir='ltr'>impleat,</span> <span class='ocrx_word' id='word_1_315' title='bbox 238 3405 294 3470; x_wconf 90' lang='lat' dir='ltr'>sed</span> <span class='ocrx_word' id='word_1_316' title='bbox 318 3405 447 3469; x_wconf 88' lang='lat' dir='ltr'>aliunde</span> <span class='ocrx_word' id='word_1_317' title='bbox 470 3406 511 3469; x_wconf 91' lang='lat' dir='ltr'>ab</span> <span class='ocrx_word' id='word_1_318' title='bbox 535 3425 574 3469; x_wconf 89' lang='lat' dir='ltr'>ea</span> <span class='ocrx_word' id='word_1_319' title='bbox 596 3405 808 3487; x_wconf 90' lang='lat' dir='ltr'>impediatur:</span> <span class='ocrx_word' id='word_1_320' title='bbox 833 3404 945 3468; x_wconf 89' lang='lat' dir='ltr'>haberi</span> <span class='ocrx_word' id='word_1_321' title='bbox 968 3403 1052 3467; x_wconf 91' lang='lat' dir='ltr'>solet</span> <span class='ocrx_word' id='word_1_322' title='bbox 1075 3401 1220 3467; x_wconf 92' lang='lat' dir='ltr'>condicio</span> <span class='ocrx_word' id='word_1_323' title='bbox 1243 3423 1301 3485; x_wconf 90' lang='lat' dir='ltr'>pro</span> <span class='ocrx_word' id='word_1_324' title='bbox 1324 3402 1385 3467; x_wconf 89' lang='lat' dir='ltr'>im-</span> 
     </span>
     <span class='ocr_line' id='line_1_36' title="bbox 62 3491 1385 3577; baseline -0.002 -19"><span class='ocrx_word' id='word_1_325' title='bbox 62 3495 163 3577; x_wconf 90' lang='lat' dir='ltr'>pleta,</span> <span class='ocrx_word' id='word_1_326' title='bbox 188 3494 249 3558; x_wconf 90' lang='lat' dir='ltr'>uisi</span> <span class='ocrx_word' id='word_1_327' title='bbox 274 3499 402 3560; x_wconf 90' lang='lat' dir='ltr'>constet</span> <span class='ocrx_word' id='word_1_328' title='bbox 418 3493 538 3558; x_wconf 86' lang='lat' dir='ltr'>Rufum</span> <span class='ocrx_word' id='word_1_329' title='bbox 563 3516 626 3557; x_wconf 93' lang='lat' dir='ltr'>non</span> <span class='ocrx_word' id='word_1_330' title='bbox 651 3499 719 3558; x_wconf 85' lang='lat' dir='ltr'>tarn</span> <span class='ocrx_word' id='word_1_331' title='bbox 742 3494 774 3557; x_wconf 93' lang='lat' dir='ltr'>in</span> <span class='ocrx_word' id='word_1_332' title='bbox 792 3493 938 3557; x_wconf 83' lang='lat' dir='ltr'>favorem</span> <span class='ocrx_word' id='word_1_333' title='bbox 962 3493 1090 3576; x_wconf 87' lang='lat' dir='ltr'>nepotis</span> <span class='ocrx_word' id='word_1_334' title='bbox 1106 3512 1202 3574; x_wconf 89' lang='lat' dir='ltr'>quam</span> <span class='ocrx_word' id='word_1_335' title='bbox 1220 3491 1385 3557; x_wconf 74' lang='grc'><strong>611111611-</strong></span> 
     </span>
     <span class='ocr_line' id='line_1_37' title="bbox 61 3579 1385 3664; baseline -0.002 -15"><span class='ocrx_word' id='word_1_336' title='bbox 61 3584 153 3649; x_wconf 92' lang='lat' dir='ltr'>tione</span> <span class='ocrx_word' id='word_1_337' title='bbox 186 3583 337 3649; x_wconf 90' lang='lat' dir='ltr'>absoluta</span> <span class='ocrx_word' id='word_1_338' title='bbox 374 3583 461 3647; x_wconf 91' lang='lat' dir='ltr'>illius</span> <span class='ocrx_word' id='word_1_339' title='bbox 499 3583 695 3647; x_wconf 89' lang='lat' dir='ltr'>matrimonii</span> <span class='ocrx_word' id='word_1_340' title='bbox 728 3582 936 3647; x_wconf 90' lang='lat' dir='ltr'>donationem</span> <span class='ocrx_word' id='word_1_341' title='bbox 968 3581 1094 3646; x_wconf 84' lang='lat' dir='ltr'>fecisse.</span> <span class='ocrx_word' id='word_1_342' title='bbox 1151 3579 1213 3664; x_wconf 80' lang='lat' dir='ltr'>(ef.</span> <span class='ocrx_word' id='word_1_343' title='bbox 1248 3581 1280 3645; x_wconf 93' lang='lat' dir='ltr'>iu</span> <span class='ocrx_word' id='word_1_344' title='bbox 1315 3581 1385 3652; x_wconf 89' lang='lat' dir='ltr'>iure</span> 
     </span>
     <span class='ocr_line' id='line_1_38' title="bbox 63 3671 516 3754; baseline -0.007 -16"><span class='ocrx_word' id='word_1_345' title='bbox 63 3674 193 3738; x_wconf 85' lang='lat' dir='ltr'>Germ.</span> <span class='ocrx_word' id='word_1_346' title='bbox 218 3671 256 3753; x_wconf 61' lang='grc' dir='ltr'>ἐξ</span> <span class='ocrx_word' id='word_1_347' title='bbox 281 3674 377 3746; x_wconf 82' lang='lat'>2195,</span> <span class='ocrx_word' id='word_1_348' title='bbox 403 3674 516 3754; x_wconf 84' lang='lat'>2196.)</span> 
     </span>
    </p>

    <p class='ocr_par' dir='ltr' id='par_1_8' title="bbox 59 3757 1446 4556">
     <span class='ocr_line' id='line_1_39' title="bbox 152 3757 1446 3842; baseline 0 -18"><span class='ocrx_word' id='word_1_349' title='bbox 152 3761 192 3827; x_wconf 83' lang='lat' dir='ltr'>a.</span> <span class='ocrx_word' id='word_1_350' title='bbox 217 3766 247 3826; x_wconf 87' lang='lat'>3.</span> <span class='ocrx_word' id='word_1_351' title='bbox 293 3760 406 3836; x_wconf 86' lang='lat' dir='ltr'>Quoad</span> <span class='ocrx_word' id='word_1_352' title='bbox 429 3762 568 3825; x_wconf 88' lang='lat' dir='ltr'>alterum</span> <span class='ocrx_word' id='word_1_353' title='bbox 585 3764 736 3842; x_wconf 90' lang='lat' dir='ltr'>nepotem</span> <span class='ocrx_word' id='word_1_354' title='bbox 755 3759 959 3824; x_wconf 90' lang='lat' dir='ltr'>duodennem</span> <span class='ocrx_word' id='word_1_355' title='bbox 976 3757 1120 3824; x_wconf 91' lang='lat' dir='ltr'>condicio</span> <span class='ocrx_word' id='word_1_356' title='bbox 1137 3758 1290 3842; x_wconf 89' lang='lat' dir='ltr'>apposita</span> <span class='ocrx_word' id='word_1_357' title='bbox 1305 3780 1446 3833; x_wconf 70' lang='grc'><strong>66116811</strong></span> 
     </span>
     <span class='ocr_line' id='line_1_40' title="bbox 60 3847 1385 3932; baseline -0.001 -18"><span class='ocrx_word' id='word_1_358' title='bbox 60 3851 94 3914; x_wconf 90' lang='lat' dir='ltr'>in</span> <span class='ocrx_word' id='word_1_359' title='bbox 118 3871 155 3914; x_wconf 90' lang='grc'>66</span> <span class='ocrx_word' id='word_1_360' title='bbox 178 3849 289 3932; x_wconf 89' lang='lat' dir='ltr'>iniqua</span> <span class='ocrx_word' id='word_1_361' title='bbox 313 3855 373 3925; x_wconf 89' lang='lat' dir='ltr'>est,</span> <span class='ocrx_word' id='word_1_362' title='bbox 398 3871 471 3914; x_wconf 93' lang='lat' dir='ltr'>cum</span> <span class='ocrx_word' id='word_1_363' title='bbox 495 3849 645 3913; x_wconf 90' lang='lat' dir='ltr'>iuvenem</span> <span class='ocrx_word' id='word_1_364' title='bbox 669 3849 830 3914; x_wconf 88' lang='lat' dir='ltr'>abducere</span> <span class='ocrx_word' id='word_1_365' title='bbox 846 3848 926 3913; x_wconf 89' lang='lat' dir='ltr'>velit</span> <span class='ocrx_word' id='word_1_366' title='bbox 950 3849 991 3913; x_wconf 89' lang='lat' dir='ltr'>ab</span> <span class='ocrx_word' id='word_1_367' title='bbox 1007 3848 1157 3929; x_wconf 85' lang='lat' dir='ltr'>eligendo</span> <span class='ocrx_word' id='word_1_368' title='bbox 1181 3847 1271 3913; x_wconf 89' lang='lat' dir='ltr'>vitae</span> <span class='ocrx_word' id='word_1_369' title='bbox 1293 3854 1385 3914; x_wconf 89' lang='lat' dir='ltr'>statu</span> 
     </span>
     <span class='ocr_line' id='line_1_41' title="bbox 60 3937 1384 4021; baseline 0 -19"><span class='ocrx_word' id='word_1_370' title='bbox 60 3938 206 4016; x_wconf 88' lang='lat' dir='ltr'>meliore,</span> <span class='ocrx_word' id='word_1_371' title='bbox 231 3940 271 4003; x_wconf 92' lang='lat' dir='ltr'>ad</span> <span class='ocrx_word' id='word_1_372' title='bbox 296 3960 392 4020; x_wconf 91' lang='lat' dir='ltr'>quem</span> <span class='ocrx_word' id='word_1_373' title='bbox 416 3939 557 4003; x_wconf 88' lang='lat' dir='ltr'>fortasse</span> <span class='ocrx_word' id='word_1_374' title='bbox 574 3938 662 4002; x_wconf 90' lang='lat' dir='ltr'>Deus</span> <span class='ocrx_word' id='word_1_375' title='bbox 686 3938 827 4004; x_wconf 90' lang='lat' dir='ltr'>vocabit.</span> <span class='ocrx_word' id='word_1_376' title='bbox 866 3937 1072 4021; x_wconf 89' lang='lat' dir='ltr'>Quapropter</span> <span class='ocrx_word' id='word_1_377' title='bbox 1095 3937 1213 4001; x_wconf 94' lang='lat' dir='ltr'>donum</span> <span class='ocrx_word' id='word_1_378' title='bbox 1238 3938 1384 4020; x_wconf 90' lang='lat' dir='ltr'>accipere</span> 
     </span>
     <span class='ocr_line' id='line_1_42' title="bbox 61 4025 1384 4111; baseline -0.002 -20"><span class='ocrx_word' id='word_1_379' title='bbox 61 4027 173 4092; x_wconf 91' lang='lat' dir='ltr'>iuveni</span> <span class='ocrx_word' id='word_1_380' title='bbox 196 4027 306 4092; x_wconf 91' lang='lat' dir='ltr'>silenti</span> <span class='ocrx_word' id='word_1_381' title='bbox 330 4028 369 4092; x_wconf 91' lang='lat' dir='ltr'>de</span> <span class='ocrx_word' id='word_1_382' title='bbox 393 4028 458 4093; x_wconf 91' lang='lat' dir='ltr'>ista</span> <span class='ocrx_word' id='word_1_383' title='bbox 483 4027 670 4091; x_wconf 91' lang='lat' dir='ltr'>condicione</span> <span class='ocrx_word' id='word_1_384' title='bbox 687 4049 745 4110; x_wconf 85' lang='lat' dir='ltr'>per</span> <span class='ocrx_word' id='word_1_385' title='bbox 768 4048 804 4090; x_wconf 93' lang='lat' dir='ltr'>se</span> <span class='ocrx_word' id='word_1_386' title='bbox 827 4027 931 4091; x_wconf 89' lang='lat' dir='ltr'>habeo</span> <span class='ocrx_word' id='word_1_387' title='bbox 946 4049 1005 4111; x_wconf 82' lang='lat' dir='ltr'>pro</span> <span class='ocrx_word' id='word_1_388' title='bbox 1021 4029 1140 4106; x_wconf 80' lang='lat' dir='ltr'>illicito,</span> <span class='ocrx_word' id='word_1_389' title='bbox 1167 4025 1242 4107; x_wconf 91' lang='lat' dir='ltr'>quia</span> <span class='ocrx_word' id='word_1_390' title='bbox 1258 4048 1296 4090; x_wconf 88' lang='lat' dir='ltr'>eo</span> <span class='ocrx_word' id='word_1_391' title='bbox 1312 4026 1384 4109; x_wconf 86' lang='lat' dir='ltr'>ipso</span> 
     </span>
     <span class='ocr_line' id='line_1_43' title="bbox 60 4115 1384 4199; baseline -0.002 -17"><span class='ocrx_word' id='word_1_392' title='bbox 60 4116 226 4199; x_wconf 88' lang='lat' dir='ltr'>accipiens</span> <span class='ocrx_word' id='word_1_393' title='bbox 250 4117 365 4182; x_wconf 86' lang='lat' dir='ltr'>annuit</span> <span class='ocrx_word' id='word_1_394' title='bbox 394 4117 525 4199; x_wconf 89' lang='lat' dir='ltr'>iniquae</span> <span class='ocrx_word' id='word_1_395' title='bbox 555 4116 728 4182; x_wconf 89' lang='lat' dir='ltr'>intentioni</span> <span class='ocrx_word' id='word_1_396' title='bbox 756 4116 925 4181; x_wconf 88' lang='lat' dir='ltr'>donatoris</span> <span class='ocrx_word' id='word_1_397' title='bbox 955 4121 1054 4197; x_wconf 90' lang='lat' dir='ltr'>atque</span> <span class='ocrx_word' id='word_1_398' title='bbox 1086 4116 1155 4179; x_wconf 90' lang='lat' dir='ltr'>eius</span> <span class='ocrx_word' id='word_1_399' title='bbox 1179 4115 1323 4179; x_wconf 87' lang='lat' dir='ltr'>malitiae</span> <span class='ocrx_word' id='word_1_400' title='bbox 1346 4117 1384 4181; x_wconf 89' lang='lat' dir='ltr'>fit</span> 
     </span>
     <span class='ocr_line' id='line_1_44' title="bbox 59 4205 1384 4289; baseline -0.003 -18"><span class='ocrx_word' id='word_1_401' title='bbox 59 4205 236 4289; x_wconf 85' lang='lat' dir='ltr'>particeps.</span> <span class='ocrx_word' id='word_1_402' title='bbox 282 4205 407 4270; x_wconf 89' lang='lat' dir='ltr'>Licebit</span> <span class='ocrx_word' id='word_1_403' title='bbox 431 4210 541 4270; x_wconf 89' lang='lat' dir='ltr'>tamen</span> <span class='ocrx_word' id='word_1_404' title='bbox 565 4205 673 4270; x_wconf 89' lang='lat' dir='ltr'>iuveni</span> <span class='ocrx_word' id='word_1_405' title='bbox 697 4205 822 4270; x_wconf 89' lang='lat' dir='ltr'>sincere</span> <span class='ocrx_word' id='word_1_406' title='bbox 846 4205 969 4279; x_wconf 90' lang='lat' dir='ltr'>dicere,</span> <span class='ocrx_word' id='word_1_407' title='bbox 1001 4205 1029 4268; x_wconf 92' lang='lat' dir='ltr'>si</span> <span class='ocrx_word' id='word_1_408' title='bbox 1059 4205 1107 4268; x_wconf 90' lang='lat' dir='ltr'>ita</span> <span class='ocrx_word' id='word_1_409' title='bbox 1136 4209 1203 4279; x_wconf 89' lang='lat' dir='ltr'>est,</span> <span class='ocrx_word' id='word_1_410' title='bbox 1237 4224 1272 4266; x_wconf 90' lang='lat' dir='ltr'>se</span> <span class='ocrx_word' id='word_1_411' title='bbox 1302 4224 1384 4267; x_wconf 93' lang='lat' dir='ltr'>non-</span> 
     </span>
     <span class='ocr_line' id='line_1_45' title="bbox 60 4291 1383 4377; baseline -0.003 -17"><span class='ocrx_word' id='word_1_412' title='bbox 60 4296 137 4360; x_wconf 92' lang='lat' dir='ltr'>durn</span> <span class='ocrx_word' id='word_1_413' title='bbox 161 4295 282 4359; x_wconf 89' lang='lat' dir='ltr'>habere</span> <span class='ocrx_word' id='word_1_414' title='bbox 305 4294 446 4359; x_wconf 89' lang='lat' dir='ltr'>animum</span> <span class='ocrx_word' id='word_1_415' title='bbox 471 4294 664 4377; x_wconf 90' lang='lat' dir='ltr'>suscipiendi</span> <span class='ocrx_word' id='word_1_416' title='bbox 689 4300 813 4360; x_wconf 89' lang='lat' dir='ltr'>statum</span> <span class='ocrx_word' id='word_1_417' title='bbox 837 4294 1019 4359; x_wconf 88' lang='lat' dir='ltr'>clericalem</span> <span class='ocrx_word' id='word_1_418' title='bbox 1044 4294 1094 4357; x_wconf 86' lang='lat' dir='ltr'>vel</span> <span class='ocrx_word' id='word_1_419' title='bbox 1120 4291 1323 4372; x_wconf 87' lang='lat' dir='ltr'>religiosum,</span> <span class='ocrx_word' id='word_1_420' title='bbox 1347 4313 1383 4356; x_wconf 90' lang='grc'>66</span> 
     </span>
     <span class='ocr_line' id='line_1_46' title="bbox 59 4380 1382 4467; baseline -0.002 -19"><span class='ocrx_word' id='word_1_421' title='bbox 59 4390 174 4449; x_wconf 91' lang='lat' dir='ltr'>tamen</span> <span class='ocrx_word' id='word_1_422' title='bbox 197 4404 256 4467; x_wconf 94' lang='lat' dir='ltr'>pro</span> <span class='ocrx_word' id='word_1_423' title='bbox 279 4383 391 4449; x_wconf 84' lang='lat' dir='ltr'>futuro</span> <span class='ocrx_word' id='word_1_424' title='bbox 415 4388 562 4466; x_wconf 90' lang='lat' dir='ltr'>tempore</span> <span class='ocrx_word' id='word_1_425' title='bbox 585 4383 646 4446; x_wconf 92' lang='lat' dir='ltr'>sibi</span> <span class='ocrx_word' id='word_1_426' title='bbox 670 4404 804 4448; x_wconf 85' lang='lat' dir='ltr'>servare</span> <span class='ocrx_word' id='word_1_427' title='bbox 834 4382 884 4447; x_wconf 90' lang='lat' dir='ltr'>ius</span> <span class='ocrx_word' id='word_1_428' title='bbox 908 4382 1058 4465; x_wconf 84' lang='lat' dir='ltr'>eligendi.</span> <span class='ocrx_word' id='word_1_429' title='bbox 1106 4380 1216 4461; x_wconf 90' lang='lat' dir='ltr'>Atque</span> <span class='ocrx_word' id='word_1_430' title='bbox 1239 4380 1287 4444; x_wconf 89' lang='lat' dir='ltr'>ita</span> <span class='ocrx_word' id='word_1_431' title='bbox 1310 4385 1382 4446; x_wconf 90' lang='lat' dir='ltr'>tuto</span> 
     </span>
     <span class='ocr_line' id='line_1_47' title="bbox 59 4473 590 4556; baseline -0.006 -18"><span class='ocrx_word' id='word_1_432' title='bbox 59 4473 165 4556; x_wconf 90' lang='lat' dir='ltr'>accipi</span> <span class='ocrx_word' id='word_1_433' title='bbox 188 4477 300 4556; x_wconf 89' lang='lat' dir='ltr'>potest</span> <span class='ocrx_word' id='word_1_434' title='bbox 322 4494 449 4537; x_wconf 91' lang='lat' dir='ltr'>summa</span> <span class='ocrx_word' id='word_1_435' title='bbox 472 4493 590 4536; x_wconf 89' lang='lat' dir='ltr'>annua.</span> 
     </span>
    </p>

    <p class='ocr_par' dir='ltr' id='par_1_9' title="bbox 58 4557 1385 4731">
     <span class='ocr_line' id='line_1_48' title="bbox 149 4557 1383 4646; baseline -0.003 -20"><span class='ocrx_word' id='word_1_436' title='bbox 149 4561 271 4638; x_wconf 89' lang='lat' dir='ltr'>Quodsi</span> <span class='ocrx_word' id='word_1_437' title='bbox 300 4566 416 4646; x_wconf 89' lang='lat' dir='ltr'>postea</span> <span class='ocrx_word' id='word_1_438' title='bbox 439 4562 607 4625; x_wconf 88' lang='lat' dir='ltr'>consilium</span> <span class='ocrx_word' id='word_1_439' title='bbox 635 4560 745 4641; x_wconf 90' lang='lat' dir='ltr'>capiat</span> <span class='ocrx_word' id='word_1_440' title='bbox 774 4559 829 4625; x_wconf 91' lang='lat' dir='ltr'>ille</span> <span class='ocrx_word' id='word_1_441' title='bbox 859 4580 960 4641; x_wconf 90' lang='lat' dir='ltr'>nepos</span> <span class='ocrx_word' id='word_1_442' title='bbox 990 4559 1079 4635; x_wconf 88' lang='lat' dir='ltr'>Rufi,</span> <span class='ocrx_word' id='word_1_443' title='bbox 1112 4557 1131 4623; x_wconf 93' lang='lat' dir='ltr'>i.</span> <span class='ocrx_word' id='word_1_444' title='bbox 1157 4579 1184 4622; x_wconf 92' lang='lat' dir='ltr'>e.</span> <span class='ocrx_word' id='word_1_445' title='bbox 1210 4565 1324 4622; x_wconf 85' lang='lat' dir='ltr'>certam</span> <span class='ocrx_word' id='word_1_446' title='bbox 1357 4567 1383 4622; x_wconf 82' lang='lat' dir='ltr'>et</span> 
     </span>
     <span class='ocr_line' id='line_1_49' title="bbox 58 4645 1385 4731; baseline -0.003 -14"><span class='ocrx_word' id='word_1_447' title='bbox 58 4653 303 4717; x_wconf 79' lang='lat' dir='ltr'>determinatam</span> <span class='ocrx_word' id='word_1_448' title='bbox 326 4654 514 4715; x_wconf 38' lang='lat' dir='ltr'>*uoluntatem</span> <span class='ocrx_word' id='word_1_449' title='bbox 530 4650 686 4731; x_wconf 89' lang='lat' dir='ltr'>sequendi</span> <span class='ocrx_word' id='word_1_450' title='bbox 710 4652 833 4714; x_wconf 86' lang='lat' dir='ltr'>statum</span> <span class='ocrx_word' id='word_1_451' title='bbox 850 4648 1033 4713; x_wconf 86' lang='lat' dir='ltr'>clericalem</span> <span class='ocrx_word' id='word_1_452' title='bbox 1050 4648 1102 4712; x_wconf 87' lang='lat' dir='ltr'>vel</span> <span class='ocrx_word' id='word_1_453' title='bbox 1118 4645 1316 4729; x_wconf 86' lang='lat' dir='ltr'>religiosum,</span> <span class='ocrx_word' id='word_1_454' title='bbox 1341 4668 1385 4713; x_wconf 89' lang='lat' dir='ltr'>ex</span> 
     </span>
    </p>

    <p class='ocr_par' dir='ltr' id='par_1_10' title="bbox 112 4751 1169 4812">
     <span class='ocr_line' id='line_1_50' title="bbox 112 4751 1169 4812; baseline 0 -8"><span class='ocrx_word' id='word_1_455' title='bbox 112 4761 541 4812; x_wconf 61' lang='grc'><strong>1161111111,0161666166161111116.</strong></span> <span class='ocrx_word' id='word_1_456' title='bbox 567 4761 586 4803; x_wconf 90' lang='lat'>1.</span> <span class='ocrx_word' id='word_1_457' title='bbox 1136 4751 1169 4804; x_wconf 82' lang='grc'>27</span> 
     </span>
    </p>
   </div>
   <div class='ocr_carea' id='block_1_3' title="bbox 0 0 1558 5168">
    <p class='ocr_par' dir='ltr' id='par_1_11' title="bbox 0 0 1558 5168">
     <span class='ocr_line' id='line_1_51' title="bbox 0 0 1558 5168; baseline 0 2"><span class='ocrx_word' id='word_1_458' title='bbox 0 0 1558 5168; x_wconf 95' lang='lat' dir='ltr'> </span> 
     </span>
    </p>
   </div>
  </div>
 </body>
</html>
