3106 5168
177 275 239 339 194
332 271 372 325 De
391 271 539 326 virtutibus
557 276 585 326 et
603 271 700 326 officiis
718 289 784 340 erga
802 272 932 327 homines.
953 301 985 310 -
1005 272 1112 328 Caritas
1129 273 1158 326 iu
1175 272 1338 343 proximum.

264 447 335 512 Hoc
349 446 451 530 igitur
465 448 561 514 modo
577 448 781 515 abundanter
796 448 917 515 satisfit
931 454 1117 532 praecepto,
1142 447 1228 530 quod
1251 469 1293 514 ex
1315 447 1497 532 proscripta

173 536 230 601 illa
245 535 331 603 thesi
348 541 479 604 constat
495 537 663 606 exsistere.
697 537 744 604 cf.
761 536 1124 604 Ballerini·Palm.
1141 542 1183 605 tr.
1202 539 1232 615 5,
1248 542 1329 605 sect.
1347 540 1378 617 3,
1395 559 1427 605 u.
1445 540 1495 604 36.

112 662 164 716 378
263 650 315 715 Aa
338 671 529 727 quaasrruu
553 654 592 715 2¹²¹
615 652 654 718 R.
688 651 793 718 Valde
815 651 1039 736 imprudenter
1061 651 1130 734 egit
1151 651 1327 718 Medardus
1350 651 1398 718 ita
1422 672 1496 717 con·

173 738 327 806 scientias
355 741 517 807 vexando.
571 740 657 805 Nam
692 740 747 824 qui
781 740 924 823 alioquin
958 741 1138 825 paullulum
1173 740 1349 807 christiane
1381 739 1497 806 vivunt

172 849 277 911 neque
299 828 442 912 positiva
458 829 533 895 odia
548 833 677 912 gerunt,
701 830 771 895 sine
795 830 861 895 ullo
877 829 974 895 dubio
992 833 1167 914 praecepto
1183 829 1230 895 illi
1246 829 1495 896 satisfecerunt:

171 937 276 1000 neque
299 917 385 983 enirn
408 923 548 1001 tempus,
572 918 700 1001 quoties
714 923 925 1003 praeceptum
943 918 1023 983 illud
1039 923 1167 1000 urgeat,
1191 923 1382 985 accuratam
1398 918 1496 985 babet

172 1006 486 1072 determinationem.

259 1095 320 1173 Qui
344 1116 422 1162 vero
445 1095 527 1162 adeo
549 1094 731 1178 irreligiose
753 1095 890 1174 vixerit,
921 1099 959 1162 ut
980 1116 1158 1178 numquam
1180 1095 1326 1162 oraverit
1348 1097 1495 1162 Deumve

171 1184 345 1263 amaverit,
375 1188 480 1271 primo
503 1184 545 1251 ad
574 1184 738 1269 peculiare
766 1189 977 1268 praeceptum
1000 1184 1129 1251 interne
1157 1185 1343 1269 proximum
1365 1185 1493 1251 arnaudi

170 1294 250 1339 sane
274 1274 331 1338 vix
354 1273 550 1350 attenderit,
576 1278 610 1340 et
633 1276 662 1338 si
684 1274 802 1340 bacin
825 1294 861 1339 re
884 1273 1086 1358 peccaverit,
1111 1273 1253 1358 prudens
1276 1272 1495 1340 confessarius

169 1362 228 1428 illa
250 1367 388 1447 peccata
408 1363 490 1429 satis
509 1362 642 1444 colliget
664 1383 707 1428 ex
730 1362 855 1444 reliqua
878 1363 1077 1447 paenitentis
1100 1362 1321 1441 accusatione,
1344 1383 1494 1446 praeser-

170 1452 230 1518 tim
254 1472 296 1517 ex
319 1451 473 1518 diuturna
496 1452 601 1516 omnis
624 1451 807 1519 devotionis
830 1451 978 1518 exercitii
1001 1451 1184 1519 omissione.
1200 1450 1366 1528 —Quare
1382 1472 1494 1535 preces

169 1540 244 1606 illas
267 1540 437 1624 liturgicus
453 1561 547 1607 orare
563 1540 761 1622 frequenter,
785 1541 874 1625 pium
891 1541 1020 1623 quidem
1036 1541 1228 1607 exercitium
1249 1540 1322 1618 erit,
1346 1545 1494 1608 attamen

170 1629 327 1711 obligatio
351 1650 415 1695 non
439 1630 511 1697 erit.

533 1821 858 1888 ELEEMOSYNAE
882 1820 1127 1888 OBLIGATIO.

725 1979 835 2046 casus.
862 1987 939 2054 (104)

258 2119 382 2189 Eulalia,
404 2118 493 2178 vidua
510 2117 666 2191 ditissima,
687 2137 834 2195 pauperes
853 2118 1055 2177 mendicantes
1077 2118 1115 2178 ad
1134 2118 1255 2177 ianuam
1276 2119 1491 2196 eleemosynam

169 2203 305 2275 petentes
327 2199 450 2272 relegat,
472 2198 590 2276 publica
604 2197 715 2257 tabella
729 2198 831 2269 affixa,
853 2197 930 2275 quod
950 2217 983 2257 se
1003 2197 1172 2258 adiunxerit
1192 2197 1387 2259 associationi
1407 2201 1491 2260 bene·

169 2279 302 2349 factrioi;
330 2298 443 2355 neque,
466 2279 492 2336 si
513 2279 588 2337 alias
610 2277 788 2354 colligantur
807 2278 949 2355 pecuniae
970 2297 1023 2355 pro
1045 2278 1135 2338 certis
1151 2278 1401 2352 ‘necessitatibus‚
1430 2280 1492 2338 vult

169 2359 372 2430 contribuere,
400 2358 543 2434 siquidem
563 2358 676 2418 tributa
696 2359 853 2417 excessiva
874 2358 990 2418 solvere
1011 2358 1133 2429 debeat,
1163 2378 1286 2435 quorum
1313 2378 1385 2436 pars
1406 2360 1492 2420 cedat

168 2438 418 2498 administrationi
438 2458 492 2515 pro
513 2438 692 2516 pauperibus
713 2438 940 2498 communitatis.

257 2519 326 2577 Alia
341 2519 459 2589 femina,
481 2519 544 2578 eius
560 2518 656 2577 amica
669 2517 766 2577 minus
781 2518 897 2594 quidem
911 2518 1003 2587 dives,
1025 2518 1057 2577 in
1070 2518 1190 2577 tributis
1204 2518 1320 2596 quidem
1341 2519 1490 2579 solvendis

168 2618 227 2656 non
243 2598 331 2669 sistit,
354 2600 405 2657 sed
420 2598 577 2674 aliquando
593 2599 681 2657 etiam
695 2598 727 2657 in
742 2618 841 2657 arcam
863 2598 892 2657 in
908 2598 1035 2657 ecclesia
1059 2598 1224 2675 expositam
1244 2618 1298 2676 pro
1312 2599 1489 2677 pauperibus

168 2678 297 2754 aliquam
318 2679 534 2754 eleemosynam
556 2679 681 2749 conicit;
703 2679 875 2754 ceteroquin
895 2678 968 2737 nihil
990 2678 1055 2737 vult
1076 2679 1271 2739 contribuere.

168 2783 344 2855 Quaamrun
366 2787 395 2843 κ’
421 2804 496 2860 quae
518 2783 558 2842 sit
578 2784 719 2859 obligatio
739 2784 853 2843 dandae
875 2784 1081 2860 eleemosynae
1102 2804 1155 2843 seu
1177 2783 1370 2842 subveniendi
1391 2804 1489 2844 neces·

420 2865 558 2923 sitatibus
579 2864 693 2923 alienis.

366 2945 396 3002 2ο
421 2945 489 3022 quid
511 2946 546 3005 de
568 2945 655 3004 dictis
678 2943 783 3019 agendi
804 2943 898 3003 modis
920 2942 1081 3003 dicendum.

761 3126 896 3193 Salutio.

105 3275 156 3326 379
256 3263 308 3325 An
325 3281 515 3336 ounusrrru
534 3263 571 3324 1¹²
594 3260 632 3324 R.
654 3263 680 3325 1.
720 3259 757 3323 ln
781 3279 902 3339 genere
924 3259 1005 3323 haec
1028 3257 1185 3339 obligatio
1209 3257 1325 3323 alienis
1347 3260 1488 3325 necessi·

165 3351 289 3417 tatibus
313 3349 521 3414 succurrendi
544 3348 657 3431 gravis
680 3354 740 3422 est,
765 3347 812 3412 ita
828 3352 865 3412 ut
888 3347 920 3423 ii,
945 3348 999 3428 qui
1023 3348 1150 3431 possint
1166 3367 1225 3412 nec
1241 3347 1376 3425 faciant,
1401 3370 1485 3414 mor·

167 3441 278 3505 taliter
302 3442 446 3523 peccent,
470 3443 507 3503 ut
529 3442 623 3521 patet
647 3458 688 3501 ex
712 3437 876 3502 sententia
898 3437 1040 3501 iudiciali
1064 3456 1161 3517 quam
1185 3437 1342 3503 Dominus
1366 3438 1487 3504 Noster

166 3550 201 3593 se
226 3528 509 3612 pronuntiaturum
533 3548 605 3591 esse
629 3526 772 3591 minatus
795 3530 855 3591 est.
903 3525 1045 3591 Matth.
1072 3528 1124 3603 25,
1149 3527 1190 3589 41
1208 3546 1278 3608 sqq.

254 3634 293 3700 R.
312 3637 341 3699 2.
371 3635 461 3698 Haec
480 3633 592 3715 gravis
608 3632 763 3714 obligatio
779 3630 937 3715 imprimis
954 3631 1094 3706 exsistit,
1114 3632 1242 3713 quando
1259 3632 1331 3714 quis
1347 3635 1487 3700 occurrit

166 3723 199 3786 in
229 3736 379 3788 extrema
408 3743 465 3787 seu
496 3722 755 3804 quasi-extrema
778 3721 976 3786 necessitate
1003 3721 1144 3803 positus:
1176 3721 1227 3785 oui
1251 3722 1402 3804 quilibet,
1436 3724 1486 3806 qui

166 3813 235 3876 sine
258 3811 461 3876 incommodo
484 3811 622 3876 relative
646 3811 740 3892 gravi
767 3815 894 3893 potest,
925 3814 1057 3874 tenetur
1079 3830 1285 3888 succurrere,
1317 3811 1381 3876 nisi
1403 3813 1488 3879 adsit

166 3901 220 3982 qui
244 3901 358 3965 melius
381 3901 485 3984 possit
509 3906 542 3966 et
565 3921 600 3964 re
623 3899 695 3981 ipsa
717 3904 896 3964 succurrat.

255 4007 292 4072 R..
319 4010 348 4073 3.
388 4008 494 4073 Extra
517 4006 601 4070 hanc
624 4006 853 4070 necessitatem
877 4005 989 4087 gravis
1016 4004 1173 4086 obligatio
1197 4025 1262 4069 non
1285 4005 1402 4085 aderit,
1428 4008 1486 4072 nisi

165 4118 224 4179 pro
248 4095 297 4172 iis,
322 4096 375 4176 qui
400 4117 478 4160 vere
502 4096 666 4178 superflua
690 4096 826 4159 habent:
851 4116 908 4176 pro
933 4094 1048 4175 quibus
1072 4094 1183 4175 utique
1202 4094 1360 4176 obligatio
1376 4098 1486 4178 graiis

165 4186 267 4250 statui
292 4184 388 4251 debet
412 4207 475 4249 non
499 4185 626 4267 quidem
651 4184 754 4248 relate
772 4185 811 4247 ad
829 4184 974 4264 singulos
991 4183 1041 4247 vel
1059 4188 1166 4247 certos
1183 4203 1353 4267 pauperes,
1377 4192 1485 4252 tamen

166 4274 198 4338 in
222 4295 358 4356 genere,
388 4275 435 4340 ita
459 4273 692 4355 utaliquando
723 4273 840 4338 saltem
866 4272 1109 4337 occurrentibus
1133 4273 1385 4339 necessitatibus
1409 4296 1485 4357 pau-

165 4385 295 4446 perum,
326 4365 395 4427 sive
418 4364 574 4444 gravibus
604 4362 673 4425 sive
702 4362 889 4437 ordinariis,
920 4366 1121 4426 succurrant.
1168 4361 1343 4437 Quantitas
1367 4369 1483 4436 autern,

165 4474 249 4534 quae
278 4453 310 4516 in
341 4474 458 4517 causas
483 4453 553 4535 pias
577 4452 628 4516 vel
654 4471 831 4534 pauperum
860 4451 987 4531 erogari
1013 4451 1147 4526 debeat,
1179 4450 1356 4517 difficulter
1379 4453 1484 4519 deter-

165 4541 323 4618 minatn1·;
354 4548 431 4607 sunt
461 4543 514 4622 qui
543 4545 659 4623 putent
682 4540 800 4604 saltem
826 4538 896 4618 205³,
921 4561 962 4603 ex
986 4539 1102 4604 annuis
1126 4539 1284 4605 reditibus
1308 4562 1381 4608 esse
1405 4543 1483 4607 elar-

165 4631 316 4712 giendas:
341 4632 397 4696 sed
421 4631 481 4695 hoc
506 4637 556 4696 est
579 4631 748 4695 incertum.
