<?xml version="1.0" encoding="UTF-8"?>
<!DOCTYPE html PUBLIC "-//W3C//DTD XHTML 1.0 Transitional//EN"
    "http://www.w3.org/TR/xhtml1/DTD/xhtml1-transitional.dtd">
<html xmlns="http://www.w3.org/1999/xhtml" xml:lang="en" lang="en">
 <head>
  <title>
</title>
<meta http-equiv="Content-Type" content="text/html;charset=utf-8" />
  <meta name='ocr-system' content='tesseract 3.04.00' />
  <meta name='ocr-capabilities' content='ocr_page ocr_carea ocr_par ocr_line ocrx_word'/>
</head>
<body>
  <div class='ocr_page' id='page_1' title='image "./casusconscienti01lehmgoog_0175.png"; bbox 0 0 3106 5168; ppageno 0'>
   <div class='ocr_carea' id='block_1_1' title="bbox 441 295 1393 366">
    <p class='ocr_par' dir='ltr' id='par_1_1' title="bbox 441 295 1393 366">
     <span class='ocr_line' id='line_1_1' title="bbox 441 295 1393 366; baseline 0.006 -15"><span class='ocrx_word' id='word_1_1' title='bbox 441 295 537 351; x_wconf 75' lang='lat' dir='ltr'>Stabis</span> <span class='ocrx_word' id='word_1_2' title='bbox 555 295 714 364; x_wconf 87' lang='lat' dir='ltr'>religiosus:</span> <span class='ocrx_word' id='word_1_3' title='bbox 740 298 877 366; x_wconf 76' lang='lat' dir='ltr'>discessus,</span> <span class='ocrx_word' id='word_1_4' title='bbox 895 300 1023 352; x_wconf 77' lang='lat' dir='ltr'>dimissio.</span> <span class='ocrx_word' id='word_1_5' title='bbox 1332 301 1393 366; x_wconf 84' lang='lat'>159</span> 
     </span>
    </p>
   </div>
   <div class='ocr_carea' id='block_1_2' title="bbox 65 471 1394 950">
    <p class='ocr_par' dir='ltr' id='par_1_2' title="bbox 65 471 1394 950">
     <span class='ocr_line' id='line_1_2' title="bbox 66 471 1394 550; baseline 0.002 -20"><span class='ocrx_word' id='word_1_6' title='bbox 66 491 163 548; x_wconf 90' lang='lat' dir='ltr'>neque</span> <span class='ocrx_word' id='word_1_7' title='bbox 184 472 356 532; x_wconf 78' lang='lat' dir='ltr'>sollemnem</span> <span class='ocrx_word' id='word_1_8' title='bbox 377 472 442 532; x_wconf 91' lang='lat' dir='ltr'>vult</span> <span class='ocrx_word' id='word_1_9' title='bbox 461 473 675 549; x_wconf 78' lang='lat' dir='ltr'>professionem</span> <span class='ocrx_word' id='word_1_10' title='bbox 695 473 810 543; x_wconf 87' lang='lat' dir='ltr'>facere,</span> <span class='ocrx_word' id='word_1_11' title='bbox 836 471 887 532; x_wconf 91' lang='lat' dir='ltr'>sed</span> <span class='ocrx_word' id='word_1_12' title='bbox 909 473 991 550; x_wconf 89' lang='lat' dir='ltr'>cupit</span> <span class='ocrx_word' id='word_1_13' title='bbox 1012 471 1219 533; x_wconf 89' lang='lat' dir='ltr'>dimissionem.</span> <span class='ocrx_word' id='word_1_14' title='bbox 1260 474 1325 545; x_wconf 80' lang='lat' dir='ltr'>Qua</span> <span class='ocrx_word' id='word_1_15' title='bbox 1346 476 1394 533; x_wconf 94' lang='lat' dir='ltr'>ob-</span> 
     </span>
     <span class='ocr_line' id='line_1_3' title="bbox 67 552 1394 630; baseline 0.002 -19"><span class='ocrx_word' id='word_1_16' title='bbox 67 558 152 613; x_wconf 85' lang='lat' dir='ltr'>tenta</span> <span class='ocrx_word' id='word_1_17' title='bbox 180 571 198 611; x_wconf 89' lang='lat' dir='ltr'>a</span> <span class='ocrx_word' id='word_1_18' title='bbox 223 572 277 613; x_wconf 91' lang='lat' dir='ltr'>suo</span> <span class='ocrx_word' id='word_1_19' title='bbox 305 552 444 629; x_wconf 90' lang='lat' dir='ltr'>episcopo</span> <span class='ocrx_word' id='word_1_20' title='bbox 471 572 532 612; x_wconf 92' lang='lat' dir='ltr'>non</span> <span class='ocrx_word' id='word_1_21' title='bbox 559 559 659 630; x_wconf 89' lang='lat' dir='ltr'>potest</span> <span class='ocrx_word' id='word_1_22' title='bbox 678 552 838 630; x_wconf 89' lang='lat' dir='ltr'>impetrare</span> <span class='ocrx_word' id='word_1_23' title='bbox 858 552 1066 612; x_wconf 69' lang='lat' dir='ltr'>admissionem</span> <span class='ocrx_word' id='word_1_24' title='bbox 1087 554 1165 612; x_wconf 89' lang='lat' dir='ltr'>inter</span> <span class='ocrx_word' id='word_1_25' title='bbox 1186 554 1296 613; x_wconf 91' lang='lat' dir='ltr'>clerum</span> <span class='ocrx_word' id='word_1_26' title='bbox 1317 554 1394 613; x_wconf 91' lang='lat' dir='ltr'>dioe-</span> 
     </span>
     <span class='ocr_line' id='line_1_4' title="bbox 66 631 1394 711; baseline 0.002 -21"><span class='ocrx_word' id='word_1_27' title='bbox 66 651 227 692; x_wconf 87' lang='lat' dir='ltr'>cesanum:</span> <span class='ocrx_word' id='word_1_28' title='bbox 262 631 331 693; x_wconf 89' lang='lat' dir='ltr'>hinc</span> <span class='ocrx_word' id='word_1_29' title='bbox 365 633 546 692; x_wconf 73' lang='lat' dir='ltr'>necessitate</span> <span class='ocrx_word' id='word_1_30' title='bbox 580 652 702 710; x_wconf 91' lang='lat' dir='ltr'>pressus</span> <span class='ocrx_word' id='word_1_31' title='bbox 732 633 847 709; x_wconf 89' lang='lat' dir='ltr'>quaerit</span> <span class='ocrx_word' id='word_1_32' title='bbox 877 639 907 693; x_wconf 91' lang='lat' dir='ltr'>et</span> <span class='ocrx_word' id='word_1_33' title='bbox 936 633 1050 693; x_wconf 89' lang='lat' dir='ltr'>obtinet</span> <span class='ocrx_word' id='word_1_34' title='bbox 1079 633 1287 694; x_wconf 82' lang='lat' dir='ltr'>admissionem</span> <span class='ocrx_word' id='word_1_35' title='bbox 1316 634 1394 711; x_wconf 92' lang='lat' dir='ltr'>apud</span> 
     </span>
     <span class='ocr_line' id='line_1_5' title="bbox 67 711 1394 791; baseline 0.002 -19"><span class='ocrx_word' id='word_1_36' title='bbox 67 712 329 789; x_wconf 77' lang='lat' dir='ltr'>congregationem</span> <span class='ocrx_word' id='word_1_37' title='bbox 359 712 588 773; x_wconf 86' lang='lat' dir='ltr'>Lazaristarum.</span> <span class='ocrx_word' id='word_1_38' title='bbox 638 715 780 773; x_wconf 85' lang='lat' dir='ltr'>Attamen</span> <span class='ocrx_word' id='word_1_39' title='bbox 810 711 922 789; x_wconf 86' lang='lat' dir='ltr'>aliquot</span> <span class='ocrx_word' id='word_1_40' title='bbox 951 713 1039 772; x_wconf 89' lang='lat' dir='ltr'>anuis</span> <span class='ocrx_word' id='word_1_41' title='bbox 1069 713 1180 791; x_wconf 90' lang='lat' dir='ltr'>elapsis</span> <span class='ocrx_word' id='word_1_42' title='bbox 1208 734 1304 790; x_wconf 88' lang='lat' dir='ltr'>neque</span> <span class='ocrx_word' id='word_1_43' title='bbox 1338 714 1394 774; x_wconf 91' lang='lat' dir='ltr'>hoc</span> 
     </span>
     <span class='ocr_line' id='line_1_6' title="bbox 65 792 1394 871; baseline 0.002 -21"><span class='ocrx_word' id='word_1_44' title='bbox 65 793 237 853; x_wconf 88' lang='lat' dir='ltr'>institutum</span> <span class='ocrx_word' id='word_1_45' title='bbox 265 793 436 853; x_wconf 89' lang='lat' dir='ltr'>Guenthero</span> <span class='ocrx_word' id='word_1_46' title='bbox 466 794 581 871; x_wconf 90' lang='lat' dir='ltr'>placet,</span> <span class='ocrx_word' id='word_1_47' title='bbox 617 793 701 871; x_wconf 90' lang='lat' dir='ltr'>eique</span> <span class='ocrx_word' id='word_1_48' title='bbox 731 792 901 852; x_wconf 84' lang='lat' dir='ltr'>valedicens</span> <span class='ocrx_word' id='word_1_49' title='bbox 930 793 1129 870; x_wconf 89' lang='lat' dir='ltr'>proficiscitur</span> <span class='ocrx_word' id='word_1_50' title='bbox 1158 793 1189 852; x_wconf 92' lang='lat' dir='ltr'>in</span> <span class='ocrx_word' id='word_1_51' title='bbox 1216 793 1394 865; x_wconf 80' lang='lat' dir='ltr'>Amerinam,</span> 
     </span>
     <span class='ocr_line' id='line_1_7' title="bbox 66 872 860 950; baseline 0.001 -18"><span class='ocrx_word' id='word_1_52' title='bbox 66 892 193 950; x_wconf 89' lang='lat' dir='ltr'>sperans</span> <span class='ocrx_word' id='word_1_53' title='bbox 213 873 279 933; x_wconf 89' lang='lat' dir='ltr'>fore</span> <span class='ocrx_word' id='word_1_54' title='bbox 299 878 333 932; x_wconf 93' lang='lat' dir='ltr'>nt</span> <span class='ocrx_word' id='word_1_55' title='bbox 352 872 394 932; x_wconf 92' lang='lat' dir='ltr'>ibi</span> <span class='ocrx_word' id='word_1_56' title='bbox 415 873 557 950; x_wconf 90' lang='lat' dir='ltr'>parocbia</span> <span class='ocrx_word' id='word_1_57' title='bbox 578 872 635 932; x_wconf 91' lang='lat' dir='ltr'>sibi</span> <span class='ocrx_word' id='word_1_58' title='bbox 657 872 860 933; x_wconf 90' lang='lat' dir='ltr'>concredatur.</span> 
     </span>
    </p>
   </div>
   <div class='ocr_carea' id='block_1_3' title="bbox 66 976 1253 1146">
    <p class='ocr_par' dir='ltr' id='par_1_3' title="bbox 66 976 1253 1146">
     <span class='ocr_line' id='line_1_8' title="bbox 66 976 1234 1056; baseline 0 -17"><span class='ocrx_word' id='word_1_59' title='bbox 66 976 246 1048; x_wconf 81' lang='lat' dir='ltr'>Qussnrrnn</span> <span class='ocrx_word' id='word_1_60' title='bbox 269 982 298 1039; x_wconf 77' lang='lat'>1⁰</span> <span class='ocrx_word' id='word_1_61' title='bbox 322 979 489 1056; x_wconf 88' lang='lat' dir='ltr'>potueritne</span> <span class='ocrx_word' id='word_1_62' title='bbox 512 978 701 1039; x_wconf 82' lang='lat' dir='ltr'>Guentherus</span> <span class='ocrx_word' id='word_1_63' title='bbox 723 1000 741 1039; x_wconf 90' lang='lat' dir='ltr'>a</span> <span class='ocrx_word' id='word_1_64' title='bbox 762 978 963 1056; x_wconf 82' lang='lat' dir='ltr'>superioribus</span> <span class='ocrx_word' id='word_1_65' title='bbox 985 978 1096 1039; x_wconf 88' lang='lat' dir='ltr'>ordinis</span> <span class='ocrx_word' id='word_1_66' title='bbox 1118 978 1234 1039; x_wconf 86' lang='lat' dir='ltr'>dimitti.</span> 
     </span>
     <span class='ocr_line' id='line_1_9' title="bbox 267 1066 1253 1146; baseline 0 -19"><span class='ocrx_word' id='word_1_67' title='bbox 267 1069 297 1127; x_wconf 76' lang='lat'>2⁰</span> <span class='ocrx_word' id='word_1_68' title='bbox 322 1067 480 1145; x_wconf 89' lang='lat' dir='ltr'>episcopus</span> <span class='ocrx_word' id='word_1_69' title='bbox 500 1067 668 1146; x_wconf 88' lang='lat' dir='ltr'>potueritne</span> <span class='ocrx_word' id='word_1_70' title='bbox 690 1068 899 1128; x_wconf 89' lang='lat' dir='ltr'>admissionem</span> <span class='ocrx_word' id='word_1_71' title='bbox 921 1066 1086 1128; x_wconf 84' lang='lat' dir='ltr'>Guentheri</span> <span class='ocrx_word' id='word_1_72' title='bbox 1106 1086 1253 1128; x_wconf 85' lang='lat' dir='ltr'>recusare.</span> 
     </span>
    </p>
   </div>
   <div class='ocr_carea' id='block_1_4' title="bbox 267 1156 1393 1315">
    <p class='ocr_par' dir='ltr' id='par_1_4' title="bbox 267 1156 1393 1315">
     <span class='ocr_line' id='line_1_10' title="bbox 267 1156 1393 1234; baseline 0 -17"><span class='ocrx_word' id='word_1_73' title='bbox 267 1159 297 1217; x_wconf 75' lang='lat'>3⁰</span> <span class='ocrx_word' id='word_1_74' title='bbox 323 1156 391 1234; x_wconf 91' lang='lat' dir='ltr'>quid</span> <span class='ocrx_word' id='word_1_75' title='bbox 406 1157 442 1216; x_wconf 93' lang='lat' dir='ltr'>de</span> <span class='ocrx_word' id='word_1_76' title='bbox 457 1156 636 1217; x_wconf 76' lang='lat' dir='ltr'>admissione</span> <span class='ocrx_word' id='word_1_77' title='bbox 651 1162 681 1216; x_wconf 91' lang='lat' dir='ltr'>et</span> <span class='ocrx_word' id='word_1_78' title='bbox 695 1158 732 1216; x_wconf 91' lang='lat' dir='ltr'>de</span> <span class='ocrx_word' id='word_1_79' title='bbox 746 1175 869 1232; x_wconf 87' lang='lat' dir='ltr'>egressu</span> <span class='ocrx_word' id='word_1_80' title='bbox 883 1157 979 1233; x_wconf 91' lang='lat' dir='ltr'>quoad</span> <span class='ocrx_word' id='word_1_81' title='bbox 994 1156 1163 1216; x_wconf 89' lang='lat' dir='ltr'>institutum</span> <span class='ocrx_word' id='word_1_82' title='bbox 1172 1157 1393 1218; x_wconf 88' lang='lat' dir='ltr'>Lazaristarum</span> 
     </span>
     <span class='ocr_line' id='line_1_11' title="bbox 321 1236 1046 1315; baseline 0.001 -20"><span class='ocrx_word' id='word_1_83' title='bbox 321 1237 476 1296; x_wconf 88' lang='lat' dir='ltr'>dicendum</span> <span class='ocrx_word' id='word_1_84' title='bbox 496 1237 537 1297; x_wconf 87' lang='lat' dir='ltr'>sit</span> <span class='ocrx_word' id='word_1_85' title='bbox 557 1242 587 1296; x_wconf 92' lang='lat' dir='ltr'>et</span> <span class='ocrx_word' id='word_1_86' title='bbox 609 1238 645 1296; x_wconf 92' lang='lat' dir='ltr'>de</span> <span class='ocrx_word' id='word_1_87' title='bbox 666 1256 719 1315; x_wconf 92' lang='lat' dir='ltr'>spe</span> <span class='ocrx_word' id='word_1_88' title='bbox 741 1236 901 1297; x_wconf 84' lang='lat' dir='ltr'>amaricani</span> <span class='ocrx_word' id='word_1_89' title='bbox 922 1236 1046 1296; x_wconf 91' lang='lat' dir='ltr'>itineris.</span> 
     </span>
    </p>
   </div>
   <div class='ocr_carea' id='block_1_5' title="bbox 663 1418 798 1486">
    <p class='ocr_par' dir='ltr' id='par_1_5' title="bbox 663 1418 798 1486">
     <span class='ocr_line' id='line_1_12' title="bbox 663 1418 798 1486; baseline -0.007 0"><span class='ocrx_word' id='word_1_90' title='bbox 663 1418 798 1486; x_wconf 86' lang='lat' dir='ltr'>Salutio.</span> 
     </span>
    </p>
   </div>
   <div class='ocr_carea' id='block_1_6' title="bbox 65 1559 1455 2538">
    <p class='ocr_par' dir='ltr' id='par_1_6' title="bbox 65 1559 1455 2538">
     <span class='ocr_line' id='line_1_13' title="bbox 156 1559 1455 1645; baseline 0.001 -20"><span class='ocrx_word' id='word_1_91' title='bbox 156 1559 210 1625; x_wconf 82' lang='lat' dir='ltr'>An</span> <span class='ocrx_word' id='word_1_92' title='bbox 234 1581 425 1636; x_wconf 74' lang='lat' dir='ltr'>annuamus</span> <span class='ocrx_word' id='word_1_93' title='bbox 451 1564 489 1625; x_wconf 77' lang='lat' dir='ltr'>lm</span> <span class='ocrx_word' id='word_1_94' title='bbox 512 1561 551 1628; x_wconf 87' lang='lat' dir='ltr'>R.</span> <span class='ocrx_word' id='word_1_95' title='bbox 598 1561 635 1626; x_wconf 90' lang='lat' dir='ltr'>In</span> <span class='ocrx_word' id='word_1_96' title='bbox 660 1560 804 1643; x_wconf 90' lang='lat' dir='ltr'>antiquis</span> <span class='ocrx_word' id='word_1_97' title='bbox 825 1560 891 1626; x_wconf 92' lang='lat' dir='ltr'>illis</span> <span class='ocrx_word' id='word_1_98' title='bbox 919 1560 1095 1638; x_wconf 89' lang='lat' dir='ltr'>ordinibus,</span> <span class='ocrx_word' id='word_1_99' title='bbox 1119 1560 1175 1642; x_wconf 91' lang='lat' dir='ltr'>qui</span> <span class='ocrx_word' id='word_1_100' title='bbox 1198 1565 1298 1627; x_wconf 88' lang='lat' dir='ltr'>antea</span> <span class='ocrx_word' id='word_1_101' title='bbox 1319 1565 1395 1645; x_wconf 89' lang='lat' dir='ltr'>post</span> <span class='ocrx_word' id='word_1_102' title='bbox 1405 1573 1455 1628; x_wconf 81' lang='lat'>317</span> 
     </span>
     <span class='ocr_line' id='line_1_14' title="bbox 65 1649 1394 1733; baseline 0.001 -18"><span class='ocrx_word' id='word_1_103' title='bbox 65 1655 221 1716; x_wconf 85' lang='lat' dir='ltr'>exactum</span> <span class='ocrx_word' id='word_1_104' title='bbox 251 1671 372 1716; x_wconf 89' lang='lat' dir='ltr'>annum</span> <span class='ocrx_word' id='word_1_105' title='bbox 395 1650 576 1716; x_wconf 86' lang='lat' dir='ltr'>novitiatus</span> <span class='ocrx_word' id='word_1_106' title='bbox 599 1650 713 1716; x_wconf 91' lang='lat' dir='ltr'>statim</span> <span class='ocrx_word' id='word_1_107' title='bbox 737 1651 927 1715; x_wconf 91' lang='lat' dir='ltr'>sollemnem</span> <span class='ocrx_word' id='word_1_108' title='bbox 951 1654 1135 1731; x_wconf 87' lang='lat' dir='ltr'>exegerunt</span> <span class='ocrx_word' id='word_1_109' title='bbox 1157 1649 1394 1733; x_wconf 89' lang='lat' dir='ltr'>professionem</span> 
     </span>
     <span class='ocr_line' id='line_1_15' title="bbox 65 1738 1396 1823; baseline 0.001 -19"><span class='ocrx_word' id='word_1_110' title='bbox 65 1743 101 1804; x_wconf 94' lang='lat' dir='ltr'>et</span> <span class='ocrx_word' id='word_1_111' title='bbox 134 1760 221 1804; x_wconf 92' lang='lat' dir='ltr'>novo</span> <span class='ocrx_word' id='word_1_112' title='bbox 249 1739 320 1805; x_wconf 92' lang='lat' dir='ltr'>iure</span> <span class='ocrx_word' id='word_1_113' title='bbox 349 1761 409 1823; x_wconf 89' lang='lat' dir='ltr'>per</span> <span class='ocrx_word' id='word_1_114' title='bbox 438 1740 613 1805; x_wconf 84' lang='lat' dir='ltr'>triennium</span> <span class='ocrx_word' id='word_1_115' title='bbox 643 1743 723 1805; x_wconf 88' lang='lat' dir='ltr'>vota</span> <span class='ocrx_word' id='word_1_116' title='bbox 752 1743 882 1805; x_wconf 91' lang='lat' dir='ltr'>tantum</span> <span class='ocrx_word' id='word_1_117' title='bbox 913 1738 1073 1823; x_wconf 88' lang='lat' dir='ltr'>simplicia</span> <span class='ocrx_word' id='word_1_118' title='bbox 1103 1739 1241 1816; x_wconf 89' lang='lat' dir='ltr'>habent,</span> <span class='ocrx_word' id='word_1_119' title='bbox 1272 1740 1396 1805; x_wconf 89' lang='lat' dir='ltr'>alumni</span> 
     </span>
     <span class='ocr_line' id='line_1_16' title="bbox 65 1828 1395 1913; baseline 0.002 -20"><span class='ocrx_word' id='word_1_120' title='bbox 65 1849 108 1893; x_wconf 89' lang='lat' dir='ltr'>ex</span> <span class='ocrx_word' id='word_1_121' title='bbox 132 1849 193 1894; x_wconf 93' lang='lat' dir='ltr'>sua</span> <span class='ocrx_word' id='word_1_122' title='bbox 216 1833 312 1912; x_wconf 91' lang='lat' dir='ltr'>parte</span> <span class='ocrx_word' id='word_1_123' title='bbox 334 1833 492 1913; x_wconf 87' lang='lat' dir='ltr'>perpetuo</span> <span class='ocrx_word' id='word_1_124' title='bbox 516 1828 578 1894; x_wconf 90' lang='lat' dir='ltr'>Dei</span> <span class='ocrx_word' id='word_1_125' title='bbox 607 1828 803 1895; x_wconf 85' lang='lat' dir='ltr'>servitiose</span> <span class='ocrx_word' id='word_1_126' title='bbox 830 1828 1044 1893; x_wconf 83' lang='lat' dir='ltr'>addixerunt:</span> <span class='ocrx_word' id='word_1_127' title='bbox 1075 1848 1177 1910; x_wconf 88' lang='lat' dir='ltr'>quare</span> <span class='ocrx_word' id='word_1_128' title='bbox 1200 1829 1272 1894; x_wconf 90' lang='lat' dir='ltr'>sola</span> <span class='ocrx_word' id='word_1_129' title='bbox 1294 1829 1395 1895; x_wconf 91' lang='lat' dir='ltr'>enimi</span> 
     </span>
     <span class='ocr_line' id='line_1_17' title="bbox 66 1917 1394 2000; baseline 0.001 -18"><span class='ocrx_word' id='word_1_130' title='bbox 66 1917 207 1984; x_wconf 88' lang='lat' dir='ltr'>mutatio</span> <span class='ocrx_word' id='word_1_131' title='bbox 236 1917 323 1983; x_wconf 90' lang='lat' dir='ltr'>ratio</span> <span class='ocrx_word' id='word_1_132' title='bbox 353 1938 425 1983; x_wconf 88' lang='lat' dir='ltr'>esse</span> <span class='ocrx_word' id='word_1_133' title='bbox 455 1918 584 2000; x_wconf 91' lang='lat' dir='ltr'>nequit,</span> <span class='ocrx_word' id='word_1_134' title='bbox 616 1938 674 1983; x_wconf 89' lang='lat' dir='ltr'>cur</span> <span class='ocrx_word' id='word_1_135' title='bbox 697 1917 916 1983; x_wconf 87' lang='lat' dir='ltr'>dimissionem</span> <span class='ocrx_word' id='word_1_136' title='bbox 940 1917 1103 2000; x_wconf 88' lang='lat' dir='ltr'>accipiant</span> <span class='ocrx_word' id='word_1_137' title='bbox 1113 1919 1134 1983; x_wconf 85' lang='lat'>¹.</span> <span class='ocrx_word' id='word_1_138' title='bbox 1180 1918 1226 1984; x_wconf 83' lang='lat' dir='ltr'>Et</span> <span class='ocrx_word' id='word_1_139' title='bbox 1254 1939 1291 1982; x_wconf 89' lang='lat' dir='ltr'>re</span> <span class='ocrx_word' id='word_1_140' title='bbox 1314 1939 1394 1983; x_wconf 91' lang='lat' dir='ltr'>vera</span> 
     </span>
     <span class='ocr_line' id='line_1_18' title="bbox 67 2006 1395 2092; baseline 0.001 -20"><span class='ocrx_word' id='word_1_141' title='bbox 67 2009 100 2072; x_wconf 75' lang='lat' dir='ltr'>S,</span> <span class='ocrx_word' id='word_1_142' title='bbox 128 2008 162 2073; x_wconf 84' lang='lat'>0.</span> <span class='ocrx_word' id='word_1_143' title='bbox 187 2007 269 2092; x_wconf 84' lang='lat' dir='ltr'>Epp.</span> <span class='ocrx_word' id='word_1_144' title='bbox 296 2009 421 2092; x_wconf 77' lang='lat' dir='ltr'>etRep.</span> <span class='ocrx_word' id='word_1_145' title='bbox 447 2007 477 2073; x_wconf 93' lang='lat' dir='ltr'>d.</span> <span class='ocrx_word' id='word_1_146' title='bbox 505 2010 544 2073; x_wconf 83' lang='lat'>19</span> <span class='ocrx_word' id='word_1_147' title='bbox 569 2006 655 2072; x_wconf 90' lang='lat' dir='ltr'>Nov.</span> <span class='ocrx_word' id='word_1_148' title='bbox 683 2008 767 2071; x_wconf 87' lang='grc'><strong>1886</strong></span> <span class='ocrx_word' id='word_1_149' title='bbox 798 2007 831 2071; x_wconf 89' lang='grc'>11</span> <span class='ocrx_word' id='word_1_150' title='bbox 861 2007 920 2072; x_wconf 89' lang='lat' dir='ltr'>tali</span> <span class='ocrx_word' id='word_1_151' title='bbox 951 2026 1029 2071; x_wconf 87' lang='lat' dir='ltr'>casu</span> <span class='ocrx_word' id='word_1_152' title='bbox 1059 2007 1280 2072; x_wconf 87' lang='lat' dir='ltr'>necessariam</span> <span class='ocrx_word' id='word_1_153' title='bbox 1310 2006 1395 2074; x_wconf 84' lang='lat' dir='ltr'>dixit</span> 
     </span>
     <span class='ocr_line' id='line_1_19' title="bbox 66 2095 1394 2181; baseline 0.001 -20"><span class='ocrx_word' id='word_1_154' title='bbox 66 2117 140 2161; x_wconf 89' lang='lat' dir='ltr'>esse</span> <span class='ocrx_word' id='word_1_155' title='bbox 171 2095 447 2180; x_wconf 87' lang='lat' dir='ltr'>dispensationem</span> <span class='ocrx_word' id='word_1_156' title='bbox 472 2096 503 2162; x_wconf 85' lang='lat' dir='ltr'>S.</span> <span class='ocrx_word' id='word_1_157' title='bbox 528 2095 638 2162; x_wconf 86' lang='lat' dir='ltr'>Sedis:</span> <span class='ocrx_word' id='word_1_158' title='bbox 675 2095 727 2174; x_wconf 88' lang='lat' dir='ltr'>,Si</span> <span class='ocrx_word' id='word_1_159' title='bbox 756 2095 947 2181; x_wconf 90' lang='lat' dir='ltr'>simpliciter</span> <span class='ocrx_word' id='word_1_160' title='bbox 976 2095 1144 2179; x_wconf 91' lang='lat' dir='ltr'>professus</span> <span class='ocrx_word' id='word_1_161' title='bbox 1174 2095 1394 2162; x_wconf 88' lang='lat' dir='ltr'>dimissionem</span> 
     </span>
     <span class='ocr_line' id='line_1_20' title="bbox 66 2184 1394 2268; baseline 0.001 -18"><span class='ocrx_word' id='word_1_162' title='bbox 66 2188 179 2268; x_wconf 91' lang='lat' dir='ltr'>petat,</span> <span class='ocrx_word' id='word_1_163' title='bbox 209 2205 360 2251; x_wconf 90' lang='lat' dir='ltr'>asserens</span> <span class='ocrx_word' id='word_1_164' title='bbox 390 2206 426 2250; x_wconf 88' lang='lat' dir='ltr'>se</span> <span class='ocrx_word' id='word_1_165' title='bbox 455 2207 520 2249; x_wconf 88' lang='lat' dir='ltr'>non</span> <span class='ocrx_word' id='word_1_166' title='bbox 549 2185 671 2250; x_wconf 89' lang='lat' dir='ltr'>habere</span> <span class='ocrx_word' id='word_1_167' title='bbox 704 2185 756 2250; x_wconf 91' lang='lat' dir='ltr'>vel</span> <span class='ocrx_word' id='word_1_168' title='bbox 786 2184 934 2250; x_wconf 89' lang='lat' dir='ltr'>amisisse</span> <span class='ocrx_word' id='word_1_169' title='bbox 958 2185 1099 2250; x_wconf 92' lang='lat' dir='ltr'>animum</span> <span class='ocrx_word' id='word_1_170' title='bbox 1124 2185 1394 2268; x_wconf 88' lang='lat' dir='ltr'>vocationemque</span> 
     </span>
     <span class='ocr_line' id='line_1_21' title="bbox 68 2272 1394 2356; baseline 0 -16"><span class='ocrx_word' id='word_1_171' title='bbox 68 2274 111 2340; x_wconf 92' lang='lat' dir='ltr'>ad</span> <span class='ocrx_word' id='word_1_172' title='bbox 135 2272 239 2339; x_wconf 89' lang='lat' dir='ltr'>vitam</span> <span class='ocrx_word' id='word_1_173' title='bbox 263 2273 467 2356; x_wconf 82' lang='lat' dir='ltr'>religiosam,</span> <span class='ocrx_word' id='word_1_174' title='bbox 496 2273 579 2339; x_wconf 92' lang='lat' dir='ltr'>haec</span> <span class='ocrx_word' id='word_1_175' title='bbox 602 2293 703 2340; x_wconf 88' lang='lat' dir='ltr'>cause</span> <span class='ocrx_word' id='word_1_176' title='bbox 726 2274 797 2338; x_wconf 91' lang='lat' dir='ltr'>sola</span> <span class='ocrx_word' id='word_1_177' title='bbox 819 2294 884 2338; x_wconf 91' lang='lat' dir='ltr'>non</span> <span class='ocrx_word' id='word_1_178' title='bbox 907 2277 958 2340; x_wconf 89' lang='lat' dir='ltr'>est</span> <span class='ocrx_word' id='word_1_179' title='bbox 980 2273 1148 2339; x_wconf 88' lang='lat' dir='ltr'>sufficiens</span> <span class='ocrx_word' id='word_1_180' title='bbox 1171 2279 1206 2341; x_wconf 90' lang='lat' dir='ltr'>et</span> <span class='ocrx_word' id='word_1_181' title='bbox 1228 2274 1332 2351; x_wconf 89' lang='lat' dir='ltr'>iusta,</span> <span class='ocrx_word' id='word_1_182' title='bbox 1358 2277 1394 2340; x_wconf 93' lang='lat' dir='ltr'>ut</span> 
     </span>
     <span class='ocr_line' id='line_1_22' title="bbox 66 2361 1394 2447; baseline 0.002 -19"><span class='ocrx_word' id='word_1_183' title='bbox 66 2362 260 2446; x_wconf 89' lang='lat' dir='ltr'>simpliciter</span> <span class='ocrx_word' id='word_1_184' title='bbox 281 2362 450 2447; x_wconf 87' lang='lat' dir='ltr'>professus</span> <span class='ocrx_word' id='word_1_185' title='bbox 473 2383 515 2428; x_wconf 85' lang='lat' dir='ltr'>ex</span> <span class='ocrx_word' id='word_1_186' title='bbox 539 2363 652 2428; x_wconf 92' lang='lat' dir='ltr'>ordine</span> <span class='ocrx_word' id='word_1_187' title='bbox 675 2361 795 2428; x_wconf 89' lang='lat' dir='ltr'>dimitti</span> <span class='ocrx_word' id='word_1_188' title='bbox 818 2366 934 2444; x_wconf 88' lang='lat' dir='ltr'>queat,</span> <span class='ocrx_word' id='word_1_189' title='bbox 965 2363 1023 2428; x_wconf 90' lang='lat' dir='ltr'>sed</span> <span class='ocrx_word' id='word_1_190' title='bbox 1046 2364 1231 2429; x_wconf 88' lang='lat' dir='ltr'>necessaria</span> <span class='ocrx_word' id='word_1_191' title='bbox 1254 2367 1306 2430; x_wconf 89' lang='lat' dir='ltr'>est</span> <span class='ocrx_word' id='word_1_192' title='bbox 1329 2363 1394 2430; x_wconf 87' lang='lat' dir='ltr'>dis·</span> 
     </span>
     <span class='ocr_line' id='line_1_23' title="bbox 65 2451 1285 2538; baseline 0.002 -21"><span class='ocrx_word' id='word_1_193' title='bbox 65 2451 217 2537; x_wconf 90' lang='lat' dir='ltr'>pensatio</span> <span class='ocrx_word' id='word_1_194' title='bbox 240 2451 334 2518; x_wconf 87' lang='lat' dir='ltr'>Rom.</span> <span class='ocrx_word' id='word_1_195' title='bbox 358 2451 553 2519; x_wconf 83' lang='lat' dir='ltr'>Pontifiois.“</span> <span class='ocrx_word' id='word_1_196' title='bbox 597 2451 795 2530; x_wconf 83' lang='lat' dir='ltr'>Aichner,</span> <span class='ocrx_word' id='word_1_197' title='bbox 822 2452 927 2538; x_wconf 83' lang='lat' dir='ltr'>Gomp.</span> <span class='ocrx_word' id='word_1_198' title='bbox 951 2454 1015 2518; x_wconf 84' lang='lat' dir='ltr'>iur.</span> <span class='ocrx_word' id='word_1_199' title='bbox 1041 2453 1130 2519; x_wconf 85' lang='lat' dir='ltr'>ecol.⁷</span> <span class='ocrx_word' id='word_1_200' title='bbox 1153 2474 1185 2537; x_wconf 94' lang='lat' dir='ltr'>p.</span> <span class='ocrx_word' id='word_1_201' title='bbox 1209 2454 1285 2519; x_wconf 89' lang='grc'><strong>478.</strong></span> 
     </span>
    </p>
   </div>
   <div class='ocr_carea' id='block_1_7' title="bbox 65 2564 1455 3095">
    <p class='ocr_par' dir='ltr' id='par_1_7' title="bbox 65 2564 1455 3095">
     <span class='ocr_line' id='line_1_24' title="bbox 157 2564 1455 2650; baseline 0.001 -19"><span class='ocrx_word' id='word_1_202' title='bbox 157 2566 210 2630; x_wconf 86' lang='lat' dir='ltr'>An</span> <span class='ocrx_word' id='word_1_203' title='bbox 243 2568 498 2641; x_wconf 76' lang='lat' dir='ltr'>ousss1run2¹¹³</span> <span class='ocrx_word' id='word_1_204' title='bbox 526 2564 565 2632; x_wconf 87' lang='lat' dir='ltr'>R.</span> <span class='ocrx_word' id='word_1_205' title='bbox 611 2566 665 2630; x_wconf 84' lang='lat' dir='ltr'>Ex</span> <span class='ocrx_word' id='word_1_206' title='bbox 697 2564 805 2648; x_wconf 90' lang='lat' dir='ltr'>priore</span> <span class='ocrx_word' id='word_1_207' title='bbox 834 2564 904 2630; x_wconf 91' lang='lat' dir='ltr'>iure</span> <span class='ocrx_word' id='word_1_208' title='bbox 935 2566 1089 2631; x_wconf 89' lang='lat' dir='ltr'>sacerdos</span> <span class='ocrx_word' id='word_1_209' title='bbox 1118 2587 1157 2632; x_wconf 92' lang='lat' dir='ltr'>eo</span> <span class='ocrx_word' id='word_1_210' title='bbox 1186 2565 1274 2650; x_wconf 91' lang='lat' dir='ltr'>ipso,</span> <span class='ocrx_word' id='word_1_211' title='bbox 1308 2567 1455 2649; x_wconf 84' lang='lat' dir='ltr'>quod318</span> 
     </span>
     <span class='ocr_line' id='line_1_25' title="bbox 65 2654 1393 2738; baseline 0.002 -18"><span class='ocrx_word' id='word_1_212' title='bbox 65 2655 129 2721; x_wconf 92' lang='lat' dir='ltr'>rite</span> <span class='ocrx_word' id='word_1_213' title='bbox 159 2676 202 2720; x_wconf 83' lang='lat' dir='ltr'>ex</span> <span class='ocrx_word' id='word_1_214' title='bbox 235 2654 347 2721; x_wconf 91' lang='lat' dir='ltr'>ordine</span> <span class='ocrx_word' id='word_1_215' title='bbox 377 2654 529 2720; x_wconf 88' lang='lat' dir='ltr'>dimissus</span> <span class='ocrx_word' id='word_1_216' title='bbox 553 2660 641 2721; x_wconf 85' lang='lat' dir='ltr'>esset</span> <span class='ocrx_word' id='word_1_217' title='bbox 666 2658 743 2738; x_wconf 87' lang='lat' dir='ltr'>post</span> <span class='ocrx_word' id='word_1_218' title='bbox 766 2658 845 2721; x_wconf 89' lang='lat' dir='ltr'>vota</span> <span class='ocrx_word' id='word_1_219' title='bbox 867 2654 1028 2738; x_wconf 87' lang='lat' dir='ltr'>simplicia</span> <span class='ocrx_word' id='word_1_220' title='bbox 1050 2659 1197 2732; x_wconf 90' lang='lat' dir='ltr'>tantum,</span> <span class='ocrx_word' id='word_1_221' title='bbox 1228 2654 1393 2723; x_wconf 87' lang='lat' dir='ltr'>subiectus</span> 
     </span>
     <span class='ocr_line' id='line_1_26' title="bbox 66 2742 1392 2828; baseline 0.001 -18"><span class='ocrx_word' id='word_1_222' title='bbox 66 2743 231 2810; x_wconf 86' lang='lat' dir='ltr'>evadebat</span> <span class='ocrx_word' id='word_1_223' title='bbox 252 2743 467 2809; x_wconf 90' lang='lat' dir='ltr'>iurisdictioni</span> <span class='ocrx_word' id='word_1_224' title='bbox 483 2742 637 2827; x_wconf 86' lang='lat' dir='ltr'>episcopi,</span> <span class='ocrx_word' id='word_1_225' title='bbox 661 2744 716 2826; x_wconf 92' lang='lat' dir='ltr'>qui</span> <span class='ocrx_word' id='word_1_226' title='bbox 736 2747 808 2810; x_wconf 90' lang='lat' dir='ltr'>erat</span> <span class='ocrx_word' id='word_1_227' title='bbox 824 2743 974 2828; x_wconf 90' lang='lat' dir='ltr'>proprius</span> <span class='ocrx_word' id='word_1_228' title='bbox 988 2744 1076 2809; x_wconf 90' lang='lat' dir='ltr'>illius</span> <span class='ocrx_word' id='word_1_229' title='bbox 1092 2745 1274 2828; x_wconf 89' lang='lat' dir='ltr'>episcopus,</span> <span class='ocrx_word' id='word_1_230' title='bbox 1299 2750 1392 2811; x_wconf 91' lang='lat' dir='ltr'>ante·</span> 
     </span>
     <span class='ocr_line' id='line_1_27' title="bbox 66 2832 1393 2917; baseline 0.002 -19"><span class='ocrx_word' id='word_1_231' title='bbox 66 2854 164 2917; x_wconf 87' lang='lat' dir='ltr'>quam</span> <span class='ocrx_word' id='word_1_232' title='bbox 189 2832 334 2898; x_wconf 87' lang='lat' dir='ltr'>ordinem</span> <span class='ocrx_word' id='word_1_233' title='bbox 357 2832 594 2914; x_wconf 84' lang='lat' dir='ltr'>ingrederetur,</span> <span class='ocrx_word' id='word_1_234' title='bbox 621 2832 673 2897; x_wconf 93' lang='lat' dir='ltr'>vel</span> <span class='ocrx_word' id='word_1_235' title='bbox 697 2833 751 2915; x_wconf 94' lang='lat' dir='ltr'>qui</span> <span class='ocrx_word' id='word_1_236' title='bbox 775 2854 886 2898; x_wconf 88' lang='lat' dir='ltr'>saeros</span> <span class='ocrx_word' id='word_1_237' title='bbox 910 2834 1040 2899; x_wconf 88' lang='lat' dir='ltr'>ordines</span> <span class='ocrx_word' id='word_1_238' title='bbox 1063 2834 1263 2899; x_wconf 87' lang='lat' dir='ltr'>contulerat:</span> <span class='ocrx_word' id='word_1_239' title='bbox 1288 2855 1393 2916; x_wconf 90' lang='lat' dir='ltr'>nsque</span> 
     </span>
     <span class='ocr_line' id='line_1_28' title="bbox 66 2921 1391 3006; baseline 0 -18"><span class='ocrx_word' id='word_1_240' title='bbox 66 2923 136 2988; x_wconf 89' lang='lat' dir='ltr'>sine</span> <span class='ocrx_word' id='word_1_241' title='bbox 159 2921 255 3004; x_wconf 91' lang='lat' dir='ltr'>gravi</span> <span class='ocrx_word' id='word_1_242' title='bbox 280 2942 380 2988; x_wconf 88' lang='lat' dir='ltr'>causa</span> <span class='ocrx_word' id='word_1_243' title='bbox 402 2927 534 3006; x_wconf 86' lang='lat' dir='ltr'>poterat</span> <span class='ocrx_word' id='word_1_244' title='bbox 557 2943 632 2987; x_wconf 89' lang='lat' dir='ltr'>eum</span> <span class='ocrx_word' id='word_1_245' title='bbox 655 2922 829 2988; x_wconf 83' lang='lat' dir='ltr'>excludere</span> <span class='ocrx_word' id='word_1_246' title='bbox 853 2943 871 2987; x_wconf 94' lang='lat' dir='ltr'>e</span> <span class='ocrx_word' id='word_1_247' title='bbox 894 2943 988 2989; x_wconf 87' lang='lat' dir='ltr'>sacro</span> <span class='ocrx_word' id='word_1_248' title='bbox 1016 2922 1195 2989; x_wconf 87' lang='lat' dir='ltr'>ministerio</span> <span class='ocrx_word' id='word_1_249' title='bbox 1219 2924 1272 2987; x_wconf 90' lang='lat' dir='ltr'>vel</span> <span class='ocrx_word' id='word_1_250' title='bbox 1295 2923 1391 2989; x_wconf 92' lang='lat' dir='ltr'>titulo</span> 
     </span>
     <span class='ocr_line' id='line_1_29' title="bbox 65 3010 880 3095; baseline 0 -18"><span class='ocrx_word' id='word_1_251' title='bbox 65 3010 327 3089; x_wconf 88' lang='lat' dir='ltr'>sustentationis,</span> <span class='ocrx_word' id='word_1_252' title='bbox 352 3032 415 3093; x_wconf 92' lang='lat' dir='ltr'>quo</span> <span class='ocrx_word' id='word_1_253' title='bbox 439 3011 608 3077; x_wconf 90' lang='lat' dir='ltr'>ordinatus</span> <span class='ocrx_word' id='word_1_254' title='bbox 632 3015 713 3090; x_wconf 88' lang='lat' dir='ltr'>erat,</span> <span class='ocrx_word' id='word_1_255' title='bbox 738 3011 880 3095; x_wconf 89' lang='lat' dir='ltr'>privare.</span> 
     </span>
    </p>
   </div>
   <div class='ocr_carea' id='block_1_8' title="bbox 337 3153 384 3160">
    <p class='ocr_par' dir='ltr' id='par_1_8' title="bbox 337 3153 384 3160">
     <span class='ocr_line' id='line_1_30' title="bbox 337 3153 384 3160; baseline 0.021 -1"><span class='ocrx_word' id='word_1_256' title='bbox 337 3153 384 3160; x_wconf 83' lang='lat'>-.—</span> 
     </span>
    </p>
   </div>
   <div class='ocr_carea' id='block_1_9' title="bbox 64 3220 1392 4651">
    <p class='ocr_par' dir='ltr' id='par_1_9' title="bbox 65 3220 1392 3532">
     <span class='ocr_line' id='line_1_31' title="bbox 158 3220 1390 3289; baseline -0.002 -12"><span class='ocrx_word' id='word_1_257' title='bbox 158 3227 167 3257; x_wconf 85' lang='lat'>¹</span> <span class='ocrx_word' id='word_1_258' title='bbox 186 3221 261 3287; x_wconf 84' lang='lat' dir='ltr'>Quae</span> <span class='ocrx_word' id='word_1_259' title='bbox 280 3221 428 3276; x_wconf 84' lang='lat' dir='ltr'>constituta</span> <span class='ocrx_word' id='word_1_260' title='bbox 447 3224 526 3275; x_wconf 89' lang='lat' dir='ltr'>erant</span> <span class='ocrx_word' id='word_1_261' title='bbox 543 3239 560 3274; x_wconf 94' lang='lat' dir='ltr'>a</span> <span class='ocrx_word' id='word_1_262' title='bbox 578 3220 639 3274; x_wconf 94' lang='lat' dir='ltr'>Pio</span> <span class='ocrx_word' id='word_1_263' title='bbox 658 3221 696 3275; x_wconf 88' lang='lat' dir='ltr'>IX</span> <span class='ocrx_word' id='word_1_264' title='bbox 715 3221 740 3274; x_wconf 88' lang='lat' dir='ltr'>d.</span> <span class='ocrx_word' id='word_1_265' title='bbox 757 3222 789 3275; x_wconf 89' lang='grc'>19</span> <span class='ocrx_word' id='word_1_266' title='bbox 801 3221 895 3274; x_wconf 88' lang='lat' dir='ltr'>Martii</span> <span class='ocrx_word' id='word_1_267' title='bbox 910 3220 977 3275; x_wconf 78' lang='lat'>1857</span> <span class='ocrx_word' id='word_1_268' title='bbox 992 3224 1020 3274; x_wconf 90' lang='lat' dir='ltr'>et</span> <span class='ocrx_word' id='word_1_269' title='bbox 1032 3223 1047 3275; x_wconf 79' lang='lat'><strong>7</strong></span> <span class='ocrx_word' id='word_1_270' title='bbox 1060 3220 1138 3275; x_wconf 78' lang='lat' dir='ltr'>Febr.</span> <span class='ocrx_word' id='word_1_271' title='bbox 1155 3220 1390 3289; x_wconf 62' lang='grc'><strong>1861111111,</strong></span> 
     </span>
     <span class='ocr_line' id='line_1_32' title="bbox 65 3300 1391 3374; baseline -0.004 -14"><span class='ocrx_word' id='word_1_272' title='bbox 65 3306 164 3372; x_wconf 75' lang='grc'><strong>1594)</strong></span> <span class='ocrx_word' id='word_1_273' title='bbox 185 3321 235 3374; x_wconf 93' lang='lat' dir='ltr'>pro</span> <span class='ocrx_word' id='word_1_274' title='bbox 248 3302 387 3357; x_wconf 89' lang='lat' dir='ltr'>ordinibus</span> <span class='ocrx_word' id='word_1_275' title='bbox 405 3301 595 3368; x_wconf 84' lang='lat' dir='ltr'>religiosorum</span> <span class='ocrx_word' id='word_1_276' title='bbox 612 3301 659 3370; x_wconf 91' lang='lat' dir='ltr'>qui</span> <span class='ocrx_word' id='word_1_277' title='bbox 677 3300 820 3355; x_wconf 89' lang='lat' dir='ltr'>sollemnia</span> <span class='ocrx_word' id='word_1_278' title='bbox 838 3304 902 3354; x_wconf 91' lang='lat' dir='ltr'>vota</span> <span class='ocrx_word' id='word_1_279' title='bbox 921 3301 1046 3355; x_wconf 89' lang='lat' dir='ltr'>emittere</span> <span class='ocrx_word' id='word_1_280' title='bbox 1064 3301 1162 3362; x_wconf 89' lang='lat' dir='ltr'>solent,</span> <span class='ocrx_word' id='word_1_281' title='bbox 1182 3318 1217 3354; x_wconf 87' lang='lat' dir='ltr'>ex</span> <span class='ocrx_word' id='word_1_282' title='bbox 1228 3301 1391 3355; x_wconf 86' lang='lat' dir='ltr'>auctoritate</span> 
     </span>
     <span class='ocr_line' id='line_1_33' title="bbox 65 3381 1392 3453; baseline -0.003 -13"><span class='ocrx_word' id='word_1_283' title='bbox 65 3385 164 3440; x_wconf 83' lang='lat' dir='ltr'>Leonis</span> <span class='ocrx_word' id='word_1_284' title='bbox 183 3383 248 3437; x_wconf 86' lang='lat' dir='ltr'>Xlll</span> <span class='ocrx_word' id='word_1_285' title='bbox 273 3401 322 3453; x_wconf 88' lang='lat' dir='ltr'>per</span> <span class='ocrx_word' id='word_1_286' title='bbox 347 3382 374 3436; x_wconf 88' lang='lat' dir='ltr'>S.</span> <span class='ocrx_word' id='word_1_287' title='bbox 394 3382 423 3437; x_wconf 86' lang='lat' dir='ltr'>C.</span> <span class='ocrx_word' id='word_1_288' title='bbox 450 3382 517 3452; x_wconf 85' lang='lat' dir='ltr'>Epp.</span> <span class='ocrx_word' id='word_1_289' title='bbox 544 3385 571 3434; x_wconf 90' lang='lat' dir='ltr'>et</span> <span class='ocrx_word' id='word_1_290' title='bbox 597 3382 664 3448; x_wconf 86' lang='lat' dir='ltr'>Reg.</span> <span class='ocrx_word' id='word_1_291' title='bbox 691 3382 716 3435; x_wconf 90' lang='lat' dir='ltr'>d.</span> <span class='ocrx_word' id='word_1_292' title='bbox 736 3382 761 3435; x_wconf 91' lang='lat' dir='ltr'>d.</span> <span class='ocrx_word' id='word_1_293' title='bbox 781 3382 797 3434; x_wconf 90' lang='lat'><strong>3</strong></span> <span class='ocrx_word' id='word_1_294' title='bbox 816 3382 881 3435; x_wconf 86' lang='lat' dir='ltr'>Maii</span> <span class='ocrx_word' id='word_1_295' title='bbox 903 3381 971 3435; x_wconf 87' lang='grc'><strong>1902</strong></span> <span class='ocrx_word' id='word_1_296' title='bbox 997 3386 1112 3436; x_wconf 86' lang='lat' dir='ltr'>extensa</span> <span class='ocrx_word' id='word_1_297' title='bbox 1136 3385 1201 3436; x_wconf 90' lang='lat' dir='ltr'>sunt</span> <span class='ocrx_word' id='word_1_298' title='bbox 1224 3381 1259 3435; x_wconf 87' lang='lat' dir='ltr'>ad</span> <span class='ocrx_word' id='word_1_299' title='bbox 1284 3382 1392 3437; x_wconf 90' lang='lat' dir='ltr'>ordines</span> 
     </span>
     <span class='ocr_line' id='line_1_34' title="bbox 65 3461 1018 3532; baseline -0.005 -12"><span class='ocrx_word' id='word_1_300' title='bbox 65 3464 224 3520; x_wconf 90' lang='lat' dir='ltr'>monialium</span> <span class='ocrx_word' id='word_1_301' title='bbox 242 3480 313 3532; x_wconf 87' lang='lat' dir='ltr'>quae</span> <span class='ocrx_word' id='word_1_302' title='bbox 331 3462 458 3516; x_wconf 90' lang='lat' dir='ltr'>similiter</span> <span class='ocrx_word' id='word_1_303' title='bbox 477 3462 606 3515; x_wconf 91' lang='lat' dir='ltr'>emittunt</span> <span class='ocrx_word' id='word_1_304' title='bbox 624 3465 690 3515; x_wconf 87' lang='lat' dir='ltr'>vota</span> <span class='ocrx_word' id='word_1_305' title='bbox 708 3461 856 3526; x_wconf 88' lang='lat' dir='ltr'>sollemnia,</span> <span class='ocrx_word' id='word_1_306' title='bbox 875 3461 1018 3515; x_wconf 86' lang='lat' dir='ltr'>videlicet:</span> 
     </span>
    </p>

    <p class='ocr_par' dir='ltr' id='par_1_10' title="bbox 64 3540 1392 3935">
     <span class='ocr_line' id='line_1_35' title="bbox 154 3540 1391 3614; baseline -0.002 -15"><span class='ocrx_word' id='word_1_307' title='bbox 154 3548 188 3599; x_wconf 92' lang='grc'>11</span> <span class='ocrx_word' id='word_1_308' title='bbox 214 3545 276 3614; x_wconf 90' lang='lat' dir='ltr'>post</span> <span class='ocrx_word' id='word_1_309' title='bbox 303 3546 429 3597; x_wconf 86' lang='lat' dir='ltr'>exactum</span> <span class='ocrx_word' id='word_1_310' title='bbox 451 3541 614 3595; x_wconf 89' lang='lat' dir='ltr'>novitiatum</span> <span class='ocrx_word' id='word_1_311' title='bbox 640 3545 668 3594; x_wconf 90' lang='lat' dir='ltr'>et</span> <span class='ocrx_word' id='word_1_312' title='bbox 693 3540 843 3609; x_wconf 87' lang='lat' dir='ltr'>legitimam</span> <span class='ocrx_word' id='word_1_313' title='bbox 868 3543 988 3594; x_wconf 69' lang='grc'><strong>00111111</strong></span> <span class='ocrx_word' id='word_1_314' title='bbox 1014 3542 1151 3610; x_wconf 84' lang='lat' dir='ltr'>expletam</span> <span class='ocrx_word' id='word_1_315' title='bbox 1176 3541 1303 3596; x_wconf 91' lang='lat' dir='ltr'>emittant</span> <span class='ocrx_word' id='word_1_316' title='bbox 1326 3546 1391 3596; x_wconf 91' lang='lat' dir='ltr'>vota</span> 
     </span>
     <span class='ocr_line' id='line_1_36' title="bbox 64 3620 1390 3695; baseline -0.002 -15"><span class='ocrx_word' id='word_1_317' title='bbox 64 3627 200 3695; x_wconf 78' lang='lat' dir='ltr'>simplicio</span> <span class='ocrx_word' id='word_1_318' title='bbox 217 3632 331 3693; x_wconf 80' lang='lat' dir='ltr'>tontum,</span> <span class='ocrx_word' id='word_1_319' title='bbox 351 3640 420 3692; x_wconf 86' lang='lat' dir='ltr'>quae</span> <span class='ocrx_word' id='word_1_320' title='bbox 439 3625 571 3692; x_wconf 88' lang='lat' dir='ltr'>perpetua</span> <span class='ocrx_word' id='word_1_321' title='bbox 583 3622 691 3690; x_wconf 91' lang='lat' dir='ltr'>quidem</span> <span class='ocrx_word' id='word_1_322' title='bbox 710 3639 770 3675; x_wconf 87' lang='lat' dir='ltr'>esse</span> <span class='ocrx_word' id='word_1_323' title='bbox 783 3621 882 3676; x_wconf 87' lang='lat' dir='ltr'>debent</span> <span class='ocrx_word' id='word_1_324' title='bbox 900 3639 935 3675; x_wconf 83' lang='lat' dir='ltr'>ex</span> <span class='ocrx_word' id='word_1_325' title='bbox 953 3624 1031 3691; x_wconf 91' lang='lat' dir='ltr'>parte</span> <span class='ocrx_word' id='word_1_326' title='bbox 1049 3620 1176 3675; x_wconf 88' lang='lat' dir='ltr'>voventis</span> <span class='ocrx_word' id='word_1_327' title='bbox 1194 3624 1276 3692; x_wconf 88' lang='lat' dir='ltr'>atque</span> <span class='ocrx_word' id='word_1_328' title='bbox 1295 3623 1390 3678; x_wconf 91' lang='lat' dir='ltr'>iisdem</span> 
     </span>
     <span class='ocr_line' id='line_1_37' title="bbox 64 3701 1392 3774; baseline -0.002 -14"><span class='ocrx_word' id='word_1_329' title='bbox 64 3705 259 3774; x_wconf 83' lang='lat' dir='ltr'>indulgentiis,</span> <span class='ocrx_word' id='word_1_330' title='bbox 287 3703 439 3774; x_wconf 89' lang='lat' dir='ltr'>privilegiis</span> <span class='ocrx_word' id='word_1_331' title='bbox 458 3707 486 3757; x_wconf 87' lang='lat' dir='ltr'>at</span> <span class='ocrx_word' id='word_1_332' title='bbox 504 3703 644 3757; x_wconf 90' lang='lat' dir='ltr'>favoribus</span> <span class='ocrx_word' id='word_1_333' title='bbox 663 3701 850 3771; x_wconf 88' lang='lat' dir='ltr'>spiritualibus</span> <span class='ocrx_word' id='word_1_334' title='bbox 869 3701 1000 3755; x_wconf 88' lang='lat' dir='ltr'>moniales</span> <span class='ocrx_word' id='word_1_335' title='bbox 1022 3701 1124 3755; x_wconf 91' lang='lat' dir='ltr'>donant</span> <span class='ocrx_word' id='word_1_336' title='bbox 1149 3705 1231 3770; x_wconf 92' lang='lat' dir='ltr'>atque</span> <span class='ocrx_word' id='word_1_337' title='bbox 1252 3702 1392 3759; x_wconf 90' lang='lat' dir='ltr'>sollemnis</span> 
     </span>
     <span class='ocr_line' id='line_1_38' title="bbox 64 3781 1391 3857; baseline -0.003 -16"><span class='ocrx_word' id='word_1_338' title='bbox 64 3785 206 3857; x_wconf 79' lang='lat' dir='ltr'>professio,</span> <span class='ocrx_word' id='word_1_339' title='bbox 224 3784 273 3838; x_wconf 88' lang='lat' dir='ltr'>aad</span> <span class='ocrx_word' id='word_1_340' title='bbox 286 3801 356 3852; x_wconf 91' lang='lat' dir='ltr'>quae</span> <span class='ocrx_word' id='word_1_341' title='bbox 375 3801 422 3854; x_wconf 91' lang='lat' dir='ltr'>per</span> <span class='ocrx_word' id='word_1_342' title='bbox 435 3783 663 3852; x_wconf 86' lang='lat' dir='ltr'>dispensationem</span> <span class='ocrx_word' id='word_1_343' title='bbox 677 3783 727 3834; x_wconf 69' lang='grc' dir='ltr'>11ιιο</span> <span class='ocrx_word' id='word_1_344' title='bbox 739 3781 863 3836; x_wconf 88' lang='lat' dir='ltr'>Pontifici</span> <span class='ocrx_word' id='word_1_345' title='bbox 882 3784 1051 3835; x_wconf 86' lang='lat' dir='ltr'>reservatam</span> <span class='ocrx_word' id='word_1_346' title='bbox 1070 3781 1177 3836; x_wconf 88' lang='lat' dir='ltr'>facilius</span> <span class='ocrx_word' id='word_1_347' title='bbox 1190 3781 1391 3838; x_wconf 89' lang='lat' dir='ltr'>dissolvuntur:</span> 
     </span>
     <span class='ocr_line' id='line_1_39' title="bbox 66 3861 1391 3935; baseline -0.003 -15"><span class='ocrx_word' id='word_1_348' title='bbox 66 3867 121 3935; x_wconf 86' lang='lat' dir='ltr'>(ius</span> <span class='ocrx_word' id='word_1_349' title='bbox 135 3865 211 3920; x_wconf 82' lang='lat' dir='ltr'>vocis</span> <span class='ocrx_word' id='word_1_350' title='bbox 223 3865 331 3918; x_wconf 84' lang='lat' dir='ltr'>activae</span> <span class='ocrx_word' id='word_1_351' title='bbox 344 3865 372 3916; x_wconf 91' lang='lat' dir='ltr'>et</span> <span class='ocrx_word' id='word_1_352' title='bbox 383 3862 519 3933; x_wconf 89' lang='lat' dir='ltr'>passivae,</span> <span class='ocrx_word' id='word_1_353' title='bbox 539 3867 568 3916; x_wconf 90' lang='lat' dir='ltr'>et</span> <span class='ocrx_word' id='word_1_354' title='bbox 581 3861 739 3931; x_wconf 83' lang='lat' dir='ltr'>eligibilitas</span> <span class='ocrx_word' id='word_1_355' title='bbox 752 3862 786 3915; x_wconf 89' lang='lat' dir='ltr'>ad</span> <span class='ocrx_word' id='word_1_356' title='bbox 799 3863 890 3914; x_wconf 91' lang='lat' dir='ltr'>munia</span> <span class='ocrx_word' id='word_1_357' title='bbox 903 3861 1032 3929; x_wconf 88' lang='lat' dir='ltr'>religiosa</span> <span class='ocrx_word' id='word_1_358' title='bbox 1048 3861 1169 3915; x_wconf 92' lang='lat' dir='ltr'>nonnihil</span> <span class='ocrx_word' id='word_1_359' title='bbox 1188 3862 1374 3931; x_wconf 86' lang='lat' dir='ltr'>restringitur)</span> <span class='ocrx_word' id='word_1_360' title='bbox 1385 3884 1391 3928; x_wconf 86' lang='lat'><strong>;</strong></span> 
     </span>
    </p>

    <p class='ocr_par' dir='ltr' id='par_1_11' title="bbox 64 3941 1391 4173">
     <span class='ocr_line' id='line_1_40' title="bbox 155 3941 1391 4014; baseline -0.001 -16"><span class='ocrx_word' id='word_1_361' title='bbox 155 3946 187 3999; x_wconf 90' lang='grc'>11</span> <span class='ocrx_word' id='word_1_362' title='bbox 199 3943 308 4014; x_wconf 87' lang='lat' dir='ltr'>expleto</span> <span class='ocrx_word' id='word_1_363' title='bbox 320 3943 437 3997; x_wconf 87' lang='lat' dir='ltr'>triennio</span> <span class='ocrx_word' id='word_1_364' title='bbox 449 3947 575 3996; x_wconf 86' lang='lat' dir='ltr'>votorum</span> <span class='ocrx_word' id='word_1_365' title='bbox 594 3941 758 4011; x_wconf 91' lang='lat' dir='ltr'>simplicium</span> <span class='ocrx_word' id='word_1_366' title='bbox 777 3942 811 3995; x_wconf 91' lang='lat' dir='ltr'>ad</span> <span class='ocrx_word' id='word_1_367' title='bbox 829 3942 1025 4012; x_wconf 85' lang='lat' dir='ltr'>professionem</span> <span class='ocrx_word' id='word_1_368' title='bbox 1044 3941 1203 3996; x_wconf 90' lang='lat' dir='ltr'>sollemnem</span> <span class='ocrx_word' id='word_1_369' title='bbox 1222 3943 1391 4009; x_wconf 86' lang='lat' dir='ltr'>admittetur,</span> 
     </span>
     <span class='ocr_line' id='line_1_41' title="bbox 64 4021 1390 4096; baseline -0.004 -15"><span class='ocrx_word' id='word_1_370' title='bbox 64 4026 117 4081; x_wconf 87' lang='lat' dir='ltr'>nisi</span> <span class='ocrx_word' id='word_1_371' title='bbox 129 4024 298 4096; x_wconf 89' lang='lat' dir='ltr'>dispensatio</span> <span class='ocrx_word' id='word_1_372' title='bbox 311 4024 344 4077; x_wconf 92' lang='lat' dir='ltr'>ad</span> <span class='ocrx_word' id='word_1_373' title='bbox 358 4023 514 4077; x_wconf 89' lang='lat' dir='ltr'>ulteriorem</span> <span class='ocrx_word' id='word_1_374' title='bbox 527 4022 684 4077; x_wconf 88' lang='lat' dir='ltr'>dilationem</span> <span class='ocrx_word' id='word_1_375' title='bbox 697 4023 734 4077; x_wconf 90' lang='lat' dir='ltr'>sit</span> <span class='ocrx_word' id='word_1_376' title='bbox 746 4027 858 4092; x_wconf 90' lang='lat' dir='ltr'>accepta</span> <span class='ocrx_word' id='word_1_377' title='bbox 871 4021 916 4075; x_wconf 91' lang='lat' dir='ltr'>vel</span> <span class='ocrx_word' id='word_1_378' title='bbox 934 4022 1023 4093; x_wconf 93' lang='lat' dir='ltr'>ipsum</span> <span class='ocrx_word' id='word_1_379' title='bbox 1036 4022 1192 4076; x_wconf 89' lang='lat' dir='ltr'>institutum</span> <span class='ocrx_word' id='word_1_380' title='bbox 1211 4023 1237 4076; x_wconf 92' lang='lat' dir='ltr'>id</span> <span class='ocrx_word' id='word_1_381' title='bbox 1256 4023 1390 4078; x_wconf 90' lang='lat' dir='ltr'>indultum</span> 
     </span>
     <span class='ocr_line' id='line_1_42' title="bbox 64 4102 1129 4173; baseline -0.006 -11"><span class='ocrx_word' id='word_1_382' title='bbox 64 4125 80 4161; x_wconf 88' lang='lat' dir='ltr'>a</span> <span class='ocrx_word' id='word_1_383' title='bbox 98 4106 126 4162; x_wconf 87' lang='lat' dir='ltr'>S.</span> <span class='ocrx_word' id='word_1_384' title='bbox 147 4104 217 4159; x_wconf 88' lang='lat' dir='ltr'>Sede</span> <span class='ocrx_word' id='word_1_385' title='bbox 234 4104 342 4169; x_wconf 89' lang='lat' dir='ltr'>habeat,</span> <span class='ocrx_word' id='word_1_386' title='bbox 360 4107 392 4157; x_wconf 91' lang='lat' dir='ltr'>ut</span> <span class='ocrx_word' id='word_1_387' title='bbox 410 4103 545 4173; x_wconf 88' lang='lat' dir='ltr'>simplicia</span> <span class='ocrx_word' id='word_1_388' title='bbox 565 4107 629 4156; x_wconf 90' lang='lat' dir='ltr'>vota</span> <span class='ocrx_word' id='word_1_389' title='bbox 647 4103 682 4156; x_wconf 91' lang='lat' dir='ltr'>ad</span> <span class='ocrx_word' id='word_1_390' title='bbox 701 4102 810 4171; x_wconf 85' lang='lat' dir='ltr'>longius</span> <span class='ocrx_word' id='word_1_391' title='bbox 828 4104 936 4172; x_wconf 89' lang='lat' dir='ltr'>tempus</span> <span class='ocrx_word' id='word_1_392' title='bbox 954 4103 1129 4166; x_wconf 89' lang='lat' dir='ltr'>emittantur;</span> 
     </span>
    </p>

    <p class='ocr_par' dir='ltr' id='par_1_12' title="bbox 65 4182 1389 4407">
     <span class='ocr_line' id='line_1_43' title="bbox 155 4182 1389 4253; baseline -0.002 -14"><span class='ocrx_word' id='word_1_393' title='bbox 155 4188 187 4240; x_wconf 93' lang='lat' dir='ltr'>ut</span> <span class='ocrx_word' id='word_1_394' title='bbox 199 4184 330 4239; x_wconf 88' lang='lat' dir='ltr'>moniales</span> <span class='ocrx_word' id='word_1_395' title='bbox 342 4183 477 4239; x_wconf 87' lang='lat' dir='ltr'>choristae</span> <span class='ocrx_word' id='word_1_396' title='bbox 490 4200 561 4252; x_wconf 89' lang='lat' dir='ltr'>quae</span> <span class='ocrx_word' id='word_1_397' title='bbox 574 4185 647 4238; x_wconf 91' lang='lat' dir='ltr'>votis</span> <span class='ocrx_word' id='word_1_398' title='bbox 661 4182 830 4253; x_wconf 87' lang='lat' dir='ltr'>simplicibus</span> <span class='ocrx_word' id='word_1_399' title='bbox 843 4186 949 4236; x_wconf 87' lang='lat' dir='ltr'>tantum</span> <span class='ocrx_word' id='word_1_400' title='bbox 962 4182 1092 4251; x_wconf 89' lang='lat' dir='ltr'>ligantur,</span> <span class='ocrx_word' id='word_1_401' title='bbox 1111 4183 1145 4237; x_wconf 89' lang='lat' dir='ltr'>ad</span> <span class='ocrx_word' id='word_1_402' title='bbox 1158 4182 1268 4237; x_wconf 89' lang='lat' dir='ltr'>chorum</span> <span class='ocrx_word' id='word_1_403' title='bbox 1282 4184 1389 4253; x_wconf 89' lang='lat' dir='ltr'>quidem</span> 
     </span>
     <span class='ocr_line' id='line_1_44' title="bbox 65 4262 1388 4333; baseline -0.002 -12"><span class='ocrx_word' id='word_1_404' title='bbox 65 4270 210 4322; x_wconf 88' lang='lat' dir='ltr'>teneantur</span> <span class='ocrx_word' id='word_1_405' title='bbox 232 4268 264 4319; x_wconf 90' lang='lat' dir='ltr'>ut</span> <span class='ocrx_word' id='word_1_406' title='bbox 281 4264 416 4333; x_wconf 87' lang='lat' dir='ltr'>reliquae,</span> <span class='ocrx_word' id='word_1_407' title='bbox 443 4281 459 4317; x_wconf 93' lang='lat' dir='ltr'>a</span> <span class='ocrx_word' id='word_1_408' title='bbox 478 4263 559 4318; x_wconf 91' lang='lat' dir='ltr'>choro</span> <span class='ocrx_word' id='word_1_409' title='bbox 578 4267 670 4317; x_wconf 88' lang='lat' dir='ltr'>autern</span> <span class='ocrx_word' id='word_1_410' title='bbox 689 4262 811 4331; x_wconf 89' lang='lat' dir='ltr'>legitime</span> <span class='ocrx_word' id='word_1_411' title='bbox 829 4262 975 4332; x_wconf 88' lang='lat' dir='ltr'>impeditae</span> <span class='ocrx_word' id='word_1_412' title='bbox 994 4264 1027 4316; x_wconf 93' lang='lat' dir='ltr'>ad</span> <span class='ocrx_word' id='word_1_413' title='bbox 1047 4264 1184 4333; x_wconf 86' lang='lat' dir='ltr'>privatam</span> <span class='ocrx_word' id='word_1_414' title='bbox 1202 4263 1285 4317; x_wconf 89' lang='lat' dir='ltr'>officii</span> <span class='ocrx_word' id='word_1_415' title='bbox 1304 4264 1388 4318; x_wconf 89' lang='lat' dir='ltr'>divini</span> 
     </span>
     <span class='ocr_line' id='line_1_45' title="bbox 65 4347 501 4407; baseline -0.011 -5"><span class='ocrx_word' id='word_1_416' title='bbox 65 4347 252 4402; x_wconf 82' lang='lat' dir='ltr'>recitationem</span> <span class='ocrx_word' id='word_1_417' title='bbox 271 4363 324 4398; x_wconf 91' lang='lat' dir='ltr'>uon</span> <span class='ocrx_word' id='word_1_418' title='bbox 342 4348 501 4407; x_wconf 87' lang='lat' dir='ltr'>teneantur;</span> 
     </span>
    </p>

    <p class='ocr_par' dir='ltr' id='par_1_13' title="bbox 67 4423 1389 4651">
     <span class='ocr_line' id='line_1_46' title="bbox 154 4423 1389 4495; baseline -0.004 -14"><span class='ocrx_word' id='word_1_419' title='bbox 154 4429 186 4481; x_wconf 90' lang='lat' dir='ltr'>ut</span> <span class='ocrx_word' id='word_1_420' title='bbox 203 4430 324 4495; x_wconf 87' lang='lat' dir='ltr'>tempore</span> <span class='ocrx_word' id='word_1_421' title='bbox 343 4428 467 4479; x_wconf 90' lang='lat' dir='ltr'>votorum</span> <span class='ocrx_word' id='word_1_422' title='bbox 486 4423 650 4494; x_wconf 90' lang='lat' dir='ltr'>simplicium</span> <span class='ocrx_word' id='word_1_423' title='bbox 670 4424 807 4477; x_wconf 86' lang='lat' dir='ltr'>retineant</span> <span class='ocrx_word' id='word_1_424' title='bbox 824 4423 943 4478; x_wconf 89' lang='lat' dir='ltr'>radicale</span> <span class='ocrx_word' id='word_1_425' title='bbox 957 4423 1103 4477; x_wconf 91' lang='lat' dir='ltr'>dominium</span> <span class='ocrx_word' id='word_1_426' title='bbox 1123 4424 1252 4478; x_wconf 91' lang='lat' dir='ltr'>bonorum</span> <span class='ocrx_word' id='word_1_427' title='bbox 1270 4439 1389 4487; x_wconf 91' lang='lat' dir='ltr'>suorum,</span> 
     </span>
     <span class='ocr_line' id='line_1_47' title="bbox 67 4502 1389 4576; baseline -0.004 -15"><span class='ocrx_word' id='word_1_428' title='bbox 67 4508 98 4562; x_wconf 91' lang='lat' dir='ltr'>de</span> <span class='ocrx_word' id='word_1_429' title='bbox 117 4525 171 4576; x_wconf 88' lang='lat' dir='ltr'>qno</span> <span class='ocrx_word' id='word_1_430' title='bbox 190 4505 329 4560; x_wconf 88' lang='lat' dir='ltr'>definitive</span> <span class='ocrx_word' id='word_1_431' title='bbox 348 4505 488 4576; x_wconf 87' lang='lat' dir='ltr'>disponere</span> <span class='ocrx_word' id='word_1_432' title='bbox 514 4508 651 4573; x_wconf 89' lang='lat' dir='ltr'>nequeant</span> <span class='ocrx_word' id='word_1_433' title='bbox 673 4504 727 4558; x_wconf 91' lang='lat' dir='ltr'>nisi</span> <span class='ocrx_word' id='word_1_434' title='bbox 752 4504 910 4558; x_wconf 84' lang='lat' dir='ltr'>introduce</span> <span class='ocrx_word' id='word_1_435' title='bbox 935 4521 1041 4557; x_wconf 90' lang='lat' dir='ltr'>menses</span> <span class='ocrx_word' id='word_1_436' title='bbox 1066 4507 1131 4556; x_wconf 89' lang='lat' dir='ltr'>ante</span> <span class='ocrx_word' id='word_1_437' title='bbox 1155 4502 1311 4556; x_wconf 90' lang='lat' dir='ltr'>sollemnem</span> <span class='ocrx_word' id='word_1_438' title='bbox 1330 4520 1389 4572; x_wconf 90' lang='lat' dir='ltr'>pro·</span> 
     </span>
     <span class='ocr_line' id='line_1_48' title="bbox 67 4579 1388 4651; baseline -0.005 -10"><span class='ocrx_word' id='word_1_439' title='bbox 67 4588 212 4644; x_wconf 83' lang='lat' dir='ltr'>fessicnem</span> <span class='ocrx_word' id='word_1_440' title='bbox 237 4586 272 4640; x_wconf 88' lang='lat' dir='ltr'>ad</span> <span class='ocrx_word' id='word_1_441' title='bbox 297 4604 417 4640; x_wconf 89' lang='lat' dir='ltr'>normam</span> <span class='ocrx_word' id='word_1_442' title='bbox 438 4586 465 4640; x_wconf 90' lang='lat' dir='ltr'>S.</span> <span class='ocrx_word' id='word_1_443' title='bbox 484 4586 512 4640; x_wconf 82' lang='lat' dir='ltr'>C.</span> <span class='ocrx_word' id='word_1_444' title='bbox 533 4585 626 4639; x_wconf 81' lang='lat' dir='ltr'>Trid.</span> <span class='ocrx_word' id='word_1_445' title='bbox 646 4601 713 4638; x_wconf 88' lang='lat' dir='ltr'>sess.</span> <span class='ocrx_word' id='word_1_446' title='bbox 734 4585 783 4649; x_wconf 80' lang='lat'>25,</span> <span class='ocrx_word' id='word_1_447' title='bbox 809 4602 832 4638; x_wconf 91' lang='lat' dir='ltr'>c.</span> <span class='ocrx_word' id='word_1_448' title='bbox 855 4585 886 4638; x_wconf 92' lang='grc'>16</span> <span class='ocrx_word' id='word_1_449' title='bbox 912 4586 1012 4650; x_wconf 67' lang='lat' dir='ltr'>dores.</span> <span class='ocrx_word' id='word_1_450' title='bbox 1033 4601 1086 4651; x_wconf 77' lang='lat' dir='ltr'>rep.</span> <span class='ocrx_word' id='word_1_451' title='bbox 1105 4592 1216 4636; x_wconf 69' lang='grc'><strong>01111111.</strong></span> <span class='ocrx_word' id='word_1_452' title='bbox 1254 4579 1287 4634; x_wconf 88' lang='lat' dir='ltr'>V.</span> <span class='ocrx_word' id='word_1_453' title='bbox 1306 4586 1388 4636; x_wconf 74' lang='lat' dir='ltr'>Aeol.</span> 
     </span>
    </p>
   </div>
   <div class='ocr_carea' id='block_1_10' title="bbox 68 4667 347 4739">
    <p class='ocr_par' dir='ltr' id='par_1_14' title="bbox 68 4667 347 4739">
     <span class='ocr_line' id='line_1_49' title="bbox 68 4667 347 4739; baseline -0.011 -16"><span class='ocrx_word' id='word_1_454' title='bbox 68 4667 347 4739; x_wconf 58' lang='lat' dir='ltr'>mXpmm</span> 
     </span>
    </p>
   </div>
   <div class='ocr_carea' id='block_1_11' title="bbox 0 0 1558 5168">
    <p class='ocr_par' dir='ltr' id='par_1_15' title="bbox 0 0 1558 5168">
     <span class='ocr_line' id='line_1_50' title="bbox 0 0 1558 5168; baseline 0 0"><span class='ocrx_word' id='word_1_455' title='bbox 0 0 1558 5168; x_wconf 95' lang='lat' dir='ltr'> </span> 
     </span>
    </p>
   </div>
  </div>
 </body>
</html>
