3106 5168
221 275 374 331 'Franelatio
393 277 443 330 iur.
462 296 487 348 p.
507 281 663 332 contractus
682 307 716 316 -
735 281 820 331 contr.
837 277 974 332 defectus:
994 294 1073 332 error
1091 285 1113 330 et
1130 281 1219 344 fraus.
1315 284 1379 348 409

298 479 446 545 ERROR
469 481 525 546 ΕΤ
548 480 692 547 FRAUS
715 480 763 545 IN
787 480 1049 546 CONTRAGTU
1077 480 1145 563 (Il).

616 636 726 703 Casus.
753 643 829 712 (250)

151 777 320 836 Frontonus
334 777 429 836 voluit
443 797 461 836 a
475 777 613 837 Firmano
632 797 735 853 agrum
750 797 855 847 emere,
870 777 919 853 qui
940 777 997 835 sibi
1010 777 1136 836 vicinior
1151 784 1216 836 erat
1237 784 1267 837 et
1287 781 1382 855 magis

61 857 232 916 commodus
254 876 340 932 quam
360 859 497 934 proprius
518 878 605 932 ager3
634 859 687 916 sed
713 863 834 934 propter
855 858 1036 935 quadruplex
1058 857 1184 935 pretium
1205 878 1223 916 a
1244 859 1383 920 Firmano

60 938 243 1014 postulatum
265 937 391 996 desistit.
432 937 514 1007 Quod
537 957 601 996 cum
624 957 714 1013 aegro
736 938 833 996 animo
855 939 949 997 amico
970 943 1136 1005 narrasset,
1161 938 1210 996 hic
1234 938 1316 1010 ,sine
1336 959 1383 998 me

61 1020 168 1093 agere⁴⁴
193 1017 243 1076 ait.
275 1016 469 1077 Occasionem
484 1018 569 1094 quasi
583 1019 734 1078 fortuitam
748 1025 854 1076 nactus
869 1024 972 1076 narrat
985 1019 1124 1077 Firmano
1140 1038 1172 1077 se
1185 1019 1217 1076 in
1231 1039 1285 1077 suo
1300 1039 1382 1094 agro,

61 1098 139 1173 quod
160 1097 330 1172 contiguum
353 1098 393 1157 sit
414 1118 484 1172 agro
500 1099 652 1169 Frontoni,
673 1097 823 1157 invenisse
844 1117 937 1156 venas
958 1098 1079 1168 metalli,
1101 1118 1176 1174 quae
1197 1100 1276 1157 ultra
1296 1099 1384 1159 huius

60 1178 170 1236 limites
185 1178 273 1236 etiam
288 1178 504 1254 producantur;
525 1179 707 1237 Frontonum
721 1178 848 1236 nondum
864 1178 1018 1253 quidquam
1041 1179 1132 1248 scire;
1157 1178 1213 1237 sibi
1233 1179 1263 1237 in
1285 1180 1383 1239 animo

61 1278 129 1315 esse
150 1277 217 1316 mox
240 1262 411 1316 construere
433 1259 585 1317 machinas
604 1259 640 1316 ad
656 1259 826 1317 sumendum
842 1259 1083 1335 experimentum,
1106 1258 1157 1316 sed
1179 1277 1212 1317 se
1232 1261 1383 1335 praeferre

60 1357 134 1414 prae
149 1339 300 1396 Frontone
322 1339 446 1397 alterum
468 1340 589 1410 socium,
612 1358 676 1397 cum
698 1338 911 1396 deveniendum
933 1338 973 1397 sit
994 1339 1031 1396 ad
1052 1358 1189 1413 magnum
1211 1339 1323 1398 lucrum
1346 1360 1384 1399 ex

60 1417 171 1476 fodinis
191 1418 394 1487 hauriendum,
417 1419 451 1476 de
474 1438 529 1494 quo
551 1419 687 1477 faciendo
709 1437 742 1476 se
762 1437 821 1475 non
843 1419 968 1494 amplius
990 1419 1132 1477 dubitare.
1178 1419 1252 1490 ,Pro
1271 1419 1383 1492 dolor‘,

61 1497 172 1573 inquit,
205 1498 298 1573 ,quod
325 1504 355 1556 te
377 1498 488 1557 socium
515 1518 574 1557 non
603 1498 713 1575 possim
734 1498 868 1557 habere*
916 1497 1010 1570 ,0h“,
1039 1499 1198 1574 respondet
1218 1499 1384 1570 Firmanus,

65 1580 212 1645 ,fortasse
234 1598 295 1636 rem
310 1597 485 1653 componere
506 1598 634 1655 possum,
656 1579 709 1638 sed
730 1578 795 1648 sile,
816 1597 935 1653 quaeso,
956 1578 1075 1637 interim
1090 1598 1161 1653 erga
1175 1579 1381 1640 Frontonum.“

61 1659 220 1717 Firmanus
254 1658 344 1732 igitur
373 1659 555 1717 Frontonum
590 1659 652 1717 adit
686 1678 830 1734 quaerens
865 1677 933 1716 nuru
969 1659 1137 1718 etiamnunc
1172 1659 1317 1733 cogitaret
1350 1662 1385 1720 de

61 1739 186 1796 emendo
207 1758 288 1812 agro.
331 1737 441 1806 Quodsi
461 1739 588 1815 pretium
609 1759 626 1797 a
648 1759 680 1797 sc
701 1739 881 1816 postulatum
902 1738 1022 1797 nimium
1044 1758 1111 1798 esse
1132 1744 1232 1815 putet,
1254 1760 1286 1798 se
1309 1741 1385 1816 cogi·

60 1827 145 1876 tasse
167 1818 202 1875 de
223 1818 281 1876 alio
303 1818 395 1876 modo.

153 1897 191 1956 Se
211 1897 277 1957 ideo
297 1904 412 1956 tantum
433 1899 611 1974 postulasse,
634 1897 703 1973 qnia
724 1898 781 1956 sibi
796 1897 898 1956 durum
913 1903 994 1956 esset
1009 1899 1086 1957 omni
1108 1918 1180 1972 agro
1195 1918 1311 1970 carere;
1334 1900 1386 1959 sed

60 1996 141 2036 nunc
163 1977 218 2036 sihi
239 1978 270 2036 in
291 1984 418 2037 mentem
438 1979 573 2048 venisse,
601 1978 665 2036 fieri
693 1997 781 2053 posse
802 1977 1058 2037 commutationem
1079 1979 1156 2037 inter
1176 1998 1279 2054 agrum
1300 2000 1386 2039 suum

61 2067 94 2115 et
115 2077 217 2132 agrum
238 2058 396 2128 Frontoni,
424 2059 505 2117 lacta
526 2057 677 2132 utriusque
704 2058 784 2116 iusta
805 2059 1030 2134 appretiatione.
1072 2058 1126 2118 (lui
1147 2060 1275 2117 assentit
1295 2060 1386 2119 Fron·

61 2147 167 2207 tonus,
195 2139 277 2196 facta
304 2144 403 2197 tamen
424 2139 489 2213 agri
516 2138 562 2197 sui
584 2138 808 2208 aestimatione,
840 2158 913 2213 quae
935 2139 1092 2197 excessivo
1113 2145 1178 2198 erat
1203 2140 1292 2198 etiam
1313 2159 1386 2217 prae

63 2218 271 2277 aestimatione
293 2238 379 2293 quam
400 2218 557 2277 Firmanus
578 2219 672 2293 quoad
695 2238 780 2277 suum
802 2237 905 2292 agrum
926 2219 1046 2277 lecerat.

153 2298 226 2357 Post
244 2304 429 2357 contractum
445 2299 615 2358 conclusum
636 2304 667 2357 et
686 2298 908 2374 inscriptionem
930 2299 960 2357 in
975 2301 1093 2358 tabulas
1114 2299 1247 2377 publicas
1265 2300 1386 2371 factam,

62 2398 129 2437 cum
152 2379 307 2437 Firmanus
335 2379 425 2438 vellet
453 2377 684 2455 experimentum
713 2398 829 2438 sumere
856 2389 888 2438 et
914 2379 1061 2456 inquirere
1088 2380 1124 2438 de
1151 2380 1236 2438 venis
1264 2381 1385 2452 metalli,

61 2459 205 2517 Frontoni
229 2458 341 2517 amicus
363 2458 433 2516 dicit
454 2478 487 2516 se
509 2459 607 2534 specie
629 2459 740 2516 metalli
763 2459 896 2518 delusum
918 2480 984 2519 esse
1006 2466 1036 2518 et
1056 2458 1135 2518 omni
1156 2480 1208 2536 spe
1230 2459 1386 2520 excidisse.

63 2563 240 2633 Qunamrun
268 2564 336 2639 quid
364 2564 517 2622 dicendum
547 2565 586 2622 sit
613 2564 648 2622 de
676 2565 777 2623 valore
805 2565 891 2624 istius
920 2570 1090 2625 contractus
1118 2571 1205 2642 atque
1231 2568 1267 2625 de
1288 2565 1387 2626 damni

268 2644 362 2702 exorti
385 2645 580 2720 reparatione.

658 2768 792 2837 Salutio.

155 2911 206 2973 Au
229 2929 420 2984 quausrruu
450 2911 489 2975 R.
517 2912 544 2975 l.
592 2910 644 2973 Ex
672 2909 728 2987 iis,
760 2931 843 2991 quae
867 2909 955 2977 dicta
985 2915 1061 2976 sunt
1091 2911 1132 2974 ad
1157 2930 1267 2974 casum
1290 2922 1449 2993 prae-810

63 2999 250 3073 cedentem,
280 2998 345 3062 iam
375 3003 468 3081 patet
497 2998 640 3081 positiva
668 2997 741 3063 iura
769 2999 855 3063 inter
882 3019 917 3062 se
947 3019 1011 3063 non
1042 2999 1171 3064 omnino
1202 2999 1385 3064 convenire.

62 3088 150 3153 Nam
175 3087 351 3151 secundum
374 3087 425 3151 ius
449 3086 596 3153 Gallie.
622 3091 826 3153 contractum
858 3088 1037 3152 rescindere
1060 3086 1231 3151 Firmanus
1254 3087 1385 3168 nequit:

63 3176 151 3258 quod
173 3180 284 3241 tamen
307 3176 357 3240 ius
381 3177 434 3240 vel
457 3176 689 3259 obligationem
713 3197 776 3241 non
800 3175 880 3241 lacit
902 3174 936 3240 in
959 3176 1030 3241 foro
1054 3175 1281 3240 conscientiae.

154 3282 192 3347 R.
218 3285 248 3348 2.
288 3281 470 3346 Secundum
493 3282 544 3347 ius
567 3285 705 3347 naturae
728 3287 763 3347 et
785 3280 961 3346 secundum
984 3280 1161 3364 positivum
1183 3278 1233 3344 ius
1258 3280 1385 3346 Germ.

63 3370 220 3453 distingui
244 3370 349 3437 dehet.
390 3370 423 3436 Si
440 3371 623 3436 Frontonus
647 3371 811 3436 actionum
834 3370 1115 3435 fraudulentarum
1139 3368 1286 3434 conscius
1314 3373 1388 3436 erat

64 3461 117 3526 vel
140 3461 180 3524 de
203 3459 372 3524 fraudibus
389 3460 559 3525 dubitabat
583 3463 681 3541 atque
705 3460 752 3526 ita
775 3458 937 3541 inquirere
961 3465 994 3524 et
1017 3458 1164 3523 fraudem
1189 3477 1387 3539 cognoscere

64 3551 216 3625 debebat,
241 3549 331 3613 fraus
353 3548 411 3612 illa
433 3550 474 3613 ab
491 3548 594 3612 amico
618 3548 764 3615 adhibita
786 3549 876 3626 facit,
901 3552 938 3612 ut
953 3547 1137 3614 Frontonus
1161 3547 1387 3613 rescissionem

64 3642 254 3704 contractus
276 3636 347 3719 pati
362 3638 489 3714 debeat,
514 3658 553 3701 ac
576 3636 604 3700 si
626 3638 696 3720 ipse
711 3637 860 3702 fraudem
876 3636 1099 3702 commisisset.
1138 3635 1247 3717 Atque
1271 3657 1389 3702 revera

64 3750 107 3792 ex
138 3747 216 3792 casu
249 3726 350 3791 allato
386 3725 608 3809 praesumptio
639 3747 679 3791 ea
709 3731 776 3804 est,
817 3726 902 3808 quod
931 3725 1117 3792 Frontonus
1148 3725 1274 3791 fraudis
1306 3725 1388 3793 satis

64 3816 167 3882 fuerit
189 3814 347 3881 conscius.

156 3905 262 3980 Quare
297 3903 426 3969 etiamsi
459 3902 493 3967 in
525 3904 596 3968 loro
629 3909 766 3969 externo
799 3904 880 3968 haee
911 3903 1067 3969 Frontoni
1100 3904 1303 3987 complicitos
1334 3904 1389 3968 vel

64 3993 192 4060 fraudis
215 3993 358 4075 cognitio
382 3992 513 4077 probari
537 4014 601 4057 non
624 3993 744 4076 possit,
775 3993 809 4057 in
832 3993 1031 4058 conscientia
1053 3997 1164 4058 tamen
1188 3993 1389 4075 obligaretur

64 4085 107 4150 ad
131 4082 380 4148 rescindendum
404 4085 617 4147 contractum.
665 4083 698 4148 Si
722 4086 851 4159 tamen,
875 4082 1034 4165 imprimis
1056 4082 1089 4146 in
1113 4081 1287 4148 territoriis
1309 4081 1389 4145 iuris

65 4173 188 4244 Gall,
228 4172 299 4237 loco
330 4170 531 4236 rescissionis
563 4171 694 4253 plenam
724 4171 971 4238 indemnitatem
1002 4171 1153 4236 Firmano
1190 4174 1387 4253 praestaret,

63 4260 227 4328 iniustitia
250 4261 357 4342 quoad
379 4259 596 4325 substantiam
620 4264 709 4325 esset
732 4261 878 4338 sublata,
909 4261 962 4325 vel
993 4260 1110 4326 saltem
1133 4258 1315 4341 generatim
1338 4257 1388 4322 in-

65 4350 229 4417 ordinatio
252 4370 316 4414 non
341 4353 429 4414 esset
451 4349 573 4431 gravis.

155 4456 194 4521 R.
220 4458 251 4521 3.
297 4453 514 4519 Nihilominus
537 4455 608 4519 fieri
637 4459 762 4538 potest,
794 4457 831 4518 ut
854 4454 1038 4521 Frontonus
1060 4452 1138 4517 nihil
1162 4452 1261 4517 sciret
1284 4470 1447 4534 nequeam

65 4545 289 4630 suspicaretur
305 4544 344 4608 de
360 4543 528 4608 fraudibus
552 4544 593 4608 ab
617 4543 721 4608 amico
746 4542 908 4608 adhibitis.
945 4541 1013 4618 Quo
1037 4542 1069 4605 111
1093 4562 1170 4606 casu
1194 4540 1308 4605 nullibi
1331 4541 1388 4604 ob·

65 4636 189 4718 ligatus
213 4632 285 4710 erit,
311 4653 352 4697 ne
374 4633 407 4696 in
431 4632 630 4698 conscientia
653 4632 780 4713 quidem
805 4632 885 4706 sola,
909 4631 952 4696 ad
975 4635 1178 4697 contractum
1202 4628 1388 4694 rescinden-
