3106 5168
184 275 249 338 354
322 271 362 326 De
381 271 528 326 virtutibus
546 276 575 326 et
592 271 690 326 officiis
708 287 774 339 erga
792 270 922 325 homines.
941 301 976 310 —
994 270 1046 326 off.
1064 271 1138 326 circa
1155 270 1225 325 bona
1243 274 1367 326 externa

183 447 343 529 Iugurtha
365 448 538 532 prefacta
561 448 809 515 defraudatione
831 448 864 513 in
889 469 1075 513 communes
1098 448 1313 515 necessitates
1336 469 1396 514 seu
1421 448 1510 515 utili·

183 540 272 603 tates
302 537 467 614 conferat,
497 537 525 602 si
555 558 590 602 se
620 537 867 621 proportionata
897 537 979 603 satis
1008 537 1072 603 iam
1104 538 1226 603 adeas
1249 537 1431 604 contulisse
1461 537 1510 603 iu·

184 625 293 691 dicare
316 631 466 709 nequeat.

620 770 824 836 MILITIAM
847 770 1066 838 EVADENS.

738 909 848 977 Casus.
875 918 950 986 (217)

271 1045 401 1105 Manlius
422 1045 538 1104 iuvenis
559 1045 693 1105 militiam
714 1046 877 1105 abhorrens
905 1052 994 1123 atque
1021 1045 1135 1105 alendis
1163 1045 1336 1123 parentibus
1365 1047 1429 1105 fere
1458 1067 1506 1106 ne-

183 1127 332 1186 cessarius
354 1125 602 1201 conscriptionem
624 1127 752 1201 effugere
773 1126 873 1185 studet
893 1127 1008 1201 fingens
1030 1128 1161 1185 morbum
1190 1131 1220 1185 et
1247 1126 1382 1184 desectus
1403 1145 1506 1205 corpo·

181 1208 261 1266 rales
282 1211 370 1282 atque
384 1206 496 1264 medico
512 1226 549 1264 ex
563 1207 661 1266 officio
683 1207 854 1276 constituto,
876 1226 961 1282 quem
975 1207 1158 1265 dubitantem
1180 1205 1402 1277 animadvertit,
1423 1213 1507 1267 nota·

182 1287 233 1346 bili
254 1306 375 1345 munere
396 1287 432 1345 de
452 1286 579 1345 veritate
600 1287 694 1345 morbi
715 1286 894 1363 persuadere
915 1287 1022 1346 studet.
1052 1287 1157 1362 Itaque
1177 1286 1306 1363 incapax
1327 1286 1505 1347 declaratum

182 1365 403 1436 Confessarius,
426 1366 473 1425 cui
493 1386 554 1425 rem
576 1372 691 1435 narrat,
714 1386 778 1426 eum
799 1368 899 1426 laesae
920 1386 979 1425 non
1001 1366 1095 1426 solum
1115 1367 1247 1426 iustitiae
1268 1366 1374 1442 legalis
1396 1369 1505 1443 arguit,

182 1447 234 1506 sed
256 1447 345 1507 etiam
367 1446 594 1506 commutativae
614 1447 746 1506 iustitiae
768 1467 920 1522 argaeum
940 1447 1085 1517 iuvenem,
1107 1446 1158 1522 qui
1178 1447 1281 1506 ultimo
1302 1448 1369 1506 loco
1383 1447 1505 1507 militari

181 1528 281 1586 manui
303 1526 471 1603 adscriptus
492 1527 541 1596 sit,
563 1526 620 1604 qui,
643 1528 694 1596 ait,
718 1527 783 1585 sine
804 1527 891 1586 dubio
912 1528 987 1586 liber
1008 1526 1165 1596 evasisset,
1187 1526 1212 1585 si
1234 1527 1365 1586 Manlius
1387 1546 1406 1586 a
1427 1529 1505 1586 frau-

182 1608 267 1666 dibus
288 1606 499 1666 abstinuisset:
529 1613 707 1684 quapropter
728 1607 755 1666 ei
778 1608 975 1685 reparandum
997 1626 1063 1666 esse
1085 1607 1221 1665 damnum
1242 1608 1407 1684 temporale
1428 1609 1504 1685 quod

181 1687 238 1746 hoc
258 1687 344 1747 modo
365 1686 529 1746 incurrerit.

182 1791 359 1863 Quaeramus
380 1796 409 1851 1⁰
434 1812 577 1869 quaenam
599 1793 639 1852 sit
659 1793 800 1869 obligatio
822 1794 858 1852 ad
880 1792 1023 1852 militiam.

379 1885 410 1940 2ο
434 1888 553 1942 rectene
574 1882 750 1942 iudicaverit
770 1882 874 1940 Manlii
896 1881 1106 1941 confessarius.

773 2064 909 2131 Salutio.

119 2219 172 2275 τοο
270 2201 322 2266 An
346 2220 537 2275 Quassmuu
562 2204 599 2264 1¹¹¹
622 2199 661 2266 R.
688 2201 717 2265 1.
765 2200 798 2265 Si
820 2199 894 2283 lege
916 2199 1050 2265 inducta
1076 2202 1128 2264 est
1152 2197 1347 2282 conscriptio
1372 2198 1503 2263 univer·

181 2288 276 2368 salis,
307 2290 362 2354 lex
385 2289 442 2354 illa
471 2311 530 2372 pro
554 2289 807 2355 circumstantiis
838 2289 900 2354 dici
930 2289 1043 2371 nequit
1074 2309 1133 2371 per
1156 2307 1192 2352 se
1215 2292 1249 2353 et
1278 2287 1432 2352 absolute
1453 2288 1502 2352 in·

179 2378 514 2532 iisifflapmpw
543 2378 724 2459 generatim
754 2377 881 2444 iustitia
907 2380 1001 2462 tepuit
1024 2377 1159 2442 iuvenes
1181 2379 1336 2442 tenentur
1365 2375 1413 2441 illi
1437 2377 1503 2458 legi

269 2565 307 2630 R.
326 2567 356 2630 2.
396 2564 536 2629 Possunt
559 2568 670 2629 tamen
693 2584 766 2628 esse
797 2564 957 2640 rationes,
992 2584 1049 2628 cur
1081 2563 1113 2627 in
1146 2560 1304 2644 singulari
1336 2582 1416 2627 casu
1448 2562 1502 2627 lex

180 2653 302 2720 evadat
332 2652 462 2719 iniusta.
510 2652 556 2718 Ut
588 2653 674 2717 enim
705 2658 832 2719 taceam
866 2674 938 2717 eum
970 2673 1097 2729 casum,
1131 2672 1193 2735 quo
1227 2650 1323 2734 culpa
1352 2651 1502 2733 gnbernii

180 2763 299 2807 causae
322 2741 495 2823 religiosae
518 2741 657 2807 militum
680 2763 743 2805 non
760 2741 981 2825 provideatur,
1006 2741 1059 2805 vel
1083 2762 1146 2822 que
1169 2740 1202 2804 in
1225 2739 1410 2823 proximam
1426 2761 1502 2823 pec·

181 2831 246 2896 cati
269 2830 470 2896 occasionem
495 2830 713 2896 conicientur:
737 2834 875 2913 possunt
898 2851 970 2895 esse
992 2831 1025 2894 in
1049 2830 1147 2895 certis
1163 2827 1346 2894 hominibus
1363 2833 1502 2895 externa

181 2920 349 2996 adiuncta,
383 2921 424 2984 ob
448 2941 531 3001 quae
555 2941 611 2984 eos
633 2919 754 2985 milites
778 2920 981 2984 conscribere
1010 2919 1154 3001 iniquum
1179 2918 1287 2984 fuerit.
1336 2918 1389 2984 Ita
1412 2938 1444 2982 v.
1469 2940 1500 2999 g,

180 3010 213 3087 ii,
238 3011 291 3091 qui
316 3030 351 3073 se
375 3010 491 3074 volunt
514 3009 623 3074 dicare
646 3008 749 3074 statui
771 3009 924 3090 religioso
945 3009 998 3073 vel
1021 3007 1162 3072 clericali
1186 3006 1280 3088 eique
1302 3006 1368 3071 iam
1394 3007 1502 3088 aliquo

180 3099 275 3163 modo
299 3098 443 3163 adiuncti
466 3102 560 3175 sunt,
591 3097 779 3163 eximuntur
812 3098 940 3162 omnino
964 3098 1024 3162 hac
1048 3097 1081 3160 in
1105 3118 1140 3160 re
1164 3119 1184 3162 a
1207 3096 1292 3160 civili
1317 3099 1500 3179 potestate:

180 3189 264 3269 quod
288 3209 351 3252 non
376 3188 480 3252 solum
504 3187 645 3270 positiva
669 3188 742 3268 lege
758 3187 980 3251 ecclesiastica
996 3191 1127 3251 cautum
1152 3190 1212 3262 est,
1236 3185 1293 3249 sed
1318 3185 1418 3250 etiam
1444 3206 1500 3249 na·

179 3277 278 3343 turali
302 3276 461 3359 aequitati
486 3281 659 3353 consonat,
691 3276 849 3358 siquidem
874 3275 907 3340 hi
937 3296 1069 3340 munere
1101 3296 1159 3339 suo
1183 3275 1280 3355 longe
1304 3274 1501 3339 eminentius

180 3367 221 3431 ad
254 3367 373 3430 bonum
408 3386 576 3430 commune
609 3367 790 3430 conferunt.
810 3396 815 3405 ·
837 3364 987 3429 Ceterum
1019 3364 1053 3428 in
1085 3363 1187 3428 variis
1219 3363 1330 3444 regnis
1362 3362 1396 3427 hi
1428 3363 1501 3444 lege

179 3456 278 3519 etiam
302 3455 389 3519 civili
413 3454 599 3519 eximuntur
623 3455 675 3519 vel
698 3476 734 3519 se
755 3454 944 3518 eximendos
968 3473 1082 3517 curare
1106 3456 1252 3535 possunt.
1269 3489 1313 3499 -
1330 3451 1383 3516 Sic
1400 3453 1499 3518 etiam

178 3544 210 3617 ii,
236 3544 289 3624 qui
313 3543 456 3608 familiae
481 3544 618 3608 alendae
642 3543 817 3608 necessarii
840 3547 926 3619 sunt,
952 3542 1056 3624 abripi
1072 3547 1247 3623 nequeunt,
1272 3561 1346 3605 cum
1370 3540 1501 3605 aliunde

179 3633 313 3696 iuvenes
337 3653 470 3696 numero
495 3632 695 3698 sufficientes
718 3632 837 3698 adsint.

118 3758 167 3812 701
268 3737 306 3801 R.
338 3740 368 3802 3.
417 3738 605 3802 Generatim
638 3738 766 3819 quidem
800 3759 841 3801 ex
874 3737 960 3820 aptis
992 3737 1163 3801 iuvenibus
1195 3735 1379 3818 complures
1412 3741 1501 3800 sorte

59 3836 61 3839 ’
179 3827 375 3902 liberantur,
409 3847 450 3890 ne
474 3826 622 3891 militiam
646 3827 737 3908 sequi
769 3827 925 3902 debeant,
960 3827 1017 3890 sed
1047 3830 1219 3909 postquam
1254 3825 1293 3888 de
1317 3824 1500 3907 aptitudine

179 3915 374 3981 constiterit.
421 3915 538 3978 Medici
571 3915 716 3996 quidem,
751 3916 804 3996 qui
837 3937 879 3979 ex
912 3915 1018 3979 officio
1052 3915 1091 3979 de
1124 3914 1307 3997 aptitudine
1338 3913 1499 3997 corporali

179 4005 385 4077 examinant,
417 4004 536 4068 debent
568 4004 692 4070 sincere
725 4005 900 4087 procedere
929 4025 1031 4085 neque
1065 4004 1118 4067 uni
1150 4004 1223 4086 plus
1256 4004 1369 4067 favere
1403 4024 1498 4083 quam

179 4094 291 4159 alteri:
316 4113 420 4173 neque
445 4115 555 4157 eorum
573 4100 633 4168 est,
659 4095 697 4158 de
722 4094 794 4158 aliis
811 4094 917 4159 causis
941 4092 1157 4175 exemptionis
1181 4091 1334 4157 iudicare.
1374 4092 1498 4156 Nihilo·

178 4184 284 4248 minus
315 4181 439 4247 crimini
469 4183 553 4247 verti
585 4204 648 4247 non
679 4188 804 4266 potest,
838 4183 864 4246 si
896 4182 1052 4262 aliquem,
1087 4182 1140 4263 qui
1172 4183 1245 4263 lege
1275 4181 1406 4261 quidem
1436 4202 1497 4244 non

178 4279 268 4339 certo
299 4272 477 4346 eximatur,
508 4277 643 4354 propter
671 4274 791 4337 iustam
822 4293 952 4336 eausam
983 4277 1093 4336 tamen
1124 4271 1223 4335 eximi
1253 4270 1389 4346 debeat,
1420 4270 1497 4335 faci-

178 4364 240 4427 lius
264 4363 516 4427 declaraverunt
547 4366 700 4445 ineptum,
733 4361 929 4441 diligentius·
948 4361 1148 4442 inquirentes
1178 4366 1214 4425 ut
1239 4361 1404 4424 defectum
1429 4361 1499 4438 lege

179 4453 324 4532 agnitum
349 4451 526 4515 inveniant.
560 4451 645 4514 Nam
671 4450 818 4532 aptitudo
842 4471 906 4513 non
931 4457 981 4515 est
1005 4450 1070 4513 sita
1094 4450 1126 4513 in
1150 4455 1270 4532 puncto
1294 4447 1496 4516 indivisibili:

179 4562 237 4603 nec
261 4562 335 4604 raro
360 4541 406 4615 fit,
432 4545 468 4604 ut
492 4544 564 4604 tuta
588 4539 787 4603 conscientia
812 4539 850 4603 de
875 4539 987 4603 eodem
1013 4540 1140 4603 homine
1157 4539 1307 4621 aptitudo
1332 4539 1385 4603 vel
1410 4538 1497 4603 affir-

178 4629 258 4693 mari
283 4630 333 4693 vel
359 4628 473 4709 negari
496 4628 609 4709 possit.
