3106 5168
173 287 238 351 212
334 280 375 336 De
393 280 540 336 virtrrtibus
558 284 587 335 et
604 279 703 334 officiis
720 296 787 348 erga
804 278 984 334 1101111103.-
1003 277 1112 333 Caritas
1128 276 1157 331 in
1176 277 1337 349 proximum.

173 465 245 526 tate
261 459 363 526 vellet
385 455 585 523 curiositatis
608 477 709 523 causa
730 455 912 522 huiusmodi
934 454 1109 521 comoediis
1130 455 1299 528 interesse,
1324 454 1388 520 nisi
1412 458 1500 521 esset

173 550 270 615 valde
294 548 468 614 timoratus
492 551 572 614 etc.“

264 653 303 720 R.
329 656 358 719 2.
405 651 501 719 Unde
524 650 673 717 concludi
695 650 806 716 debet:
837 651 942 715 solum
965 653 1133 733 spectare,
1163 649 1193 714 si
1218 649 1424 716 rationabilis
1447 653 1498 717 vel

174 742 328 808 notabilis
346 761 447 807 causa
464 740 569 818 adest,
594 761 636 805 ex
658 761 694 805 se
717 740 905 807 nullatenus
920 759 993 805 esse
1008 738 1279 822 peccaminosum,
1303 739 1363 805 sed
1384 761 1501 824 pccca-

175 832 335 897 minosum
358 829 499 896 evadere
522 850 618 914 posse
641 850 684 895 ex
707 849 756 905 eo,
781 828 866 911 quod
889 828 976 895 adsit
999 828 1052 893 vel
1073 832 1206 893 maneat
1223 848 1328 910 grave
1343 831 1502 913 peccandi

175 921 363 1006 periculum.
411 920 501 1002 Ergo
524 920 650 984 Drusus
673 917 800 983 ratione
823 917 922 983 officii
945 917 995 983 sui
1018 917 1089 982 sine
1112 917 1209 983 dubio
1232 918 1333 984 habet
1356 940 1500 997 causam,

175 1032 234 1075 cur
263 1009 459 1092 spectaculis
490 1009 555 1073 illis
587 1008 747 1074 interesse
775 1006 896 1090 possit,
930 1007 957 1071 si
989 1006 1085 1072 modo
1117 1011 1210 1072 curet
1238 1009 1501 1091 praecavendum

174 1099 287 1183 lapsus
310 1098 498 1182 0011011111.
545 1097 651 1162 Causa
673 1096 754 1161 haec
783 1116 848 1161 non
877 1095 983 1160 solum
1012 1101 1187 1179 utcumque
1214 1097 1421 1163 rationabilis
1450 1104 1502 1165 est

174 1187 233 1253 sed
256 1187 461 1270 gravissima,
486 1206 526 1251 ne
544 1185 631 1251 forte
647 1189 781 1269 propter
797 1186 994 1267 denegatum
1010 1206 1127 1251 munus
1143 1184 1300 1267 vigilandi
1314 1186 1503 1255 dimittatur

174 1277 330 1360 victuque
352 1277 413 1343 fiat
436 1274 623 1342 destitutus.

110 1401 165 1455 416
264 1391 318 1456 An
341 1410 532 1467 quansrrun
557 1392 596 1453 2⁰¹
618 1389 657 1455 R.
681 1391 708 1455 l.
751 1388 988 1455 Difficultatem
1012 1387 1093 1454 facit
1115 1389 1287 1472 personale
1309 1389 1501 1475 periculum,

176 1480 264 1563 quod
287 1481 412 1545 Drusus
436 1479 544 1543 subire
567 1478 707 1544 videtur.
755 1477 862 1555 Quod,
891 1478 919 1542 si
943 1477 1096 1543 adhibitis
1120 1479 1256 1544 cautelis
1280 1479 1415 1546 diminui
1438 1503 1503 1548 non

175 1573 304 1655 posset,
335 1568 393 1634 sed
416 1571 565 1633 maneret
591 1569 791 1652 proximam,
823 1588 918 1645 sane,
950 1567 1050 1632 etiam
1073 1567 1188 1634 relicto
1211 1567 1336 1650 officio,
1368 1570 1503 1636 deberet

176 1658 308 1724 auferri.
347 1658 468 1723 Verum
492 1657 613 1722 tentari
636 1661 775 1741 possunt
797 1655 949 1721 remedia.

265 1764 304 1829 R.
330 1765 360 1829 2.
407 1762 498 1839 Quod
522 1761 607 1826 enim
631 1760 709 1827 dicit
741 1781 776 1826 se
806 1783 869 1827 non
897 1782 972 1826 raro
1003 1782 1076 1826 curn
1105 1760 1173 1827 risu
1197 1763 1366 1847 excepisse
1388 1771 1504 1852 turpes

176 1852 512 1936 repraesentationes:
543 1872 608 1916 non
638 1850 711 1915 ilico
736 1849 864 1933 quidem
895 1854 1070 1934 propterea
1096 1852 1246 1917 mortalis
1274 1855 1403 1937 peccati
1429 1878 1504 1922 reus

177 1942 241 2007 dici
265 1942 378 2019 debet3
409 1962 485 2006 nam
514 1939 541 2005 si
566 1940 624 2005 abl
646 1938 670 2007 ‘t
693 1940 798 2024 turpis
822 1939 996 2006 delectatio
1020 1944 1120 2021 etque
1143 1941 1287 2027 turpium
1310 1964 1504 2028 repraesen-

176 2032 338 2098 tationum
355 2029 526 2114 promotio,
551 2031 687 2107 Drusus,
711 2033 826 2113 utpote
842 2029 976 2113 speciali
992 2028 1191 2096 auctoritate
1212 2052 1276 2096 nou
1297 2030 1421 2112 fruens,
1445 2056 1505 2119 per

177 2141 214 2186 se
237 2119 412 2186 venialiter
434 2123 563 2185 tantum
587 2118 754 2202 peccavit,
779 2119 832 2183 vel
865 2118 965 2184 etiam
988 2118 1113 2183 nullum
1135 2126 1308 2204 peccatum
1331 2123 1503 2203 commisit,

178 2211 306 2292 quando
331 2209 419 2273 solus
442 2208 598 2274 ridiculus
621 2207 736 2272 modus
759 2206 829 2272 eius
851 2207 952 2273 risum
975 2206 1144 2275 excitavit.

267 2299 390 2364 Verum
414 2297 475 2362 hac
499 2297 617 2379 agendi
640 2297 767 2362 ratione
791 2297 934 2363 ostendit
964 2317 1000 2361 se
1026 2317 1148 2379 magna
1177 2299 1361 2365 attentione
1391 2300 1505 2367 inhae-

177 2388 260 2452 sisse
283 2388 356 2454 istis
379 2386 490 2465 rebus,
516 2386 601 2468 quod
625 2407 705 2451 sane
727 2386 947 2452 necessarium
973 2384 1035 2469 ipsi
1058 2386 1147 2450 nullo
1170 2387 1266 2452 modo
1289 2388 1354 2454 fuit
1376 2391 1506 2457 ratione

178 2477 286 2542 officii.
326 2478 436 2559 Atque
459 2476 541 2541 11000
564 2475 705 2541 01101110
728 2475 888 2557 imagines
911 2496 1019 2540 rerum
1043 2474 1288 2542 inhonestarum
1311 2479 1415 2544 menti
1439 2480 1506 2546 alte

177 2566 335 2647 infigebat
351 2569 450 2647 atque
468 2569 584 2648 postea
599 2565 753 2630 movebat
769 2564 979 2630 tentationes.
1015 2564 1190 2631 Abstineat
1211 2565 1314 2648 igitur
1336 2567 1371 2632 in
1393 2573 1505 2653 00310

178 2676 250 2719 rum
274 2655 315 2720 ab
339 2654 396 2719 illa
420 2674 549 2718 morosa
565 2654 850 2737 contemplatione,
874 2674 895 2718 a
917 2654 995 2731 risu,
1020 2653 1217 2737 studeatque
1237 2655 1356 2721 leviter
1375 2661 1505 2724 tantum

178 2743 345 2827 percipere
369 2746 403 2808 et
426 2743 554 2821 audire,
586 2747 620 2808 et
650 2742 677 2807 si
705 2743 816 2807 oculos
839 2763 903 2807 non
927 2741 1056 2808 omnino
1080 2748 1232 2809 avertere
1255 2745 1308 2810 vel
1332 2744 1507 2813 demittere

178 2835 299 2916 potest,
324 2832 429 2899 obiter
451 2836 580 2898 tantum
604 2831 742 2916 aspiciat
765 2852 885 2913 eosque
908 2836 1041 2915 apertos
1063 2835 1177 2898 teneat
1199 2854 1258 2917 pro
1285 2835 1384 2900 rebus
1407 2836 1506 2903 officii

178 2921 245 2998 sui,
275 2921 452 3003 invigilans
481 2921 514 2986 in
543 2921 632 3005 ipsos
663 2921 829 2987 auditores
858 2941 917 2985 seu
945 2923 1159 3004 spectatores,
1184 2922 1353 2989 -Immo
1378 2925 1506 3008 quoties

178 3011 368 3094 spectacula
384 3011 533 3076 adeunda
548 3013 636 3087 sunt,
653 3010 744 3093 prius
759 3010 895 3075 firmiter
909 3014 1046 3075 renovet
1061 3010 1264 3094 propositum
1276 3013 1356 3078 nulli
1371 3015 1506 3080 cedendi

177 3100 371 3176 tentationi,
403 3120 503 3182 seque
533 3099 675 3164 ferventi
707 3120 803 3182 prece
836 3099 904 3163 Deo
936 3099 1129 3182 divinaeque
1159 3099 1260 3167 Matri
1289 3105 1505 3170 commendet.

178 3189 270 3267 Quod
294 3189 322 3254 si
345 3189 430 3254 serio
455 3189 544 3267 facit,
569 3189 638 3253 sine
662 3188 757 3253 dubio
781 3208 885 3270 grave
909 3187 1038 3253 labendi
1061 3189 1239 3272 periculum
1262 3193 1387 3275 poterit
1411 3214 1506 3277 prae·

179 3299 307 3343 cavere.
356 3278 419 3343 Sed
442 3278 468 3343 si
493 3277 698 3361 promissioni
721 3277 807 3342 serio
831 3276 1086 3343 adhibendorum
1109 3279 1325 3345 remediorum
1350 3303 1415 3348 non
1439 3285 1507 3349 310·

178 3368 258 3434 10111
274 3367 328 3432 vel
351 3388 480 3451 semper
496 3368 644 3450 relapsus
660 3366 769 3444 fuerit,
794 3365 941 3448 urgenda
960 3372 1012 3432 est
1028 3367 1195 3449 obligatio,
1220 3373 1331 3435 11011
1347 3371 1506 3438 sincerius

180 3461 278 3538 agat,
310 3458 520 3522 0111011111
544 3477 747 3538 quacumque
772 3456 966 3522 difficultate
996 3456 1184 3539 posthabita
1208 3479 1325 3524 munus
1348 3461 1504 3537 dimittat,

179 3546 233 3609 vel
257 3547 396 3611 alterum
422 3545 471 3609 cui
496 3545 601 3610 minus
624 3545 724 3610 fuerit
747 3544 926 3628 periculum
950 3566 1008 3628 010
1033 3566 1069 3610 30
1092 3547 1281 3614 substituat.

554 3771 831 3839 SPECTACULA
854 3809 897 3816 —
924 3771 1131 3839 ACTORES.

738 3927 848 3993 00313.
877 3934 952 4002 (111)

270 4059 305 4115 11
326 4058 462 4133 oppidum
483 4058 616 4134 aliquod,
639 4058 715 4133 quod
736 4077 795 4116 non
816 4059 907 4116 habet
928 4059 1067 4117 continua
1089 4061 1272 4135 spectacula,
1299 4083 1354 4123 suo
1376 4071 1507 4145 tempore

182 4139 365 4197 advenerant
386 4146 511 4198 actores.
553 4140 663 4213 Magna
684 4159 753 4213 pars
775 4139 883 4197 civium
905 4139 1051 4197 instanter
1072 4141 1201 4214 flagitat,
1230 4148 1264 4198 ut
1284 4151 1438 4219 repetatur
1458 4149 1507 4207 ali·

182 4220 259 4293 quod
281 4219 496 4295 spectaculum,
525 4239 582 4294 quo
604 4239 651 4277 res
673 4219 788 4294 quidem
809 4219 840 4276 in
861 4238 893 4277 30
915 4219 1048 4293 graviter
1069 4227 1098 4278 01
1118 4221 1195 4279 nude
1217 4223 1364 4283 obscenae
1385 4246 1444 4287 non
1465 4248 1506 4287 re·

182 4303 419 4375 praesentantur,
442 4300 492 4357 sed
508 4300 582 4373 quod
598 4300 822 4358 sensualitatem
836 4318 1019 4376 summopere
1035 4301 1199 4371 0110110101,
1221 4306 1507 4382 1031001001101110,

183 4379 316 4455 plurimis
344 4380 475 4455 peccatis
498 4381 548 4437 dat
574 4400 684 4438 ansam.
726 4380 852 4454 Aliquae
875 4399 911 4437 ex
934 4380 1093 4439 actricibus
1121 4386 1151 4439 et
1174 4383 1405 4457 cantatricibus,
1435 4409 1507 4464 qnae

183 4460 363 4518 necessitate
385 4466 506 4518 coactae
527 4460 573 4517 his
595 4463 682 4518 rebus
704 4480 736 4517 se
760 4461 951 4527 aildixerant,
982 4461 1123 4519 nolebant
1150 4462 1283 4536 graviter
1311 4473 1415 4526 contra
1444 4489 1508 4527 con·

182 4541 337 4599 scientiam
360 4541 541 4615 delinquere;
565 4560 654 4616 quare
676 4542 833 4598 consulunt
853 4542 1022 4616 pamelium,
1045 4547 1074 4598 01

182 4647 360 4714 (lassamur
381 4648 449 4723 qnid
469 4648 543 4724 ipsis
565 4667 651 4722 agere
673 4648 769 4705 liceat.
