3106 5168
179 279 242 342 398
316 275 356 330 De
375 276 523 331 virtutibus
542 280 570 330 et
588 275 686 330 officiis
704 292 769 344 erga
787 275 917 329 homines.
937 309 969 317 —
991 276 1041 330 Off.
1061 276 1133 330 eirca
1151 275 1221 330 bona
1239 279 1363 331 externa.

267 450 301 531 3)
333 451 381 515 De
404 449 615 533 stipulatione
639 450 735 534 pretii
760 471 818 534 pro
841 471 941 532 equo,
972 450 1000 514 si
1023 450 1110 516 forte
1133 450 1367 516 detrimentum
1391 473 1498 536 sump-

178 540 275 616 serit,
309 538 392 603 idem
423 540 485 604 dici
516 539 628 618 debet,
663 539 786 605 scilicet
816 560 888 604 esse
920 539 1061 623 pretium
1091 539 1233 605 maxime
1265 541 1440 617 iniustum,
1471 541 1498 607 si

178 649 280 711 equus
310 631 361 693 est
390 628 572 693 ordinarius
602 629 763 693 ruralibus
791 628 954 694 laboribus
978 629 1177 705 destinatus;
1209 629 1322 708 aliter,
1353 629 1382 694 si
1413 636 1499 695 esset

178 717 361 801 exquisitae
383 717 512 800 speciei.

266 805 300 887 4)
330 806 468 870 Demum
497 805 582 888 quod
612 805 667 870 ille
697 807 792 870 homo
824 805 1000 872 utilitatem
1032 805 1164 870 Claudio
1194 806 1402 890 praestiterit
1430 806 1499 872 sine

177 895 242 960 ullo
266 895 378 959 labore
402 895 577 959 ostendens
600 895 688 959 viam
711 894 893 960 breviorem
918 898 951 959 et
974 898 1097 972 tutam,
1128 894 1161 959 id
1185 894 1314 976 quidem
1338 917 1381 960 ex
1406 901 1498 979 parte

176 983 301 1049 Claudii
324 987 375 1047 est
397 983 503 1067 pretio
526 983 740 1061 aestimabile,
765 983 823 1047 sed
847 1004 911 1048 non
934 989 1089 1067 exparte
1112 983 1235 1061 rustici,
1260 983 1316 1066 qui
1340 986 1496 1059 ostendit;

176 1072 356 1137 mercedem
374 1077 482 1138 autem
500 1073 667 1155 postulare
690 1072 803 1155 nequit
827 1072 888 1136 nisi
911 1093 969 1156 pro
990 1073 1130 1154 eoquod
1155 1094 1196 1137 ex
1219 1078 1316 1156 parte
1331 1095 1394 1138 sao
1410 1073 1496 1138 fecit.

175 1162 334 1227 Iniustum
358 1161 526 1243 igiturest
549 1183 607 1244 pro
623 1162 684 1227 hac
706 1183 742 1225 re
759 1164 801 1226 80
817 1182 945 1226 marcas
960 1163 1143 1244 postulare;
1172 1163 1230 1226 sed
1254 1161 1412 1227 iniustum
1435 1185 1496 1227 non

176 1255 236 1326 est,
262 1271 334 1314 eam
358 1272 527 1327 summam,
552 1251 578 1315 si
603 1272 644 1315 ex
668 1249 866 1315 liberalitate
890 1255 924 1316 et
947 1250 1147 1331 gratitudine
1164 1272 1184 1315 a
1200 1251 1334 1316 Claudio
1351 1253 1496 1330 offertur,

176 1358 246 1426 pro*
259 1341 341 1404 dono
366 1344 515 1424 occipere.

265 1428 470 1512 Quapropter
493 1426 638 1509 agricola
661 1427 732 1505 ille,
764 1426 817 1509 qui
842 1427 1010 1492 Claudium
1034 1427 1116 1492 adeo
1140 1427 1278 1510 pressit,
1310 1431 1347 1493 ut
1370 1432 1496 1494 tantam

175 1539 333 1583 summam
359 1517 462 1582 abeo
487 1519 714 1598 extorqueret,
743 1537 876 1581 securus
900 1516 932 1580 in
957 1515 1156 1582 conscientia
1179 1538 1251 1581 esse
1275 1517 1407 1599 nequit,
1437 1517 1495 1583 nisi

175 1607 308 1672 Claudio
339 1607 485 1672 fateatur
515 1626 684 1671 excessum
718 1605 923 1670 commissum
958 1606 998 1670 ab
1031 1626 1134 1686 eoque
1167 1627 1288 1687 rogans
1317 1606 1410 1670 illum
1441 1628 1495 1671 ex-

175 1717 301 1761 cessum
325 1717 384 1778 pro
401 1695 484 1760 dono
507 1695 678 1777 acceperit.
718 1695 790 1759 Hoc
806 1696 934 1759 demum
957 1695 1052 1759 modo
1077 1715 1178 1776 eoque
1202 1695 1272 1759 solo
1288 1694 1407 1761 vitium
1422 1718 1495 1780 pur·

175 1788 291 1866 gatar,
323 1790 357 1851 et
380 1806 438 1867 pro
461 1784 558 1850 titulo
583 1783 861 1861 commutationis
893 1782 948 1865 qui
977 1783 1118 1849 iniustus
1148 1788 1214 1861 est,
1246 1785 1352 1850 iustus
1383 1785 1494 1852 titulus

176 1873 359 1938 donationis
384 1873 608 1938 substituetur.

563 2075 762 2142 PRETIUM
789 2075 1104 2153 QUADRUPLUM.

729 2235 839 2300 Casus
869 2242 943 2309 (243)

263 2374 400 2433 Alaricus
428 2374 559 2447 agricola
587 2393 675 2449 agros
703 2373 792 2432 villae
813 2373 869 2431 viri
897 2373 1004 2432 nobilis
1033 2379 1063 2432 et
1092 2372 1192 2431 divitis
1212 2372 1328 2433 ricinos
1356 2375 1490 2452 possidet.

175 2454 302 2512 Omnino
317 2474 408 2531 prope
422 2455 523 2513 villam
538 2454 626 2528 erigit
647 2455 795 2512 stabulum
810 2453 995 2511 animalium:
1018 2472 1074 2527 quo
1089 2454 1132 2520 fit,
1154 2458 1187 2511 ut
1203 2455 1340 2529 strepitu,
1362 2455 1491 2514 sordibus

174 2541 205 2592 et
225 2535 388 2592 foetoribus
409 2535 472 2592 viro
499 2534 542 2592 illi
568 2534 659 2592 nobili
680 2552 816 2608 magnum
839 2539 955 2591 creetur
976 2533 1197 2591 incommodum.
1239 2533 1428 2611 Quapropter
1447 2536 1490 2593 hic

174 2621 298 2672 sonatur
319 2634 415 2672 emere
436 2633 547 2688 agrum.
590 2614 622 2671 ld
644 2613 759 2689 quidem
780 2613 918 2671 Alaricus
940 2613 1122 2683 intenderat,
1146 2614 1251 2672 sedeo
1273 2614 1400 2673 invitum
1421 2615 1492 2690 gerit

174 2713 268 2768 neque
295 2693 326 2751 in
347 2694 530 2752 vendendum
557 2693 638 2751 illum
667 2713 769 2767 agrum
798 2713 830 2751 se
859 2694 1025 2751 consentire
1054 2713 1141 2768 posse
1170 2693 1256 2763 dicit,
1285 2695 1342 2753 nisi
1372 2701 1490 2771 accepto

173 2774 268 2849 pretio
290 2774 472 2832 affectionis:
499 2774 574 2849 quod
597 2793 628 2831 re
649 2794 720 2831 vera
742 2773 903 2848 quadruplo
925 2773 1019 2831 maius
1041 2774 1160 2844 statuit,
1183 2793 1270 2848 quam
1291 2794 1348 2849 quo
1372 2795 1491 2833 commu·

173 2854 251 2912 niter
272 2874 344 2928 ager
364 2854 413 2912 ille
435 2854 615 2913 aestimatur.

174 2959 350 3029 Qoanrurna
370 2965 488 3019 rectene
511 2959 604 3035 egerit
625 2959 772 3018 Alaricus.

765 3140 899 3206 Solntio.

112 3288 163 3342 790
247 3278 314 3340 'An
338 3296 528 3350 qransrrru
552 3276 590 3340 R.
618 3278 645 3339 1.
693 3274 794 3338 Plane
818 3278 907 3338 recte
931 3272 1097 3336 Alaricum
1122 3272 1229 3353 egisse
1254 3273 1326 3354 quis
1351 3273 1489 3340 dixerit?

173 3364 258 3429 Nam
282 3365 423 3446 ignobile
447 3366 563 3430 saltem
581 3368 632 3428 est
655 3368 687 3427 et
712 3362 869 3444 aequitati
895 3361 1090 3426 contrarium
1110 3362 1265 3426 eiusmodi
1289 3362 1418 3429 artibus
1436 3363 1488 3437 uti,

174 3460 209 3518 ut
239 3455 378 3535 pretium
403 3452 599 3519 venditionis
629 3456 797 3533 augeatur.
845 3451 967 3514 Verum
991 3450 1052 3514 hoc
1081 3452 1151 3514 loco
1179 3451 1259 3515 illud
1288 3452 1489 3535 potissimum

172 3543 384 3624 spectandum
410 3548 469 3618 est,
494 3547 602 3607 utrum
626 3541 751 3607 iustitia
775 3540 1009 3605 commutativa
1033 3539 1076 3604 sit
1099 3541 1189 3603 laesa
1212 3562 1324 3607 necne.

261 3648 300 3712 R.
319 3651 347 3713 2.
387 3648 424 3711 ln
448 3648 601 3729 erigendo
625 3646 752 3711 stabulo
777 3645 964 3710 animalium
989 3650 1023 3710 et
1046 3644 1078 3708 in
1102 3645 1251 3726 eligendo
1275 3648 1347 3712 loco
1364 3649 1490 3714 videtur

173 3735 322 3800 Alaricus
352 3737 421 3799 iuro
445 3758 502 3800 suo
528 3758 604 3800 usus
628 3757 715 3813 esse;
747 3736 865 3800 alicubi
889 3734 974 3799 enim
999 3734 1078 3798 illud
1102 3734 1227 3816 erigere
1252 3735 1313 3799 sibi
1342 3758 1489 3803 necessa·

172 3826 254 3888 rium
280 3829 360 3902 erat,
385 3826 418 3888 in
434 3847 574 3906 quonam
598 3824 814 3889 determinato
838 3825 909 3887 loco
933 3824 963 3886 id
989 3824 1136 3887 facturus
1161 3828 1257 3897 esset,
1283 3829 1356 3891 orat
1380 3828 1412 3890 in
1436 3848 1488 3890 suo

173 3914 307 3979 arbitrio
331 3914 482 3995 positum.
521 3913 678 3978 Dubitare
702 3913 819 3994 aliquis
842 3913 985 3994 potuerit
1009 3914 1209 3977 solummodo
1234 3914 1274 3976 ob
1291 3914 1308 3994 ξ
1327 3917 1392 3979 226
1417 3915 1489 3979 iuris

173 4003 383 4079 Germaniae,
415 4003 441 4065 si
473 4002 515 4066 ibi
546 4025 597 4066 res
628 4007 703 4066 aeta
733 4007 793 4067 ost.
840 4002 1070 4083 Paragrapbus
1100 4002 1156 4064 illa
1183 4007 1283 4083 negat
1308 4005 1360 4066 rel
1387 4005 1489 4068 aritert

173 4092 301 4156 domino
325 4092 374 4156 ius
399 4093 508 4155 utendi
533 4114 567 4154 re
591 4113 650 4154 sua
674 4112 730 4154 seu
755 4093 794 4154 de
819 4112 858 4155 ea
882 4091 1071 4173 disponendi
1095 4112 1133 4153 co
1158 4092 1225 4154 solo
1249 4094 1323 4168 fine,
1348 4099 1387 4159 ut
1411 4095 1488 4158 alter

173 4183 324 4246 damnum
349 4181 503 4263 patiatur.
552 4182 614 4244 Sed
638 4202 678 4243 ne
701 4182 781 4244 baec
806 4181 933 4260 quidem
964 4180 1043 4244 iuris
1067 4179 1198 4261 positivi
1223 4180 1410 4261 dispositio,
1441 4203 1488 4245 re-

172 4270 322 4352 teroquin
347 4270 442 4333 valde
465 4270 561 4345 iusta,
586 4270 648 4334 huc
672 4270 829 4352 applicari
853 4273 971 4351 potest.
1014 4269 1103 4332 Finis
1127 4269 1210 4331 enim
1235 4268 1385 4334 internus
1408 4271 1487 4334 illius

172 4360 291 4424 stabuli
317 4358 524 4424 construendi
549 4380 606 4422 seu
628 4362 703 4440 finis
727 4362 830 4441 operis
854 4363 904 4422 est
928 4380 1006 4422 sane
1030 4359 1102 4421 finis
1120 4358 1345 4423 oeconomicus
1362 4360 1403 4424 ad
1420 4382 1487 4443 pro-

172 4450 312 4512 creanda
336 4453 370 4512 et
393 4449 510 4512 alenda
534 4448 702 4520 animalia:
729 4453 799 4512 esto
824 4450 919 4510 tinem
937 4454 1107 4511 externum
1125 4468 1180 4510 seu
1201 4452 1372 4530 operantis,
1399 4470 1486 4530 quem

173 4539 322 4601 Alaricus
345 4538 440 4601 simul
460 4543 569 4601 mento
586 4537 768 4618 conceperit
793 4541 826 4600 et
850 4536 927 4612 alat,
953 4557 1023 4599 esse
1040 4537 1277 4600 incommodum
1295 4559 1408 4602 creare
1424 4541 1487 4601 viro

173 4626 278 4690 ricino
303 4649 439 4707 errorque
463 4648 594 4690 movere
619 4627 659 4689 ad
684 4626 881 4689 offerendum
905 4626 1044 4707 pretium
1069 4647 1222 4706 magnum
1248 4648 1307 4708 pro
1332 4650 1422 4710 agro.
