3106 5168
169 255 232 318 302
306 250 346 305 De
365 250 512 306 virtutibus
529 252 558 304 et
575 249 674 304 officiis
692 267 758 318 erga
776 249 905 304 homines.
925 279 960 288 —
979 250 1030 305 off.
1049 249 1122 305 circa
1140 250 1210 306 bona
1227 255 1351 305 externa.

168 427 297 492 excludi
320 426 452 494 invitus.
484 426 570 492 Nam
595 447 668 492 cum
691 447 785 491 nemo
809 426 852 492 sit
868 425 922 509 qui
945 425 1031 492 illius
1054 426 1101 492 rei
1125 426 1301 493 dominium
1323 427 1493 512 possideat

169 516 222 582 vel
252 517 302 582 ius
331 538 425 582 suurn
454 516 594 600 probare
622 515 743 599 possit,
774 536 827 580 res
857 520 909 581 est
932 517 1068 594 nullium
1098 536 1152 581 res
1175 521 1286 583 autem
1309 537 1396 600 quae
1419 525 1492 582 suot

168 605 297 684 nullius,
321 607 403 672 fiunt
425 603 520 689 primi
543 604 744 688 occupantis.

257 702 294 770 R.
320 705 349 768 2.
396 703 508 769 Potuit
537 705 648 768 tamen
678 701 773 767 iustis
803 722 845 766 ex
875 702 982 768 causis
1006 704 1060 768 lox
1091 700 1232 785 positiva
1255 724 1313 768 seu
1336 724 1491 787 suprema

168 791 312 858 civitatis
348 790 529 857 auctoritas
564 790 646 856 certi
682 791 804 874 aliquid
840 789 928 856 circa
964 791 1209 875 occupationem
1244 795 1278 857 et
1313 792 1489 858 dominium

76 907 77 910 ¹
167 881 312 947 thesauri
336 880 562 947 determinare.
608 879 718 962 Atque
747 900 864 945 revera
888 880 1047 961 quaedam
1071 880 1128 944 vix
1151 901 1214 945 nou
1238 881 1357 963 ubique
1381 881 1490 946 deter-

166 968 290 1038 minata
313 975 399 1048 sunt,
424 969 472 1036 ita
495 974 532 1036 ut
554 968 675 1053 partim
698 969 794 1035 cedat
816 968 991 1036 thesaurus
1013 968 1186 1048 inventori,
1216 969 1336 1053 partim
1360 969 1489 1035 domino

166 1058 257 1124 fundi
280 1059 312 1124 in
337 1079 400 1142 quo
423 1058 620 1136 inveniatur,
645 1056 764 1142 partim
788 1058 877 1124 fisco.

255 1157 291 1223 R.
310 1159 340 1223 3.
372 1155 539 1221 Communi
562 1154 712 1239 opinione
735 1156 960 1237 theologorum
984 1154 1136 1221 inventor
1158 1176 1215 1221 aas
1238 1156 1328 1239 leges
1352 1160 1490 1222 eatenus

165 1245 264 1312 etiam
287 1245 321 1310 in
337 1245 537 1311 conscientia
552 1265 686 1311 servare
702 1244 808 1322 debet,
833 1249 870 1310 ut
887 1244 920 1326 1)
935 1248 1011 1327 post
1025 1244 1224 1310 seutentiam
1239 1244 1354 1310 iudicis
1370 1245 1489 1312 debeat

62 1352 67 1357 ’
165 1336 388 1416 acquiescere,
420 1336 453 1415 2)
477 1333 576 1399 etiam
607 1338 706 1400 antea
732 1343 858 1419 partem
881 1333 1009 1398 domino
1033 1333 1124 1398 fundi
1148 1333 1226 1399 dare
1249 1334 1368 1400 debeat
1392 1355 1488 1416 quam

163 1425 219 1489 lex
242 1424 401 1505 assignat,
425 1423 496 1488 sive
519 1423 563 1489 sit
586 1422 733 1488 dominus
756 1443 895 1506 persona
916 1421 1091 1504 singularis
1114 1421 1184 1488 siva
1206 1423 1339 1488 moralis
1360 1428 1395 1489 ct
1409 1423 1488 1488 iuri-

164 1513 237 1578 dica
260 1517 399 1578 tanturn.

253 1610 291 1676 R,
316 1613 347 1676 4.
394 1608 560 1686 Quatenus
583 1629 662 1674 vero
691 1609 865 1675 thesaurus
893 1608 928 1672 in
957 1607 1058 1673 fundo
1087 1608 1217 1692 privato
1240 1609 1394 1675 inventus
1418 1609 1487 1674 sive

165 1703 255 1764 totus
278 1699 348 1764 sive
372 1718 414 1762 ex
443 1702 538 1782 parte
561 1699 639 1762 fisco
664 1697 850 1775 addicatur,
881 1697 932 1762 vel
957 1698 991 1762 in
1018 1718 1155 1780 poenam
1178 1698 1212 1762 in
1236 1697 1334 1764 certis
1359 1699 1487 1763 casibus

164 1789 317 1853 inventor
345 1808 405 1852 sua
434 1792 530 1871 parta
559 1786 706 1870 privetur
735 1795 891 1873 totumque
920 1785 1108 1851 thesaurum
1138 1785 1209 1852 sive
1235 1786 1364 1852 domino
1395 1787 1486 1852 fundi

163 1876 233 1942 sive
256 1877 334 1942 fisco
354 1876 469 1941 cedere
485 1876 618 1941 debeat:
644 1881 779 1942 eatenus
802 1876 892 1958 leges
907 1874 983 1940 illac
999 1874 1245 1941 considerantur
1260 1880 1298 1942 ut
1320 1877 1485 1959 poenales,

164 1986 247 2048 quae
271 1971 348 2032 ante
370 1964 485 2030 iudicis
508 1964 705 2031 senteutiam
728 1965 762 2030 in
786 1964 986 2030 conscientia
1008 1985 1073 2029 uon
1096 1964 1250 2047 obligent.
1286 1964 1335 2031 Cf.
1364 1966 1421 2031 Th.
1446 1988 1484 2031 m.

165 2055 189 2133 I,
214 2058 279 2120 913
304 2058 338 2121 et
361 2057 436 2120 914.

102 2192 154 2246 594
253 2180 304 2243 Ao
322 2199 513 2255 Quuasrrnu
538 2180 577 2242 3m
600 2177 639 2245 R.
667 2181 694 2243 1.
740 2175 911 2242 Ferrarius
939 2197 1003 2241 nou
1032 2180 1144 2260 potest
1166 2180 1271 2242 totum
1295 2176 1483 2242 thesaurum

162 2267 351 2333 reclamare.
398 2266 435 2332 Id
465 2267 549 2332 enim
580 2271 649 2332 tum
680 2270 809 2333 tantum
838 2270 967 2349 posset,
997 2264 1024 2329 si
1055 2264 1096 2330 ad
1127 2265 1343 2348 detegendum
1369 2266 1402 2330 in
1427 2288 1484 2331 suo

162 2355 262 2421 fundo
285 2355 475 2422 thesaurum
499 2355 666 2438 operarios
690 2354 916 2430 conduxisset;
941 2353 975 2418 in
995 2375 1058 2435 quo
1075 2375 1152 2419 casu
1169 2375 1248 2419 sane
1264 2375 1328 2420 nou
1344 2355 1484 2438 operarii

162 2446 219 2511 sad
243 2444 401 2510 mandans
424 2445 474 2510 ius
497 2444 596 2510 habet
619 2445 661 2509 ad
685 2443 905 2527 occupandum
928 2444 1136 2519 thesaurum,
1160 2443 1319 2524 siquidem
1341 2464 1385 2508 ex
1409 2465 1483 2509 con·

161 2533 315 2599 ventione
337 2533 465 2599 fructus
488 2533 609 2598 laboris
632 2538 701 2599 tum
725 2533 813 2598 cedit
836 2531 965 2597 domino
987 2531 1175 2608 mandanti,
1199 2552 1324 2597 merces
1348 2532 1485 2598 debetur

162 2622 328 2706 operariis,
353 2622 416 2688 etsi
439 2622 566 2689 fructus
589 2621 696 2687 nullus
716 2620 915 2705 apparuerit.
948 2620 1011 2686 Sed
1027 2640 1142 2702 agrum
1165 2620 1352 2686 fodiendum
1369 2642 1483 2687 curare

163 2712 204 2776 ad
227 2710 439 2777 inveniendas
462 2732 564 2776 venas
588 2710 769 2776 metallicas
793 2732 857 2775 non
881 2715 932 2776 est
954 2711 1110 2775 mandare
1139 2709 1381 2791 inquisitionem
1412 2710 1483 2776 the·

161 2801 259 2866 sauri.
292 2802 398 2876 Quare
421 2801 524 2865 solam
540 2799 680 2864 mediam
704 2803 840 2884 partem,
864 2800 1040 2863 secundum
1064 2798 1223 2882 positivae
1247 2799 1347 2881 leges,
1371 2804 1484 2883 postu·

162 2891 232 2955 lare
255 2893 373 2973 potest.

249 2986 288 3052 R.
315 2989 344 3052 2.
391 2986 576 3051 Difficultas
607 2989 657 3050 est
685 2985 800 3066 igitur,
832 2985 979 3068 quisnam
1005 2985 1140 3050 alterius
1163 2984 1289 3050 mediae
1312 2985 1418 3068 partis
1442 2985 1484 3051 sit

162 3075 326 3152 deminuo,
358 3075 451 3142 Titus
475 3097 516 3140 an
540 3075 658 3140 Caius?
705 3074 853 3139 Practice
884 3078 962 3157 puto
991 3073 1024 3137 in
1054 3074 1273 3157 compluribus
1297 3075 1483 3156 regionibus

161 3165 290 3246 utrique
314 3184 482 3246 exaequo
506 3164 556 3228 ius
580 3163 725 3228 inillam
755 3167 881 3246 partem
910 3167 1111 3246 competere,
1142 3164 1190 3228 ita
1213 3168 1249 3229 ut
1273 3163 1405 3229 dimidia
1428 3164 1484 3228 illa

160 3275 237 3336 pars
260 3255 347 3319 inter
370 3258 543 3334 utrumque
567 3252 739 3317 dividenda
763 3252 820 3317 sit:
845 3273 920 3316 narn
943 3260 977 3316 ut
999 3253 1166 3316 thesoorns
1182 3252 1313 3317 videtur
1328 3273 1388 3316 vas
1404 3251 1481 3317 illud

161 3343 202 3407 ab
218 3347 356 3424 utroque
371 3343 467 3407 simul
484 3341 630 3424 agnitum
647 3346 680 3407 et
696 3345 889 3424 occupatum
906 3362 987 3406 esse.
1020 3341 1159 3417 Scilicet,
1184 3341 1277 3407 Titus
1300 3340 1370 3406 sine
1386 3341 1482 3406 dubio

162 3431 264 3513 primo
288 3432 444 3514 patefecit
468 3436 501 3496 et
525 3431 662 3513 agnovit
684 3451 752 3494 rem
776 3434 813 3495 ut
837 3430 1072 3513 occupabilem,
1097 3450 1202 3511 neque
1225 3429 1355 3495 videtur
1378 3432 1483 3495 omnis

160 3520 299 3586 intentio
315 3520 493 3603 occupandi
509 3521 550 3585 ab
567 3541 604 3584 eo
622 3520 781 3596 abfuisse;
806 3540 880 3584 nam
897 3524 986 3584 certe
1009 3541 1073 3583 non
1089 3519 1172 3584 dixit
1188 3519 1273 3591 Caio,
1298 3523 1336 3584 ut
1350 3519 1406 3584 ille
1422 3519 1483 3584 sibi

162 3630 229 3672 rem
247 3609 415 3692 arriperet,
436 3609 492 3674 sed
508 3610 578 3692 ipse
595 3609 687 3673 Titus
703 3609 939 3690 quodammodo
958 3610 1112 3673 inchoavit
1129 3609 1384 3691 occupationem.
1421 3612 1483 3674 At·

161 3702 271 3762 tamen
289 3698 382 3763 Titus
398 3720 462 3762 non
478 3719 514 3762 re
530 3698 601 3781 ipsa
617 3699 776 3782 compleuit
791 3697 1052 3781 occupationem;
1074 3697 1106 3761 in
1124 3718 1163 3762 ea
1180 3697 1370 3780 complenda
1386 3719 1482 3781 prae·

162 3791 279 3850 ventus
296 3808 368 3852 esse
384 3787 514 3852 videtur
529 3808 549 3851 a
565 3787 651 3852 Caio.
684 3787 761 3850 Corn
777 3787 879 3869 igitur
895 3792 1031 3867 uterque
1048 3808 1089 3850 ex
1108 3791 1202 3869 parte
1226 3785 1347 3870 primas
1370 3791 1482 3869 partes

161 3874 311 3940 habuerit
335 3876 366 3939 iu
389 3875 610 3958 occupatione,
636 3879 751 3940 neuter
766 3881 877 3941 tamen
894 3876 1042 3940 absolute
1059 3881 1092 3941 et
1107 3875 1245 3957 integre,
1271 3875 1349 3940 nihil
1365 3880 1480 3948 restat,

162 3963 223 4029 nisi
240 3970 276 4029 ut
292 3964 377 4029 inter
393 3970 566 4046 utrumque
590 3967 648 4028 liat
667 3964 791 4029 divisio.
823 3964 906 4029 Aliis
923 3964 1047 4029 verbis:
1073 3968 1187 4029 neuter
1210 3966 1348 4048 probare
1372 3970 1482 4047 potest

162 4053 291 4136 plenum
322 4054 371 4118 ius
402 4059 435 4119 et
465 4054 685 4125 exclusivum;
717 4058 854 4134 uterque
883 4076 941 4135 pro
972 4075 1007 4118 se
1033 4055 1193 4119 rationem
1224 4054 1425 4136 probabilem
1449 4060 1482 4118 et

162 4143 332 4226 partialem
356 4143 472 4219 habet3
498 4164 597 4224 quare
617 4142 765 4224 aequitas
783 4143 834 4207 vel
852 4143 950 4208 etiam
967 4142 1016 4206 ius
1040 4143 1193 4225 postulat,
1219 4147 1255 4207 ut
1273 4144 1331 4208 liat
1348 4143 1481 4207 divisio:

162 4231 222 4297 nisi
247 4232 349 4297 velint
379 4253 447 4296 rem
479 4232 521 4296 ad
551 4232 687 4296 iudicem
719 4230 861 4306 deferre,
893 4233 946 4314 qui
975 4232 1171 4297 sententiani
1196 4231 1281 4297 feret
1304 4233 1481 4297 secundum

161 4343 233 4386 eam
257 4322 338 4404 legis
362 4320 674 4404 interpretationem,
700 4343 783 4402 quae
806 4322 867 4385 sibi
890 4321 1087 4404 probabilior
1110 4321 1248 4386 videtur.

100 4437 151 4489 595
252 4428 288 4492 R.
314 4431 343 4493 3.
391 4427 443 4490 Ex
474 4428 542 4492 cod.
574 4431 683 4492 autem
709 4427 815 4495 Germ.
841 4428 858 4507 ᾖ·
883 4429 946 4492 984
977 4449 1030 4491 res
1058 4427 1187 4491 videtur
1217 4425 1297 4490 satis
1329 4427 1419 4491 clara
1448 4425 1481 4490 in

162 4516 308 4581 favorem
333 4516 408 4593 Titi,
437 4516 482 4582 ita
508 4523 543 4581 ut
568 4517 596 4580 ei
620 4516 749 4598 integra
773 4537 848 4598 pars
873 4517 1003 4580 dimidia
1027 4517 1193 4581 debeatur.
1242 4515 1382 4579 Dimidia
1406 4537 1482 4599 pars

162 4605 323 4670 addicitur
352 4604 501 4670 nimirum
533 4609 695 4687 delectori,
727 4606 906 4687 siquando
936 4609 1173 4687 consequenter
1199 4604 1240 4668 ad
1264 4605 1481 4670 detectionem
