3106 5168
166 299 230 363 190
303 295 344 349 De
362 293 510 349 virtutibus
529 298 557 348 et
575 294 673 348 officiis
692 310 758 362 erga
776 293 906 349 homines.
927 323 960 333 -
979 293 1077 349 Officia
1096 294 1213 350 hominis
1231 312 1297 365 erga
1315 312 1353 351 se.

164 470 293 551 quando
316 469 402 536 enim
425 470 536 552 agitur
558 470 599 536 de
623 492 701 536 cura
716 470 806 537 vitae
829 469 1016 536 necessaria
1039 474 1074 537 et
1097 470 1303 554 obligatoria,
1327 472 1414 538 bona
1432 493 1490 538 ex·

162 563 259 624 terna
282 559 377 625 huius
400 561 520 638 mundi,
545 563 582 626 ut
605 559 751 642 theologi
775 559 896 638 dicunt,
921 561 1004 628 fiunt
1027 559 1220 627 communia.
1262 562 1309 627 At
1331 561 1405 645 quis
1429 567 1488 640 est,

164 648 218 730 qui
241 649 392 731 sequelae
415 648 489 715 illae
512 669 576 714 non
600 649 753 715 irrideat!

525 869 743 937 PER-IGULA
765 869 928 937 MORTIS
953 869 1122 939 SUBIRE,

716 1028 826 1095 dasne.
855 1035 930 1104 (101)

248 1167 405 1227 Nemeeius
431 1167 516 1226 miles
537 1166 618 1227 vitae
645 1173 801 1244 pertaesus
822 1167 855 1226 in
875 1187 908 1227 se
929 1167 1026 1245 ipsum
1046 1187 1152 1229 manus
1173 1169 1284 1229 inicere
1308 1190 1368 1231 non
1389 1172 1485 1243 audet,

160 1266 263 1307 verum
283 1249 315 1307 in
335 1267 368 1308 re
388 1247 510 1308 militari
524 1247 641 1324 quaerit
662 1248 848 1307 occasionem
870 1267 936 1306 oum
956 1249 1067 1308 honore
1089 1249 1259 1311 decedendi.
1293 1251 1391 1323 Quare
1412 1254 1487 1330 petit

160 1329 333 1388 facultatem
353 1328 529 1388 incendendi
551 1334 581 1386 et
601 1327 779 1405 explodendi
799 1347 906 1386 navem
920 1328 1065 1389 hostilem.
1095 1329 1219 1397 Praeter
1233 1332 1485 1408 exspectationem

159 1415 310 1480 servatus,
333 1427 398 1467 cum
420 1427 438 1466 a
459 1407 610 1467 sodalibus
631 1407 753 1467 lascivis
774 1408 873 1484 puella
894 1407 1093 1485 impeteretur,
1115 1428 1180 1468 eam
1203 1417 1324 1470 cruente
1345 1411 1484 1485 defendit,

159 1493 190 1547 et
211 1508 276 1547 cum
298 1508 316 1546 a
337 1487 487 1548 sodalibus
508 1487 573 1564 ipse
593 1487 794 1558 invaderetur,
815 1507 853 1546 ne
875 1507 926 1546 eos
949 1494 1104 1564 cogeretur
1119 1490 1263 1562 occidere,
1285 1510 1352 1550 cum
1373 1512 1484 1553 summo

159 1569 289 1644 periculo
311 1587 349 1627 ex
371 1569 432 1627 alta
454 1569 586 1627 fenestra
607 1567 740 1645 prosilit,
764 1573 795 1626 at
816 1587 884 1626 crus
906 1567 1037 1643 quidem,
1066 1570 1118 1628 sed
1140 1570 1284 1630 cervicem
1306 1591 1365 1631 non
1387 1574 1483 1648 fregit.

159 1648 288 1707 Sanitati
309 1649 464 1707 restitutus
485 1647 619 1724 pericula
639 1648 787 1708 maritima
809 1648 897 1718 subit,
918 1647 949 1707 in
963 1649 1069 1725 quibus
1083 1669 1154 1708 mox
1167 1650 1356 1727 naufragium
1376 1672 1483 1729 passus

158 1730 288 1787 tabulam
309 1728 368 1786 iam
389 1733 537 1805 arreptam
559 1727 639 1787 socio
661 1728 748 1800 cedit,
771 1732 859 1804 atque
880 1728 967 1788 undis
988 1749 1021 1789 se
1042 1729 1228 1790 committens
1249 1736 1383 1809 optatum
1403 1733 1483 1793 vitae

158 1809 245 1866 linem
265 1807 388 1868 invenit.

95 1994 101 2005 ι
157 1913 334 1985 Qusamrua
355 1917 385 1974 1ο
409 1915 565 1974 licueritne
586 1913 723 1974 Nemesio
744 1914 797 1975 illa
817 1913 950 1990 pericula
970 1914 1078 1974 subire.

124 2054 153 2105 1¹:
355 2006 385 2063 2ο
409 2023 479 2063 num
499 2003 685 2095 peccaperit,
714 2003 789 2080 quod
818 2003 916 2063 taedio
937 2003 1019 2063 vitae
1046 2003 1084 2062 ad
1112 2023 1149 2063 ea
1176 2003 1308 2082 pericula
1331 2007 1482 2066 subeunda

136 2136 141 2169 7
410 2089 561 2161 permotus
582 2090 630 2143 sit.

752 2213 888 2280 Solutio.

94 2372 146 2427 374
245 2358 297 2421 An
321 2377 512 2431 ouaasrruu
538 2359 575 2422 1¹²
605 2355 644 2422 R.
669 2357 699 2423 1.
745 2354 978 2422 abstractione
1008 2354 1140 2421 interim
1172 2355 1264 2421 facta
1294 2376 1315 2421 a
1346 2357 1479 2430 motivo,

155 2466 218 2528 quo
242 2445 416 2512 Nemeeius
439 2445 578 2521 ducitur,
610 2444 721 2511 licebit
744 2444 839 2511 militi
863 2445 962 2511 etiam
987 2465 1060 2510 cum
1084 2447 1174 2511 certo
1197 2445 1313 2510 mortis
1336 2447 1479 2529 periculo

154 2535 277 2617 aliquid
292 2535 411 2611 facere,
436 2534 520 2617 quod
545 2535 587 2599 ad
602 2533 774 2600 victoriam
791 2554 910 2599 causae
926 2533 1032 2599 iustae
1055 2539 1090 2600 et
1112 2535 1154 2599 ad
1178 2533 1379 2616 frangendas
1395 2536 1479 2601 vires

153 2623 289 2690 hostiles
319 2624 457 2690 multum
488 2623 625 2689 confert.
672 2622 761 2705 Ergo
785 2622 975 2698 Nemeeius,
1006 2622 1069 2688 etsi
1098 2622 1299 2706 praeviderit
1328 2624 1479 2708 propriae

154 2711 245 2779 vitae
274 2713 460 2789 interitum,
494 2711 602 2796 potuit
632 2732 750 2776 navem
779 2711 931 2776 hostilem
954 2711 1103 2778 incendio
1128 2716 1162 2778 et
1185 2711 1368 2795 exploeioni
1391 2714 1477 2780 dare.

158 2803 214 2869 Ta.
238 2825 280 2870 m.
304 2802 328 2879 I,
354 2803 428 2879 580,
454 2804 492 2877 6;
522 2802 554 2867 S.
578 2799 693 2884 Alph.
719 2799 775 2877 III,
800 2802 875 2867 367.

241 2908 280 2974 R.
307 2910 337 2975 2.
383 2907 420 2972 ln
451 2909 587 2972 secundo
617 2927 695 2971 casu
725 2905 898 2971 Nemeeius
928 2904 1067 2989 primum
1098 2906 1181 2973 bene
1211 2906 1279 2990 egit
1302 2907 1478 2975 defendens

153 2998 296 3081 puellam
311 2997 516 3062 innocentem
534 3018 553 3061 a
569 2996 702 3061 lascivis
717 2995 898 3073 iuvenibus,
922 2995 1019 3076 idque
1035 2994 1146 3074 etiam,
1171 2996 1198 3062 si
1217 3017 1352 3062 necesse
1368 2998 1476 3075 fuerit,

153 3091 287 3153 cruento
304 3086 414 3152 modo:
437 3086 514 3151 licet
530 3085 615 3150 enim
631 3084 819 3168 pudicitiam
836 3085 906 3149 sive
922 3083 1086 3168 propriam
1102 3085 1172 3150 sive
1188 3085 1330 3151 alienam
1346 3092 1477 3153 cruente

153 3176 336 3241 defendere.
368 3175 482 3257 Neque
497 3174 646 3240 illicitum
663 3179 745 3252 erat,
770 3177 905 3257 propter
920 3173 1059 3238 alienam
1075 3173 1298 3242 defensionem
1313 3178 1477 3260 propriam

152 3265 255 3331 vitam
278 3264 421 3348 periculo
444 3263 601 3328 subicere.
1033 3273 1034 3276 ’

241 3363 323 3427 Dein
347 3363 508 3443 agebatur
537 3361 577 3425 de
607 3359 757 3444 propriae
781 3359 870 3425 vitae
900 3359 1088 3424 defensioue
1112 3364 1230 3450 contra
1256 3360 1396 3428 iniustos
1420 3384 1476 3444 ag·

152 3472 329 3533 gressores.
367 3451 469 3526 Quam
494 3449 658 3533 suscipere
682 3450 759 3514 licet
782 3448 921 3531 quidem,
946 3448 1003 3512 sed
1027 3448 1184 3530 obligatio
1208 3450 1390 3532 generatim
1414 3472 1476 3515 non

153 3545 212 3606 est.
249 3540 385 3604 Possum
410 3540 494 3603 enim
519 3559 653 3623 parcere
673 3539 763 3604 vitae
787 3537 1000 3620 aggressuris,
1025 3538 1168 3603 maxime
1192 3560 1264 3604 cum
1283 3540 1382 3606 valde
1405 3561 1475 3624 pro-

153 3628 259 3693 babile
282 3629 327 3694 sit
350 3649 421 3693 eum
447 3650 519 3693 cum
543 3632 648 3692 morte
671 3627 844 3708 temporali
867 3626 962 3691 simul
985 3627 1189 3692 incursurum
1214 3649 1301 3706 esse,
1329 3633 1406 3696 utut
1435 3649 1475 3694 ex

151 3739 211 3782 sua
234 3718 339 3801 culpa,
363 3722 501 3783 mortem
517 3722 695 3783 aeternam.
731 3715 816 3780 Hinc
832 3715 1004 3781 Nemeeius
1028 3715 1206 3798 culpandus
1230 3738 1293 3781 non
1317 3721 1379 3796 est,
1404 3738 1474 3783 cum

150 3806 291 3872 noluerit
322 3806 473 3889 prosequi
504 3809 672 3871 cruentam
701 3803 937 3882 defensionem,
968 3805 1025 3869 sed
1048 3805 1157 3888 potius
1180 3805 1250 3890 ipse
1274 3807 1473 3873 occumbere.

150 3898 213 3971 At,
244 3895 270 3959 si
302 3896 362 3960 hoc
391 3895 499 3973 licuit,
531 3894 622 3959 licuit
649 3915 669 3958 a
692 3894 820 3959 fortiori
844 3916 902 3977 pro
927 3904 1011 3960 certo
1034 3900 1138 3962 morte
1161 3897 1203 3960 ab
1227 3896 1474 3978 aggressoribus

150 3984 320 4052 inferenda
358 3984 479 4065 eligere
515 3983 731 4068 periculosum
768 3984 889 4049 saltum
924 4006 941 4048 e
973 3984 1135 4061 fenestra,
1174 3985 1228 4066 qui
1264 4006 1306 4050 ex
1341 4006 1377 4051 se
1411 4008 1473 4051 uon

150 4073 334 4138 necessario
358 4077 497 4137 mortem
521 4072 666 4148 inferret,
691 4072 749 4137 sed
773 4072 986 4155 probabiliter
1008 4076 1147 4140 tantum.

239 4179 277 4245 lt.
303 4183 333 4245 3.
380 4178 417 4242 ln
441 4182 529 4243 tertio
553 4199 631 4243 casu
655 4179 831 4243 secundum
857 4178 1054 4244 sententiam
1077 4178 1221 4262 practice
1245 4179 1377 4245 omniuo
1400 4202 1472 4264 pro-

150 4268 289 4334 babilem
313 4268 485 4333 Nemeeius
513 4267 602 4333 licite
633 4268 732 4333 cessit
762 4267 858 4333 alteri
889 4267 1051 4345 tabulam,
1082 4268 1186 4333 vitam
1209 4268 1351 4334 alienam
1378 4291 1471 4354 prae·

149 4359 258 4423 ferens
281 4358 442 4441 propriae.
494 4359 549 4423 Tb.
573 4380 614 4422 ra.
640 4358 665 4435 l,
690 4360 764 4424 580.

108 4490 140 4538 ‘5
238 4474 290 4537 Ao
314 4493 505 4548 cessemus
529 4474 567 4534 ‘2¹²¹
591 4471 630 4537 R..
653 4474 680 4535 1.
721 4470 869 4535 Practioe
893 4470 1053 4551 loquendo
1077 4468 1249 4534 Nemeeius
1274 4471 1336 4537 dici
1361 4464 1471 4554 necuit

32 4612 35 4617 ,
150 4582 224 4625 reue
248 4562 360 4643 gravis
384 4561 519 4643 peccati.
567 4560 651 4624 Nam
677 4561 823 4625 actiones
850 4560 941 4636 illae,
973 4580 1054 4641 quae
1085 4559 1277 4642 assumpsit,
1308 4561 1470 4627 habebant

150 4672 191 4714 ox
215 4651 467 4716 circumstantiis
491 4649 717 4715 rationabilem
742 4670 872 4714 causam
898 4653 932 4713 et
954 4652 1065 4726 finem,
1090 4649 1131 4713 ob
1155 4670 1250 4731 quem
1273 4671 1469 4734 prosequen-
