3106 5168
175 284 250 348 5164
396 279 437 333 De
455 277 605 333 virtutibus
623 280 651 332 et
669 277 767 332 officiis
785 295 851 347 erga
869 277 964 333 Deum.
983 307 1019 318 -
1036 277 1131 333 Virtus
1148 279 1297 348 religionis.

174 461 297 524 tamen
329 455 383 538 qui
407 476 428 521 a
449 455 543 521 laesa
561 462 751 541 paupertate
780 475 854 520 eum
885 459 1043 521 excusent
1069 454 1124 537 qui
1147 455 1234 539 apud
1257 456 1399 522 alterum
1423 457 1510 522 cibos

185 545 303 624 sumit,
334 566 400 611 non
423 564 534 609 secum
557 546 695 627 portans
718 547 753 609 et
774 564 966 610 reservans:
996 543 1038 611 cf.
1061 543 1116 609 Lu
1124 564 1190 626 go,
1218 546 1269 612 Dc
1291 548 1365 611 icat.
1390 554 1419 612 ct
1441 550 1511 613 iare

176 634 217 701 .d.
243 638 273 712 2,
297 656 330 701 n.
354 637 397 700 50
410 654 459 715 sq.
505 632 629 698 Verum
653 631 752 698 etiam
775 633 809 697 in
833 633 899 699 alia
920 632 984 719 illa
1002 633 1220 699 communiore
1243 634 1425 711 sententia,
1449 635 1511 700 nisi

186 724 284 789 valde
307 721 588 789 extraordinarios
617 725 767 805 sumptus
799 721 904 788 amica
926 742 986 807 pro
1008 720 1141 788 Amalia
1163 724 1294 788 volente
1316 723 1350 789 in
1374 724 1511 807 prandio

185 813 335 890 fecisset,
366 833 432 877 non
455 814 545 877 esset
574 815 746 894 peccatum
769 831 873 894 grave
898 811 957 876 sed
980 810 1109 876 veniale
1132 816 1248 878 contra
1270 818 1509 896 paupertatem.

274 927 313 994 R.
332 930 362 993 2.
395 926 508 1003 Quoad
529 924 755 992 collectionem
777 924 955 1008 imaginum
972 925 1005 990 id
1021 926 1107 1008 quod
1128 925 1260 994 additur
1279 926 1401 1006 ,inscia
1415 948 1511 1012 supe·

186 1016 354 1095 riorissa“,
376 1014 522 1081 indicare
537 1014 671 1081 videtur
692 1036 757 1080 non
772 1015 889 1080 adesse
911 1014 1099 1097 generalem
1115 1015 1258 1098 aliquam
1275 1015 1444 1083 licentiam
1459 1016 1511 1082 vel

178 1103 455 1172 'consuetudinem
482 1102 702 1187 superioribus
725 1103 908 1187 probatam,
932 1103 965 1168 in
988 1103 1074 1169 hunc
1095 1107 1194 1170 finem
1216 1103 1399 1170 scholarem
1422 1106 1511 1171 colli·

186 1195 284 1277 gendi
315 1193 483 1276 imagines.
531 1190 638 1269 Quare
668 1191 768 1259 etiarn
799 1191 834 1257 in
859 1191 922 1258 hac
944 1213 981 1258 re
1003 1192 1135 1258 Amalia
1157 1193 1319 1260 commisit
1341 1200 1512 1277 peccatum

170 1287 303 1349 contra
325 1285 439 1347 votum
468 1281 691 1366 paupertatis:
723 1285 824 1363 atque
847 1281 1008 1348 obiective
1035 1282 1153 1347 saltem
1177 1289 1348 1367 peccatum
1371 1284 1512 1350 mortale

186 1372 266 1449 erit,
295 1371 425 1454 quando
456 1369 550 1454 copia
579 1369 676 1436 simul
699 1370 838 1436 collecte
864 1374 899 1437 et
921 1373 1054 1437 retenta
1084 1371 1125 1437 ad
1149 1371 1290 1455 pretium
1314 1373 1426 1438 decem
1450 1372 1511 1438 cir·

187 1461 271 1527 citer
293 1481 478 1526 marcarum
508 1458 562 1525 vel
592 1459 680 1525 ultra
703 1459 900 1543 pervenerit.
945 1459 1033 1525 Nam
1055 1458 1187 1527 Amalia
1213 1461 1248 1526 in
1269 1460 1332 1526 hac
1354 1482 1391 1526 re
1415 1462 1512 1546 plene

185 1549 437 1634 proprietariam
460 1548 532 1631 agit
553 1548 651 1631 idque
674 1548 761 1613 circa
783 1569 864 1627 rem,
888 1568 973 1631 quae
989 1569 1028 1614 eo
1044 1548 1130 1631 quod
1152 1549 1225 1634 ipsa
1248 1570 1319 1616 earn
1337 1551 1510 1635 acceperit,

186 1660 239 1704 res
262 1637 453 1705 monasterii
475 1637 566 1703 facta
590 1642 651 1705 est.
697 1636 818 1715 Quodsi
847 1637 1040 1704 munuscula
1068 1658 1134 1703 non
1163 1643 1300 1705 servata
1329 1644 1423 1719 sunt,
1454 1641 1510 1705 sed

186 1749 264 1793 mox
287 1727 478 1804 distributa,
509 1747 614 1808 neque
644 1747 688 1791 ex
716 1726 864 1792 consulto
893 1726 1022 1792 modica
1050 1732 1188 1810 accepta
1217 1727 1284 1794 sint
1306 1748 1381 1793 cum
1404 1729 1511 1794 animo

186 1816 416 1901 progrediendi
439 1816 482 1881 ad
505 1816 616 1899 plura:
647 1814 943 1894 Vermeersch,
966 1816 1017 1881 De
1040 1819 1196 1901 relipioeis
1218 1819 1374 1883 institutis
1397 1823 1461 1884 etc.
1485 1818 1509 1896 l,

186 1929 218 1973 n.
244 1907 318 1985 267,
349 1904 469 1988 aliique
500 1909 635 1971 censent
658 1904 831 1987 sacrilegia
852 1903 911 1970 illa
933 1924 976 1971 ex
999 1925 1035 1970 se
1058 1926 1179 1988 parva,
1210 1905 1273 1972 elsi
1296 1926 1396 1990 saepe
1418 1927 1511 1992 repc-

187 1999 310 2073 tantur,
333 2014 399 2060 non
422 1994 606 2060 coalescere
629 1993 671 2059 ad
694 1993 866 2059 materiam
888 2014 947 2059 seu
970 1993 1100 2078 culpam
1122 2014 1268 2076 gravem.

125 2112 177 2167 327
275 2099 314 2166 R.
340 2101 370 2168 3.
405 2100 552 2166 Emendo
575 2098 637 2165 sibi
660 2103 787 2165 vestem
809 2098 941 2165 Amalia
962 2099 1093 2165 omnino
1116 2098 1225 2184 posuit
1241 2102 1350 2166 actum
1366 2101 1510 2186 proprie-

186 2189 284 2268 tatis,
307 2188 447 2271 ideoque
470 2188 620 2274 peccavit
643 2192 759 2254 contra
781 2193 896 2255 votum
919 2188 1124 2272 paupertatis
1147 2188 1320 2255 venialiter
1343 2195 1403 2256 aut
1425 2211 1511 2256 mor·

187 2278 300 2346 taliter
333 2299 392 2362 pre
426 2278 532 2362 pretio
562 2298 718 2362 expenso.
763 2277 835 2343 Nec
866 2275 1044 2360 quidquam
1074 2277 1194 2355 refert,
1228 2277 1314 2361 quod
1346 2300 1512 2362 expensae

187 2368 296 2433 factae
326 2371 404 2432 sunt
433 2388 475 2432 ex
504 2366 598 2432 bonis
628 2387 765 2449 quorum
787 2365 919 2432 Amalia
945 2366 1123 2432 donnnium
1145 2372 1275 2445 servat:
1306 2387 1384 2432 nam
1407 2389 1449 2434 ne
1473 2370 1511 2434 de

187 2457 227 2522 iis
250 2456 380 2539 quidem
402 2456 496 2522 bonis
519 2456 655 2522 liberam
678 2455 778 2522 habet
801 2455 1062 2538 dispositionem:
1093 2477 1289 2539 quamquam
1314 2457 1457 2524 fortasse
1478 2457 1511 2523 in

187 2546 249 2610 hcc
277 2566 356 2610 casu
385 2545 540 2623 materia,
571 2566 656 2628 quae
684 2547 817 2610 modale
844 2548 1016 2628 peccatum
1052 2545 1249 2623 constituat,
1282 2547 1380 2629 paulo
1413 2547 1511 2614 latius

188 2633 272 2699 sumi
304 2638 424 2718 potest.
456 2672 501 2682 —
534 2634 568 2700 Si
598 2639 708 2700 autem
741 2654 783 2698 cx
810 2632 969 2700 reditibus
1000 2633 1086 2699 dotis
1115 2655 1195 2700 suae
1225 2635 1381 2718 sumpsit,
1415 2637 1511 2720 plane

189 2723 312 2789 furtum
337 2728 452 2790 contra
475 2723 708 2789 monasterium
725 2721 896 2800 commisit,
921 2722 997 2804 quia
1013 2723 1137 2788 reditus
1154 2723 1240 2788 dotis
1255 2724 1297 2788 ad
1314 2730 1510 2791 conventum

189 2816 351 2896 spectant.
397 2812 513 2895 Neque
536 2812 639 2877 refert
669 2811 862 2894 quidquam,
893 2811 979 2893 quod
1001 2811 1088 2877 forte
1110 2814 1295 2896 pepercerit
1317 2815 1510 2898 sumptibus,

189 2922 270 2984 quos
299 2901 397 2967 aliter
428 2901 662 2967 monasterium
693 2900 804 2966 facere
836 2900 1017 2979 debuisset:
1050 2922 1126 2965 nam
1156 2900 1287 2966 Amalia
1319 2923 1384 2968 non
1419 2903 1511 2968 vovit

188 2990 420 3075 parsimoniam
442 2990 550 3072 quoad
573 2994 723 3073 sumptus
744 3011 765 3054 a
780 2989 978 3055 monasterio
1001 2989 1177 3070 faciendos,
1202 2991 1260 3056 sed
1282 2995 1509 3076 paupertatem

189 3080 394 3164 personalem
417 3079 623 3145 servandam.

279 3179 401 3243 Verum
430 3176 458 3242 si
481 3176 613 3243 Amalia
636 3175 757 3242 diutius
781 3176 896 3241 aberat
919 3197 939 3242 a
961 3175 1178 3253 monasterio,
1209 3182 1309 3259 atque
1332 3178 1510 3262 indigentie

190 3288 295 3332 novae
318 3266 422 3332 vestis
445 3287 565 3349 urgens
589 3269 677 3331 erat:
700 3264 770 3330 fieri
795 3265 918 3348 potuit,
942 3268 980 3330 ut
1003 3286 1045 3329 ex
1068 3264 1202 3331 licentia
1221 3276 1431 3354 praesumpta
1454 3291 1509 3333 no·

190 3378 265 3421 vam
288 3360 416 3422 vestem
439 3356 501 3421 sibi
523 3375 700 3439 procurare
722 3353 837 3420 liceret
859 3353 929 3418 sive
952 3354 1035 3418 dono
1059 3355 1207 3433 aliorum,
1231 3355 1302 3421 sive
1325 3357 1421 3422 modo
1445 3357 1508 3432 illo,

190 3466 286 3526 quem
308 3445 380 3527 ipsa
403 3444 560 3510 adhibuit.
607 3443 726 3519 Quodsi
750 3443 798 3510 ita
821 3446 888 3520 est,
919 3444 1124 3526 paupertatis
1154 3445 1223 3510 voti
1247 3445 1424 3511 laesionem
1450 3468 1509 3511 non

190 3533 360 3601 commisit.

129 3657 181 3711 328
279 3639 319 3705 R.
345 3643 374 3705 4.
422 3638 534 3716 Quoad
563 3637 833 3715 refectiunculas,
864 3659 945 3720 quas
975 3643 1072 3703 extra
1101 3643 1230 3723 tempus
1257 3639 1370 3717 sumit,
1401 3641 1431 3706 si
1453 3643 1510 3706 hoc

191 3728 272 3794 facit
294 3728 397 3794 inscia
420 3729 473 3793 vel
488 3727 594 3794 invita
616 3726 841 3810 superiorissa,
865 3730 980 3810 peccat
996 3727 1125 3808 quidem
1141 3732 1256 3793 contra
1272 3735 1509 3813 paupertatem,

192 3838 306 3882 verum
338 3817 365 3881 si
395 3818 483 3882 solas
514 3816 756 3882 consideramus
785 3815 1052 3895 refectiunculas,
1084 3838 1143 3900 per
1172 3838 1208 3882 se
1231 3839 1295 3882 non
1318 3820 1509 3885 mortaliter.

191 3906 238 3973 At
261 3907 418 3973 sumendo
443 3912 476 3973 et
499 3905 698 3970 reservando
721 3926 880 3970 summam
904 3905 1061 3988 pecuniae
1084 3906 1117 3970 in
1141 3906 1225 3971 hunc
1249 3907 1345 3972 finem
1364 3908 1510 3991 peccavit

192 4018 271 4061 sane
300 3996 500 4073 mortaliter,
532 3995 559 4059 si
590 4015 733 4073 summa,
765 4015 862 4076 quam
892 3998 1042 4060 reservat
1072 3995 1125 4060 vel
1149 4016 1247 4078 quam
1270 4018 1442 4063 reservare
1464 3999 1510 4062 in·

191 4086 306 4160 tendit,
331 4084 431 4150 fuerit
454 4084 593 4150 materia
616 4083 738 4165 gravis.

281 4191 319 4256 n.
338 4192 367 4256 5.
399 4192 557 4273 Rigorose
580 4211 616 4254 re
640 4189 847 4254 considerata
862 4189 1011 4271 peccavit
1027 4189 1125 4255 etiam
1143 4195 1257 4256 contra
1273 4196 1510 4275 paupertatem,

193 4280 385 4364 applicando
416 4301 458 4344 ex
482 4280 574 4344 bonis
605 4279 672 4343 suis
703 4282 826 4343 certam
857 4298 1016 4342 summam
1040 4279 1133 4360 quasi
1156 4301 1215 4362 pro
1238 4281 1510 4364 compensatione,

193 4370 220 4435 si
243 4370 324 4434 haec
354 4369 423 4451 egit
452 4369 555 4433 inscia
587 4367 820 4451 superiorissa:
851 4388 926 4431 narn
951 4389 989 4432 eo
1013 4368 1083 4450 ipso
1108 4369 1147 4432 de
1171 4369 1238 4433 suis
1261 4370 1353 4434 bonis
1378 4369 1510 4437 liberam

193 4458 438 4542 dispositionem
470 4458 531 4522 sibi
562 4457 748 4539 arrogavit,
779 4477 874 4538 quarn
906 4460 1042 4539 propter
1072 4463 1184 4522 votum
1214 4460 1420 4543 paupertatis
1449 4480 1510 4526 non

193 4548 315 4613 habuit.
353 4548 469 4624 Aliter,
494 4547 522 4611 si
545 4568 704 4611 summam
728 4566 787 4628 pro
811 4546 1009 4611 monasterio
1028 4547 1245 4613 mendicasset
1269 4569 1407 4631 eamque
1431 4551 1509 4616 clam

193 4637 391 4703 monasterio
415 4638 526 4702 eiusve
550 4656 646 4701 arcae
669 4633 844 4700 attulisset.
