3106 5168
182 285 248 348 430
320 281 360 335 De
379 279 527 335 virtutibus
545 283 573 334 et
591 279 688 334 officiis
707 296 773 347 erga
791 278 920 333 homines.
940 309 974 316 -
992 277 1044 333 off.
1063 279 1136 333 circa
1154 279 1224 334 bona
1241 283 1366 335 externa

182 456 200 539 ἓ
225 459 306 534 690,
339 457 442 522 Gall.
467 460 529 522 art.
556 459 640 522 1927
657 455 760 538 sqq.):
791 455 902 531 aliter,
932 455 961 520 si
985 456 1202 538 depositarius
1224 460 1340 523 servat
1369 479 1424 522 res
1448 480 1504 541 pro

182 547 341 612 mercede.
366 582 409 590 —
441 546 474 611 Si
503 545 537 609 in
566 545 636 610 solo
666 546 737 610 foro
768 545 987 610 conscientiae
1010 545 1049 610 de
1073 545 1190 611 damno
1220 544 1358 611 ferendo
1386 547 1503 628 agitur,

183 634 283 700 etiam
312 635 363 700 hic
392 634 570 717 requiritur
592 639 627 700 et
653 635 775 700 sufficit
798 634 894 717 eulpa
917 634 1101 716 theologica
1124 635 1252 716 gravia,
1287 640 1326 701 ut
1349 635 1506 718 obligatio

184 725 271 791 adsit
294 723 403 790 damni
427 723 610 807 reparandi.

273 829 310 894 R.
337 832 366 894 3.
415 829 572 894 Accidere
595 829 694 894 etiam
718 831 838 912 potest,
862 832 900 893 ut
915 827 985 893 sive
1013 829 1177 911 deponens
1200 828 1271 894 sive
1295 829 1505 896 commodans

183 939 242 1001 per
264 938 343 995 rem,
369 938 465 999 quam
490 918 586 983 alteri
609 917 722 995 tradit,
746 916 820 982 huic
851 917 1004 982 damnum
1028 921 1133 989 creet:
1165 918 1251 999 quod
1274 920 1313 983 fit
1335 919 1504 1002 imprimis,

182 1007 311 1088 quando
335 1028 388 1072 res
412 1007 481 1071 sive
498 1007 703 1072 commodata
718 1006 788 1071 sive
805 1005 952 1088 deposita
968 1005 1088 1071 vitiosa
1104 1010 1155 1071 est
1172 1010 1270 1088 atque
1287 1009 1439 1091 proprias
1455 1030 1505 1073 res

183 1095 428 1161 commodatarii
446 1096 498 1159 vel
519 1095 708 1178 depositarii
727 1095 871 1160 inficiens
888 1095 1074 1178 corrumpit.
1106 1095 1143 1160 In
1160 1116 1223 1176 quo
1238 1117 1317 1160 casu
1332 1100 1386 1162 iae
1399 1099 1503 1163 Germ.

182 1184 268 1250 inter
284 1185 543 1249 commodantem
560 1189 594 1249 et
610 1185 824 1268 deponentem
840 1184 886 1249 sic
903 1184 1082 1266 distinguit,
1107 1188 1145 1249 ut
1160 1184 1372 1251 commodans
1388 1186 1504 1251 damno

159 1328 162 1335 ,
183 1273 364 1357 reparando
388 1273 547 1339 obnoxius
570 1276 628 1339 liat
652 1278 780 1339 tantum
803 1294 846 1338 ex
870 1272 995 1338 directa
1017 1273 1250 1339 deliberatione
1280 1279 1315 1340 et
1345 1295 1389 1339 ex
1414 1279 1505 1359 praei

182 1363 392 1445 neglegentia
415 1363 447 1444 (ξ
472 1365 534 1427 529
565 1365 697 1428 Versata
727 1362 791 1426 und
820 1365 915 1446 probe
938 1359 1219 1444 Folrldesiplceit),
1251 1362 1419 1446 deponens
1450 1364 1504 1429 ob·

182 1451 299 1516 noxius
323 1452 366 1517 sit
389 1451 589 1534 reparationi
605 1451 714 1516 damni
738 1472 779 1515 ex
802 1472 839 1515 rc
854 1451 1003 1534 deposita
1019 1451 1154 1528 oriundi,
1178 1451 1240 1516 nisi
1263 1451 1298 1530 a)
1316 1452 1436 1519 vitium
1460 1454 1504 1518 rei

183 1540 381 1624 depositario
404 1544 517 1605 notum
533 1540 650 1606 fecerit
673 1541 725 1605 vel
749 1540 827 1604 illud
844 1539 873 1604 ei
889 1544 1001 1604 notum
1017 1540 1126 1616 fuerit,
1151 1543 1209 1604 aut
1231 1539 1294 1604 nisi
1317 1538 1353 1622 b)
1378 1545 1504 1608 constet

183 1630 398 1712 deponentem
423 1629 536 1694 vitium
561 1629 609 1694 rei
635 1649 740 1710 neque
770 1628 900 1694 novisse
930 1649 1035 1710 neque
1064 1649 1160 1693 nosse
1184 1628 1335 1694 debuisse
1359 1628 1394 1711 (ἕ
1418 1632 1501 1711 694).

183 1718 238 1783 Ius
263 1718 364 1783 Gall.
390 1718 466 1799 (art.
489 1720 587 1799 1933)
612 1740 651 1784 ea
675 1720 794 1783 damna
816 1718 969 1801 supponit
992 1717 1175 1801 reparanda
1199 1738 1271 1782 esse
1294 1739 1355 1801 per
1378 1719 1503 1802 deposi-

183 1806 319 1882 tarium,
350 1828 434 1889 quae
461 1830 520 1893 per
549 1830 618 1872 eura
648 1807 750 1893 (,por
772 1828 827 1871 aon
853 1806 954 1889 fait“)
985 1811 1058 1871 orta
1087 1806 1169 1880 sint;
1201 1806 1421 1890 deponentem
1451 1810 1503 1873 ob-

183 1895 316 1961 noxium
339 1896 420 1962 facit
406 1896 633 1979 treparandis
657 1896 805 1961 omnibus
829 1895 967 1971 damme,
993 1915 1076 1976 quae
1099 1894 1282 2048 depositum
1307 1895 1502 1979 depositaria

184 1985 369 2050 causaverit
385 1983 461 2065 (art.
478 1985 586 2066 1947)
621 1984 719 2049 Iut
683 1991 821 2085 utroque
845 2005 922 2049 casu
945 1984 978 2047 in
1002 1983 1072 2049 foro
1096 1984 1246 2048 conscien
1248 1983 1315 2049 tiae
1329 1984 1502 2051 videndum

184 2078 250 2152 est,
282 2079 390 2140 utrum
414 2074 556 2139 adfuerit
542 2074 675 2156 tculpa
698 2073 809 2155 gravis
834 2072 1034 2154 theologica,
1065 2093 1149 2175 quae
1172 2093 1214 2137 ex
1237 2073 1428 2140 voluntaria
1450 2096 1502 2140 ne·

183 2162 387 2245 glegentia
379 2185 411 2227 m
443 2163 625 2247 deponente
591 2162 783 2228 tefacilius
815 2162 908 2226 adest
894 2166 1034 2243 tquam
1065 2162 1098 2226 in
1129 2162 1368 2230 commodante.
1416 2164 1503 2229 Alias

185 2257 293 2318 autem
318 2251 478 2335 positivae
504 2253 594 2334 leges
617 2251 785 2334 regionum
809 2250 1029 2328 diversarum,
1059 2254 1231 2335 postquam
1255 2272 1310 2316 res
1334 2252 1502 2318 adfurum

183 2340 346 2424 publicum
371 2341 480 2406 delata
504 2341 612 2417 luerit,
637 2340 861 2405 observandae
884 2344 970 2405 sunt

123 2462 175 2515 850
274 2453 327 2517 An
350 2457 604 2528 uniusne-nam
628 2454 666 2520 R.
695 2457 722 2519 l
769 2453 871 2519 Casus
901 2453 1088 2554 propositus
1118 2453 1159 2518 ad
1190 2474 1338 2519 normam
1374 2457 1502 2543 depositi

186 2541 410 2607 diiudicandus
434 2548 502 2616 est,
534 2552 597 2607 non
621 2544 662 2607 ad
696 2563 842 2607 normam
867 2542 1071 2608 commodati.
1118 2541 1238 2607 Nam
1228 2543 1290 2609 mit
1292 2565 1330 2608 us
1355 2551 1408 2611 est
1431 2567 1503 2610 con·

186 2635 312 2696 tractus
335 2635 454 2713 rogatu
478 2631 600 2705 Fulvii,
632 2637 668 2698 ut
653 2632 743 2698 thie
766 2651 835 2696 rem
859 2653 967 2709 suam,
994 2652 1123 2712 equum,
1147 2632 1189 2696 ad
1220 2633 1385 2717 tempus
1376 2656 1409 2699 1n
1434 2638 1501 2700 tuto

186 2719 370 2796 collocaret,
395 2742 459 2784 non
482 2727 599 2802 rogatu
615 2720 735 2797 Albini,
761 2742 853 2784 usum
878 2721 952 2801 equi
975 2720 1035 2784 sibi
1053 2720 1142 2785 utilis
1167 2726 1240 2803 post
1226 2721 1346 2787 tulant
1321 2726 1376 2788 trs.
1417 2723 1501 2800 Quod

186 2829 264 2872 vero
288 2808 387 2874 etiam
411 2810 529 2874 Albino
553 2810 677 2875 utilitas
702 2810 861 2891 quaedam
886 2811 1092 2886 offerebatur,
1117 2810 1233 2874 hocin
1258 2816 1433 2877 contractu
1456 2834 1502 2877 ee·

186 2897 376 2962 cundarium
401 2904 509 2964 estet
533 2920 591 2981 per
615 2900 774 2965 accidens

274 3004 368 3069 R-..a
415 3005 636 3083 Undefit,u
617 3010 788 3070 utcoram
818 3004 891 3084 lege
914 3003 1048 3068 Fulvius
1078 3003 1207 3067 facilius
1238 3025 1358 3070 cavere
1389 3007 1502 3071 debeat

187 3092 286 3159 etiam
311 3093 381 3158 siue
404 3094 500 3177 culpa
516 3094 702 3176 theologica
718 3095 757 3158 de
774 3095 901 3170 damn0,
927 3093 954 3156 si
975 3093 1058 3173 quod
1077 3113 1118 3156 ex
1135 3093 1215 3157 vitio
1232 3093 1282 3157 sui
1299 3095 1374 3176 equi
1393 3116 1501 3161 causa·

185 3185 254 3246 tum
278 3182 392 3255 fucrit;
444 3186 525 3248 t
548 3182 685 3247 Albinus
708 3182 837 3246 facilius
861 3202 881 3246 a
905 3182 1022 3245 damno
1047 3182 1229 3265 reparando
1253 3191 1448 3261 excusetur,
1476 3183 1500 3247 si

185 3271 319 3351 quod
293 3293 363 3336 sine
387 3292 446 3336 sua
425 3188 566 3355 etculpa
596 3272 690 3352 gravi
714 3271 901 3351 theologica
925 3292 966 3334 ex
991 3271 1177 3335 condicione
1205 3272 1328 3337 stabuli
1352 3274 1408 3338 vel
1432 3294 1501 3338 con·

184 3359 285 3426 sertio
310 3381 465 3442 equorum
491 3361 709 3425 morbidorum
734 3381 816 3441 equo
840 3359 947 3424 Fultii
971 3364 1141 3425 causatum
1166 3360 1275 3426 fuerit.

273 3467 312 3531 R.
338 3470 367 3531 3.
415 3466 601 3548 Antequam
626 3488 678 3531 res
695 3465 828 3535 iuridice
845 3470 1066 3549 componatur,
1092 3466 1124 3529 in
1148 3468 1217 3531 eolo
1241 3467 1314 3532 foro
1340 3468 1500 3533 conscien·

185 3556 250 3619 tiae
274 3559 390 3620 neuter
413 3556 455 3620 ad
479 3558 694 3640 reparandum
726 3553 822 3621 alteri
853 3556 1006 3619 damnum
1037 3555 1176 3637 obligari
1199 3560 1326 3639 potest,
1360 3579 1399 3623 eo
1421 3556 1500 3639 quod

185 3644 224 3707 de
247 3644 394 3708 neutrius
418 3645 603 3726 theologica
627 3645 722 3727 culpa
745 3643 840 3726 gravi
864 3649 1002 3710 constet.

275 3733 346 3807 Sed,
372 3755 407 3796 rc
432 3755 489 3816 per
512 3733 649 3798 iudicem
674 3734 823 3808 definita,
855 3734 917 3796 nisi
941 3734 972 3796 in
998 3734 1086 3797 facto
1111 3733 1209 3797 iudex
1233 3735 1414 3814 erraverit,
1439 3736 1499 3800 eius

185 3820 311 3897 iudicio,
338 3822 454 3887 saltem
480 3823 506 3886 si
530 3823 630 3888 luerit
654 3822 819 3888 sententia
843 3822 1002 3886 iudiciaLis
1027 3843 1196 3905 suprema,
1228 3823 1331 3888 etiam
1355 3825 1498 3890 standum

184 3910 289 3974 estin
315 3912 521 3977 conscientia.

309 4110 469 4176 CUSTOS
494 4111 782 4177 PEL'UNllltLll
807 4111 1053 4176 PLBLILARU
1056 4112 1323 4177 lNlDLSTltl
1309 4115 1381 4180 IUS

608 4202 689 4265 Slll'l
717 4200 868 4265 PAltUlll
897 4160 1075 4265 llDELlS.

737 4339 848 4404 (lasus.
876 4349 951 4414 (263)

272 4479 413 4553 Elpidius,
430 4479 459 4536 in
471 4498 590 4536 munera
602 4479 718 4553 publico
730 4479 918 4546 constitutus,
935 4479 1068 4554 publicus
1079 4478 1220 4552 pcc-unias
1232 4481 1341 4541 cotidie
1353 4484 1501 4541 affluentes

184 4558 272 4614 habet
295 4559 510 4616 custodiendas,
547 4560 616 4616 Cum
639 4559 702 4614 lieri
724 4560 827 4632 possit,
851 4568 882 4617 ut
904 4580 956 4634 per
977 4566 1039 4616 tres
1061 4560 1109 4615 vel
1131 4559 1220 4617 etiam
1243 4582 1298 4620 sex
1320 4582 1438 4623 menses
1458 4584 1501 4640 pe·

184 4639 287 4696 cuniae
303 4639 504 4712 relinquantur
520 4639 643 4707 otiosae,
667 4654 734 4713 poet
755 4640 886 4696 redimes
903 4639 987 4697 modo
1001 4639 1132 4697 redditas
1154 4641 1245 4699 sumit
1266 4645 1412 4719 pecuniae
1433 4665 1502 4703 surn-
