3106 5168
155 287 219 351 216
315 283 356 338 De
374 281 523 337 virtutibus
541 285 570 336 et
586 280 684 336 officiis
702 297 769 349 erga
785 280 915 335 homines.
931 310 965 320 -
984 280 1092 336 carim
1108 281 1138 336 iu
1155 281 1318 352 proximum.

749 455 883 523 Solutio.

92 611 145 666 423
244 601 298 665 An
321 619 511 676 annuarum
537 601 574 663 1¹¹²
597 599 636 665 R.
660 601 689 665 1.
728 597 879 665 Condicio
902 620 967 664 non
991 600 1042 664 est
1064 597 1162 683 plane
1184 596 1343 664 absimilis
1366 619 1478 665 acon·

155 687 281 755 dicione
297 709 391 754 casus
407 687 641 765 antecedentis,
664 687 733 754 scil.
751 708 816 753 cas.
832 688 905 765 118,
928 686 990 753 hoc
1005 691 1115 754 tamen
1132 686 1327 766 discrimine,
1343 688 1431 770 quod
1445 687 1478 753 in

144 777 321 862 ‘praesenti
344 797 423 843 casu
446 797 489 842 ex
509 777 672 859 denegata
688 776 917 860 cooperatione
932 776 1052 842 efficax
1066 776 1334 860 impedimentum
1349 776 1478 844 effectui

155 867 242 932 malo
275 865 399 932 orituro
430 865 538 931 minus
570 866 671 932 etiam
703 869 854 951 ponatur.
913 864 1020 942 Quare
1050 865 1221 931 dicendum
1251 869 1303 933 est
1341 887 1478 948 gravem

157 975 288 1022 causam
311 954 436 1021 licitam
458 955 596 1021 reddere
618 975 715 1039 posse
729 953 821 1020 illam
836 953 909 1019 Iulii
926 954 1206 1039 cooperationem:
1229 953 1351 1038 requiri
1366 958 1478 1021 tamen

156 1044 256 1111 etiam
285 1064 419 1111 causam
442 1044 571 1109 omnino
595 1064 748 1127 marem,
779 1049 817 1110 ut
839 1064 876 1108 re
898 1043 971 1128 ipsa
994 1043 1116 1110 evadat
1137 1042 1237 1112 licita.
1284 1043 1374 1110 Nam
1405 1044 1477 1121 etsi,

155 1133 326 1200 deficiente
349 1154 423 1211 uno,
449 1137 538 1200 certo
556 1133 677 1199 certius
693 1132 749 1198 alii
764 1132 840 1210 sint,
866 1133 920 1214 qui
937 1154 1070 1216 operam
1086 1136 1266 1217 praestent,
1291 1132 1478 1217 cooperatio

154 1226 266 1288 tamen
297 1222 339 1288 ad
369 1224 520 1288 effectum
544 1221 787 1306 producendum
810 1221 907 1287 valde
930 1222 1112 1306 propinqua
1136 1226 1203 1303 est,
1236 1242 1342 1305 neque
1366 1243 1409 1287 ex
1432 1223 1478 1288 le·

155 1311 247 1377 viora
271 1332 370 1377 causa
394 1316 504 1395 potest
527 1311 687 1377 excusari.

243 1415 283 1483 R.
301 1419 332 1485 2.
372 1416 420 1481 Ro
443 1416 515 1500 ipsa
539 1416 634 1484 adest
656 1415 708 1481 hic
732 1420 766 1483 et
788 1437 874 1481 nunc
897 1436 997 1482 causa
1020 1415 1151 1482 omnino
1174 1417 1287 1499 gravis
1309 1438 1371 1500 pro
1386 1417 1478 1494 Iulio,

156 1525 194 1570 eo
225 1505 311 1586 quod
342 1525 436 1570 secus
466 1505 584 1573 debeat
614 1505 703 1571 victu
734 1505 896 1572 cotidiano
927 1526 1049 1572 carere.
1103 1506 1167 1572 Sed
1199 1526 1240 1571 ne
1272 1505 1343 1590 ipse
1375 1505 1409 1572 in
1439 1527 1479 1573 ea

155 1615 191 1659 re
223 1594 352 1678 culpam
385 1594 575 1674 contrabat,
609 1615 724 1661 curare
754 1594 868 1673 debet,
903 1597 939 1660 ut
969 1594 1050 1659 baec
1080 1616 1180 1661 causa
1211 1594 1305 1661 brevi
1335 1595 1478 1663 finiatur.

156 1682 300 1759 Quaerat
328 1682 431 1766 igitur
454 1681 552 1748 aliam
575 1683 738 1748 officinam
768 1685 886 1748 bonam
910 1687 945 1748 et
974 1683 1185 1763 catholicam,
1215 1684 1338 1767 inqua
1362 1706 1478 1769 operas

156 1793 233 1837 suas
255 1772 364 1837 locare
387 1771 501 1856 possit.
540 1771 644 1849 Quam
667 1773 695 1837 si
710 1772 883 1850 invenerit,
907 1771 1073 1837 discedere
1089 1773 1187 1840 debet
1210 1793 1253 1838 ex
1274 1773 1384 1857 priore
1408 1773 1479 1840 ofli-

156 1861 245 1938 cina,
276 1882 375 1943 quam
404 1861 544 1944 primum
567 1861 636 1927 sine
659 1862 754 1944 gravi
778 1862 896 1928 damno
919 1861 1037 1945 possit,
1062 1860 1083 1928 i.
1108 1882 1136 1930 o.
1160 1860 1280 1928 saltem
1302 1867 1382 1929 ante
1405 1884 1478 1947 pro-

155 1949 279 2014 ximum
294 1949 468 2015 terminum
484 1950 656 2016 locationis
673 1951 819 2033 elapsum
835 1954 1039 2016 contractum
1055 1952 1185 2016 solvere
1201 1951 1315 2027 debet3
1339 1952 1368 2017 si
1378 1960 1479 2037 potest

156 2042 255 2104 antea
278 2039 406 2104 solvere
422 2038 492 2105 sine
508 2040 603 2121 gravi
619 2040 747 2117 damno,
772 2039 869 2105 debet
885 2039 984 2106 etiam
1001 2043 1109 2117 antea,
1134 2044 1323 2106 contractus
1338 2041 1478 2107 termino

157 2149 221 2193 non
245 2131 449 2212 exspectato,
475 2127 649 2195 discedere.
681 2129 748 2195 Vix
764 2127 892 2211 quidem
908 2128 1063 2212 possibile
1079 2127 1150 2206 erit,
1175 2133 1214 2194 ut
1228 2128 1332 2196 invito
1349 2129 1478 2196 domino

156 2221 234 2283 ante
257 2219 387 2300 tempus
411 2221 599 2283 contractus
623 2218 770 2302 elapsum
794 2217 949 2295 discedot,
975 2238 1013 2282 eo
1037 2219 1123 2300 quod
1146 2218 1245 2285 aliter
1267 2239 1371 2300 grave
1389 2220 1479 2285 dam·

156 2327 234 2372 num
263 2306 372 2372 subire
402 2311 557 2388 cogatur;
586 2306 729 2389 alioquin
752 2307 786 2371 in
810 2306 1010 2373 conscientia
1033 2312 1123 2374 certe
1146 2328 1211 2373 non
1234 2311 1368 2375 tenetur
1389 2314 1479 2376 stare

156 2393 305 2462 terminis
340 2398 538 2462 contractus.
585 2396 665 2461 Cum
699 2396 785 2461 enim
819 2399 1008 2462 contractus
1043 2416 1084 2461 ox
1119 2400 1215 2480 parte
1249 2395 1388 2474 domini,
1425 2399 1478 2480 qui

155 2484 304 2568 postulat
325 2483 600 2569 praestationem,
624 2485 859 2566 detorqueatur
882 2485 922 2549 ad
947 2505 1016 2550 rorn
1039 2484 1200 2552 obiective
1222 2486 1354 2566 malam,
1379 2487 1478 2552 Iulius

156 2573 245 2637 nullo
269 2593 422 2654 umquam
445 2576 594 2656 tompore
617 2573 658 2639 ad
683 2594 756 2639 eam
778 2574 1010 2657 praestandam
1034 2573 1215 2656 obligatum
1243 2596 1405 2641 summum
1430 2599 1478 2642 ec·

156 2669 288 2727 cusator
309 2666 347 2728 ut
368 2682 429 2745 pro
452 2661 561 2745 aliquo
584 2664 733 2746 tempore
757 2684 796 2728 ea
822 2663 1039 2730 materialiter
1060 2667 1233 2747 praestare
1263 2664 1385 2748 possit,
1416 2688 1478 2732 non

157 2752 317 2838 obligatur
339 2755 376 2816 ut
399 2751 526 2818 debeat.

241 2958 462 3027 AUXILIUM
485 2960 674 3026 SCRIPTIS
696 2960 856 3027 PRAVIS
879 2960 1209 3028 DIFFUNDENDIS
1232 2959 1397 3029 LATUM.

713 3115 823 3182 (lasus.
851 3124 926 3193 (120)

246 3257 385 3318 Claudius
414 3258 580 3330 studiosus,
608 3256 657 3333 qui
684 3257 823 3316 avunculi
844 3277 899 3334 ope
920 3257 1048 3332 indiget,
1080 3257 1144 3316 eius
1165 3257 1282 3316 litteras
1309 3263 1341 3317 et
1369 3257 1480 3335 scripta

157 3358 247 3415 saepe
268 3358 368 3397 secum
382 3338 441 3396 tert
461 3344 491 3397 et
512 3338 695 3415 expedienda
710 3345 803 3409 curat,
826 3357 900 3414 quae
921 3357 969 3396 res
990 3357 1099 3414 pravas
1115 3344 1219 3397 contra
1233 3338 1400 3397 Ecclesiam
1414 3358 1479 3399 oon·

157 3420 251 3477 tinere
279 3419 370 3495 probe
398 3419 471 3477 scit:
499 3419 577 3494 quod
604 3438 713 3495 nuper,
743 3438 807 3476 cum
829 3418 991 3477 avunculus
1013 3423 1182 3492 aegrotaret
1202 3437 1297 3493 neque
1323 3418 1389 3493 ipse
1411 3439 1480 3479 suas

157 3519 206 3556 res
227 3518 330 3556 curare
351 3503 468 3574 posset,
493 3519 587 3576 nepos
608 3518 646 3557 ex
666 3499 704 3557 iis
726 3499 880 3573 cognovit,
902 3499 1007 3574 quibus
1028 3498 1162 3573 legendis
1183 3503 1214 3556 et
1234 3498 1399 3558 scribendis
1419 3506 1480 3559 tum

157 3578 268 3638 auxilio
289 3598 355 3636 esse
377 3577 485 3637 debuit.

158 3681 335 3752 Quannrrun
355 3682 423 3759 quid
445 3683 480 3740 de
502 3682 614 3743 Claudii
635 3683 742 3757 agendi
763 3682 878 3741 ratione
898 3681 1060 3742 dicendum.

752 3864 887 3932 Salutio.

96 4023 149 4077 424
248 4007 301 4070 Au
324 4027 515 4082 Qunasrrmu
537 4007 576 4073 R.
604 4009 631 4073 l.
678 4006 845 4072 Eiusmodi
868 4008 967 4090 impia
991 4007 1114 4091 scripta
1137 4029 1248 4074 secum
1270 4009 1358 4074 ferre
1381 4014 1480 4093 atque

159 4095 223 4160 alio
246 4096 377 4160 mittere
400 4096 432 4159 in
457 4118 492 4160 se
516 4096 644 4179 quidem
669 4096 848 4161 materialis
871 4101 1000 4162 tantum
1021 4105 1072 4164 est
1089 4098 1285 4182 cooperatio,
1310 4099 1337 4163 si
1355 4100 1480 4165 animus

158 4206 281 4269 pravus
311 4184 469 4250 abfuerit:
501 4206 613 4249 verum
645 4187 781 4250 effectus
810 4186 970 4268 pessimus
998 4191 1049 4251 est
1072 4193 1188 4253 contra
1210 4188 1307 4252 fidem
1331 4209 1479 4255 causam·

158 4296 221 4356 que
246 4274 451 4339 catholicam.
490 4273 560 4351 Qua
583 4274 712 4340 ratione
735 4273 807 4339 aliis
823 4275 855 4339 in
872 4275 934 4339 tide
951 4275 1158 4341 debilioribus
1175 4298 1288 4342 verum
1304 4279 1481 4360 praebetur

158 4363 346 4429 scandalum
377 4383 435 4428 seu
465 4384 546 4428 ansa
576 4368 692 4430 contra
714 4364 810 4428 fidem
833 4369 867 4429 et
890 4364 1078 4445 religionem
1110 4367 1275 4448 peccandi.
1323 4366 1432 4444 Quare
1454 4368 1481 4433 si

158 4453 387 4536 cooperatione
416 4451 482 4517 ista
509 4454 644 4517 effectus
666 4452 722 4517 ille
746 4452 925 4518 efficaciter
947 4459 1158 4536 promovetur
1181 4495 1224 4502 —
1249 4457 1393 4539 alioquin
1417 4479 1480 4523 non

157 4542 207 4606 ita
236 4542 379 4608 oriturus
404 4578 462 4617 —,
495 4541 646 4608 existimo
677 4542 938 4624 cooperationem
968 4544 1155 4609 nullatenus
1185 4566 1257 4609 esse
1281 4546 1422 4619 licitam:
1454 4546 1480 4611 si

159 4651 237 4695 vero
261 4653 326 4696 non
349 4636 560 4715 promovetur
583 4631 771 4710 efficaciter,
796 4632 848 4696 vel
869 4653 928 4715 per
944 4632 1204 4716 cooperationem
1220 4634 1311 4700 illam
1327 4636 1480 4703 omissam
