3106 5168
302 280 460 352 Cooperatio
479 299 541 336 curn
558 286 670 352 peccato
688 282 776 337 aliano
794 299 843 352 per
861 282 1004 336 caritatem
1023 281 1166 351 prohibita.
1331 285 1395 348 223

69 462 160 532 atque
181 455 324 532 pecuniae
346 455 528 530 colligendae
549 475 655 515 munus
676 456 835 534 suscipere.
867 456 978 514 Verum
999 475 1065 515 cum
1087 455 1208 526 dubitet,
1229 474 1300 515 nurn
1320 457 1395 515 baec

70 556 135 595 cunr
158 536 265 596 officiis
286 536 342 595 viri
364 536 502 595 catholici
524 537 711 608 cohaereant,
734 536 948 596 confessarium
970 536 1105 596 consulit.
1147 536 1227 595 Hinc

69 643 250 714 Quamrua
271 644 300 701 1ο
325 642 453 701 liceatne
474 641 645 712 catholicis,
674 661 731 718 quo
752 644 878 719 probent
898 661 983 702 auum
1005 661 1077 718 erga
1100 642 1226 719 patriam
1255 660 1393 712 amorem,

324 722 355 780 in
375 723 451 781 istos
471 723 545 782 fines
566 722 721 800 pecuniam
743 723 885 783 conferre.

269 810 300 868 2⁰
323 810 451 950 ¹³⁰⁰3i¹¹⁰
465 811 588 871 Alfrodo
609 816 723 889 partem
743 812 854 871 habere
874 811 905 870 in
927 810 1060 888 pecuniis
1081 830 1135 887 pro
1156 811 1212 869 boc
1233 809 1292 869 fine
1314 811 1394 870 colli·

323 910 380 967 gen
401 911 435 951 rs.

268 981 298 1040 3ο
322 981 431 1052 sintne,
451 978 501 1057 qui
521 980 564 1040 ita
585 986 686 1056 agunt,
708 981 787 1039 inter
807 981 938 1041 lautores
959 979 1175 1040 haereticorum
1196 981 1392 1058 computandi.

665 1163 799 1230 Salutio.

156 1303 210 1369 An
240 1323 432 1379 ourasruuu
462 1307 499 1368 1¹²¹
522 1304 561 1370 R.
588 1307 616 1371 l.
663 1303 740 1369 Non
770 1303 879 1369 omnia
908 1325 1023 1387 opera,
1055 1326 1138 1387 quae
1168 1303 1390 1384 intenduntur,
1401 1313 1453 1367 435

65 1392 182 1457 eodem
212 1393 307 1458 modo
340 1413 413 1457 cum
442 1392 560 1458 finibus
592 1392 781 1460 acatholicis
811 1393 1041 1477 promovendis
1070 1394 1257 1460 cohaerent.
1304 1393 1390 1460 Nam

67 1481 196 1564 erigere
219 1486 365 1548 statuam
388 1482 459 1547 viro
484 1482 584 1547 etiam
599 1482 781 1548 acatholico
798 1503 861 1547 non
878 1487 1012 1566 propter
1031 1503 1164 1548 causam
1179 1481 1389 1561 haercticam,

65 1571 125 1636 sed
155 1577 290 1656 propter
320 1592 452 1636 causam
483 1570 610 1636 civilem
641 1575 740 1654 atque
769 1571 857 1637 illius
886 1571 949 1636 viri
979 1571 1120 1638 virtutes
1150 1570 1279 1651 civiles,
1311 1571 1390 1637 nihil

66 1660 214 1726 continet
243 1659 386 1744 religiosi
416 1681 455 1726 ac
484 1660 578 1745 proin
608 1660 688 1726 nihil
718 1659 795 1726 falsi
824 1661 931 1727 cultus
953 1659 1114 1743 religiosi,
1145 1682 1250 1744 neque
1274 1682 1390 1747 coope-

67 1750 153 1815 ratio
175 1750 324 1833 socrualis
354 1754 406 1816 est
435 1749 477 1815 ad
508 1749 638 1832 aliquod
661 1749 822 1816 illicitum.
869 1749 984 1832 Neque
1008 1750 1094 1832 quod
1116 1748 1198 1818 haec
1222 1755 1335 1817 statua
1356 1751 1389 1816 in

66 1839 190 1922 templo
215 1838 396 1905 acatholico
420 1838 577 1921 erigatur,
600 1860 670 1905 rem
692 1860 751 1923 per
774 1860 810 1904 se
833 1838 914 1905 facit
937 1839 1134 1922 religiosam.

155 1937 279 2003 Varum
307 1935 435 2018 quidem
467 1939 519 2001 est
547 1936 608 2001 hoc
637 1937 732 2001 modo
759 1937 917 2020 templum
941 1935 1029 2003 istud
1052 1934 1270 2004 acatholicum
1293 1958 1389 2021 posse

66 2025 137 2089 fieri
162 2024 322 2089 celebrius
345 2030 444 2107 atque
468 2025 573 2107 magis
597 2025 850 2107 frequentatum,
875 2025 923 2092 ita
945 2030 983 2092 ut
998 2025 1059 2091 hoc
1075 2025 1170 2091 modo
1186 2025 1390 2108 frequentior

65 2115 125 2179 fiat
149 2114 257 2179 cultus
281 2114 497 2190 acatholicum
522 2115 620 2180 immo
644 2113 786 2182 fortasse
809 2114 869 2180 hoo
892 2115 998 2199 ipsum
1022 2114 1183 2181 acivibus
1199 2115 1389 2181 acatholicis

64 2202 161 2267 simul
185 2202 374 2269 intenditur.
421 2202 512 2280 Quod
542 2203 571 2268 si
593 2203 735 2282 obtinet,
765 2224 882 2269 revera
905 2203 1005 2269 etiam
1028 2204 1197 2283 catholici,
1229 2209 1389 2287 quotquot

65 2291 238 2357 conferunt
267 2293 454 2376 pecuniam,
486 2297 611 2358 remoto
640 2296 675 2358 et
704 2295 912 2358 cauteriatiter
942 2298 1160 2376 cooperantur
1189 2293 1231 2358 ad
1256 2314 1387 2377 promo·

65 2382 207 2446 vandum
238 2380 357 2446 falsum
385 2382 518 2448 cultum.
565 2380 672 2458 Quare
701 2382 772 2447 sino
802 2402 903 2447 causa
932 2387 1112 2449 excusante
1138 2381 1171 2447 id
1195 2382 1323 2464 quidem
1347 2382 1387 2447 iis

65 2472 176 2536 facere
206 2491 270 2535 non
298 2469 417 2536 licebit.
464 2471 621 2536 Attamen
652 2470 803 2552 quoniam
833 2470 972 2537 intentio
1002 2472 1059 2537 illa
1084 2492 1146 2536 non
1170 2476 1221 2539 est
1242 2471 1316 2536 finis
1338 2472 1387 2537 rei

64 2560 230 2636 internus,
254 2560 311 2624 sed
335 2559 539 2624 extrinsecus
562 2559 690 2636 illatus,
715 2579 820 2641 neque
844 2560 971 2643 publice
994 2560 1152 2638 indictus,
1177 2565 1211 2627 et
1234 2560 1386 2641 quoniam

65 2649 148 2714 alias
171 2648 253 2713 haec
276 2647 520 2730 qualiscumque
544 2648 651 2715 cultus
670 2648 842 2714 acatholici
865 2649 1027 2732 promotio
1051 2649 1198 2732 sequitur
1220 2670 1278 2733 per
1301 2650 1387 2715 acci-

64 2737 160 2803 dens:
192 2737 343 2802 sufficere
374 2737 471 2802 debet
501 2737 585 2804 ratio
616 2737 673 2803 illa
697 2759 761 2802 non
785 2739 984 2821 spernenda,
1019 2759 1083 2820 qua
1106 2738 1210 2804 velint
1233 2739 1385 2806 catholici

63 2847 208 2892 amorem
238 2847 318 2907 erga
348 2826 489 2909 patriam
520 2826 675 2910 probaro,
707 2830 743 2892 ut
767 2827 809 2892 ad
833 2831 979 2893 statuam
1001 2826 1092 2893 illam
1116 2827 1304 2909 erigendam
1328 2849 1385 2912 pc·

63 2917 190 2982 cuniam
217 2915 365 2980 conferre
388 2915 428 2980 iis
451 2915 559 2983 licoat.

151 3022 190 3088 R.
216 3025 246 3088 2.
294 3022 433 3088 Gravior
463 3043 543 3088 sane
572 3043 625 3087 res
656 3025 707 3087 est
737 3022 843 3104 quoad
873 3022 1030 3106 templum
1061 3020 1277 3088 acatholicum
1307 3034 1446 3088 con-436

62 3112 263 3178 struendum.
309 3111 358 3176 Ibi
390 3112 500 3193 agitur
530 3111 570 3177 de
600 3110 762 3188 aedificio,
794 3111 879 3193 quod
909 3132 952 3176 ex
975 3131 1047 3175 sese
1076 3113 1173 3175 finem
1197 3109 1384 3193 religiosum

62 3200 178 3277 babet,
202 3205 253 3273 et.
278 3200 430 3283 quoniam
454 3201 569 3282 religio
592 3221 673 3266 vera
696 3199 897 3278 excluditur,
926 3202 1022 3264 finem
1047 3201 1153 3265 cultus
1176 3199 1252 3264 falsi
1274 3200 1383 3269 habet.

61 3289 199 3374 Insuper
221 3290 276 3355 ille
299 3291 368 3373 ipse
392 3289 465 3355 finis
489 3290 598 3373 palam
623 3288 837 3355 annuntiatur
860 3309 880 3354 a
903 3289 1071 3373 pecuniam
1096 3288 1293 3372 petentibus.

149 3387 187 3453 In
210 3387 423 3453 instructione
447 3387 569 3472 Vicarii
592 3387 692 3454 Urbis
722 3387 764 3452 ad
787 3386 947 3470 parochos
970 3387 1064 3452 Urbis
1087 3386 1166 3451 data
1189 3387 1219 3452 d.
1246 3389 1287 3451 12
1310 3385 1383 3452 lulii

64 3477 148 3542 1878
182 3480 215 3541 et
247 3498 268 3542 a
298 3477 407 3541 Leone
437 3476 515 3540 XllI
547 3477 674 3543 sancita
705 3475 786 3541 haec
818 3475 905 3541 inter
936 3475 1002 3542 alia
1033 3475 1212 3542 habentur:
1251 3475 1384 3559 ,Neque

61 3565 249 3631 eximuntur
272 3586 292 3630 a
314 3570 450 3649 peccato
473 3565 604 3631 mortali
626 3563 806 3640 architecti,
830 3565 1054 3645 conductores,
1079 3563 1228 3648 opificum
1252 3564 1383 3644 domini,

60 3655 114 3736 qui
145 3675 256 3719 curam
289 3660 323 3721 et
352 3676 483 3739 operam
514 3654 693 3738 suscipiant
723 3654 764 3718 ad
792 3654 1025 3720 exstruendum
1056 3658 1090 3720 et
1118 3654 1299 3720 ornandum
1324 3655 1384 3720 ali-

60 3744 146 3825 quod
169 3744 325 3827 templum
349 3744 612 3829 protestantium.
658 3742 750 3819 Quod
773 3742 815 3808 ad
839 3743 928 3828 ipsos
951 3765 1030 3809 vero
1053 3743 1213 3810 murarios
1237 3743 1383 3826 aliosque

59 3833 192 3916 opifices
221 3833 427 3899 subalternas
458 3832 618 3917 pertinet,
650 3832 673 3897 ii
705 3836 843 3916 possunt
872 3853 892 3899 a
921 3837 1056 3916 peccato
1087 3832 1254 3911 excusari,
1287 3834 1383 3899 modo

60 3923 144 3988 desit
174 3922 380 4000 scandalum,
410 3942 509 4001 neve,
542 3944 626 4004 quae
655 3922 766 3988 facero
795 3921 964 4001 iubentur,
995 3923 1075 3990 fiant
1103 3922 1136 3987 in
1161 3926 1382 4007 contemptum

59 4010 253 4093 religionis.“
295 4023 302 4035 ⁴

146 4100 179 4166 si
210 4100 292 4165 haec
324 4099 490 4183 applicare
514 4121 686 4177 conamur,
717 4120 797 4165 sano
824 4098 878 4181 qui
902 4099 1071 4183 pecuniam
1096 4100 1286 4177 conferunt,
1317 4122 1381 4165 non

58 4192 196 4271 possunt
229 4188 426 4255 subalternis
458 4189 616 4273 operariis
651 4188 853 4273 comparari,
888 4188 946 4253 sed
978 4188 1099 4253 debent
1132 4189 1241 4273 potius
1276 4189 1382 4253 archi·

57 4282 156 4345 tecto.
203 4280 249 4345 Et
273 4298 469 4360 quamquam
499 4299 558 4362 pro
589 4278 720 4344 diversa
749 4278 892 4343 locorum
922 4277 1109 4343 condicione
1139 4284 1235 4344 extra
1258 4278 1381 4343 Urbani

57 4368 199 4434 fortasse
229 4368 326 4451 paulo
356 4366 466 4434 mitius
496 4367 639 4433 iudicare
666 4367 743 4433 licet
766 4367 806 4432 de
830 4365 1008 4433 architecto
1032 4367 1208 4445 conducto,
1239 4387 1303 4430 non
1326 4365 1381 4447 qui

56 4462 172 4541 sponte
204 4478 241 4522 sa
273 4459 407 4523 offerat:
442 4461 554 4524 tamen
587 4457 642 4539 qui
675 4456 847 4540 pecuniam
880 4456 1068 4532 conferunt,
1104 4460 1138 4521 et
1171 4455 1243 4538 ipsa
1274 4476 1310 4519 re
1347 4460 1381 4520 et

56 4547 232 4613 secundum
267 4546 431 4612 hominum
467 4545 742 4613 existimationem
777 4544 883 4626 magis
916 4545 1022 4628 ipsum
1056 4546 1152 4609 finem
1187 4543 1233 4608 rei
1268 4543 1380 4609 aedifi·

56 4637 180 4702 candae
210 4658 304 4702 aarum
333 4636 475 4713 faciunt,
507 4656 603 4718 quam
627 4635 826 4701 architectus
850 4633 1038 4701 conductus
1084 4632 1190 4709 Quare
1214 4653 1278 4697 non
1302 4637 1380 4716 puto
