3106 5168
225 288 296 344 luris
314 288 382 344 laesi
400 290 535 359 reparatio
553 308 603 344 seu
621 291 759 346 restitutio
778 321 810 329 -
830 308 847 345 a
865 307 1021 361 possessore
1040 293 1127 345 mulce
1143 291 1214 347 fidei.
1315 298 1379 362 331

57 464 167 544 utiles,
190 464 223 531 in
247 470 404 549 quantum
428 467 573 534 valorem
596 490 656 552 pro
671 468 816 536 utilitate
833 467 954 534 domini
969 474 1149 546 auxeruut3
1173 470 1226 535 vel
1243 490 1383 553 eaquae

56 575 228 638 possessor
249 556 357 621 malae
379 555 454 622 fidei
477 556 602 624 addidit
624 578 827 641 quacumque
844 557 983 636 ratione,
1006 557 1088 623 haec
1103 556 1232 624 auferre
1248 559 1279 624 ei
1293 560 1382 638 licet,

56 644 84 708 si
109 644 239 726 quidem
262 667 298 711 re
320 647 440 710 intacta
463 646 609 730 separari
632 651 779 730 possunt.

147 741 186 807 R.
211 744 241 808 2.
277 742 351 808 lure
373 743 515 826 positivo
538 764 637 828 saepe
661 744 749 811 aliud
772 766 836 811 non
860 743 1048 810 conceditur
1070 745 1251 828 possessori
1274 745 1382 811 malae

55 830 143 908 fidei,
167 830 231 895 nisi
254 832 475 915 compensatio
498 854 558 916 pro
581 833 661 899 solis
678 833 831 918 expensis
847 832 1050 910 necessariis,
1074 854 1138 899 non
1162 855 1222 917 pro
1238 834 1381 901 utilibus.

56 918 166 995 Quare
189 920 243 985 ubi
272 920 323 986 ius
345 921 489 1003 regionis
513 921 545 986 id
568 923 704 1000 statuit,
734 923 804 1006 ipse
828 921 959 1004 quidem
981 943 1152 1006 possessor
1174 922 1281 988 malae
1307 923 1383 988 fidei

55 1012 136 1074 ante
164 1008 280 1074 iudicis
306 1010 503 1077 sententiam
527 1015 658 1078 tentare
687 1015 797 1095 potest
820 1011 1118 1094 compensatiouem
1147 1032 1207 1095 pro
1230 1011 1383 1094 expensis

56 1097 202 1174 utilibus,
226 1118 291 1163 non
311 1102 423 1165 tamen
439 1100 611 1166 occultam.
644 1100 752 1178 Ratio,
778 1122 835 1165 cur
853 1100 981 1166 occulte
997 1121 1069 1166 eam
1085 1100 1382 1184 compensationem

56 1187 168 1251 iacere
197 1207 261 1253 non
292 1186 407 1266 liceat,
437 1192 488 1254 est
512 1188 597 1272 quod
620 1188 769 1254 dominus
799 1189 869 1253 sine
896 1188 1056 1255 iniustitia
1079 1210 1206 1254 omnem
1230 1210 1383 1273 compen-

56 1275 219 1341 sationem
242 1280 353 1360 potest
375 1277 547 1360 prohibere
570 1298 675 1359 neque
698 1278 925 1343 fraudulenter
947 1277 1025 1343 licet
1040 1297 1113 1343 eum
1130 1279 1171 1343 ab
1194 1277 1288 1344 huius
1303 1278 1384 1344 iuris

56 1363 108 1430 sui
131 1385 192 1429 usu
214 1365 381 1449 impedire.
428 1366 460 1430 Si
485 1366 587 1448 igitur
609 1366 757 1432 dominus
780 1366 842 1433 hoc
865 1366 936 1432 iure
959 1366 1072 1443 utitur,
1101 1366 1156 1432 ille
1178 1368 1285 1433 malae
1307 1367 1383 1433 fidei

57 1474 228 1537 possessor
256 1454 464 1537 acquiescere
487 1455 600 1532 debet,
631 1456 749 1521 saltem
772 1455 800 1520 si
824 1455 972 1521 dominus
999 1459 1136 1539 paratus
1165 1455 1210 1521 sit
1241 1477 1311 1521 rem
1340 1456 1383 1523 ad

55 1542 195 1607 iudicem
212 1543 350 1609 deferre.
383 1543 503 1621 Quodsi
519 1545 559 1609 ad
576 1544 713 1610 iudicem
731 1565 898 1609 recurrere
914 1565 979 1609 non
995 1544 1076 1623 vult,
1093 1564 1262 1628 possessor
1276 1546 1383 1611 malae

56 1632 132 1697 fidei
158 1654 221 1697 non
246 1632 376 1699 videtur
399 1633 460 1698 iuri
485 1655 544 1698 suo
568 1633 711 1700 naturali
735 1633 851 1698 cedere
875 1633 1003 1700 debere.

148 1739 186 1804 R.
212 1741 242 1804 3.
289 1738 428 1803 Fructus
459 1760 571 1805 omnes
594 1740 769 1805 restituere
793 1739 905 1815 debet,
937 1739 971 1803 in
994 1743 1153 1821 quantum
1175 1738 1239 1823 ipsi
1261 1738 1308 1805 rei
1332 1760 1384 1805 re·

56 1827 237 1911 spondent;
262 1848 336 1892 nam
360 1827 392 1892 in
410 1831 567 1911 quantum
584 1829 782 1912 respondent
804 1829 907 1894 labori
927 1833 961 1894 et
984 1828 1163 1893 industriae
1180 1829 1286 1894 malae
1308 1828 1385 1895 fidei

56 1917 266 1999 possessoris,
290 1917 332 1981 ab
355 1916 416 1982 1188
438 1921 577 2000 possunt
599 1918 743 1986 retineri.
791 1917 961 1984 Sententia
984 1916 1099 1982 iudicis
1122 1920 1245 1995 secuta,
1270 1917 1310 1983 de
1333 1917 1384 1984 his

56 2003 144 2069 idem
167 2005 219 2070 dic
243 2005 328 2086 quod
351 2005 385 2069 in
408 2005 447 2073 R.
473 2009 492 2070 2
517 2007 557 2072 de
581 2006 742 2091 expensis.

148 2119 200 2183 An
224 2140 416 2195 8118811181
440 2123 480 2185 3m
512 2121 550 2187 R.
578 2125 605 2189 1.
662 2122 699 2187 ln
728 2125 832 2206 primo
862 2141 940 2186 casu
970 2119 1268 2185 neo-confessarius
1299 2121 1447 2187 11818654

56 2208 205 2292 applicat
229 2208 422 2292 principium
444 2209 540 2275 illud:
570 2211 653 2287 ,Res
676 2210 853 2277 fructificat
877 2209 1036 2276 domino.“
1080 2209 1219 2275 Plantae
1242 2208 1326 2274 enim
1351 2207 1400 2276 et'

57 2299 193 2364 arbores
216 2318 280 2362 non
301 2297 512 2375 fructificant,
537 2299 599 2364 nisi
621 2299 749 2365 radices
772 2299 900 2382 egerint
919 2298 953 2363 in
969 2303 1060 2364 terra
1076 2298 1221 2381 adeoque
1237 2318 1310 2363 cum
1325 2319 1384 2364 888

56 2387 159 2452 fundo
178 2407 277 2451 unum
293 2386 370 2468 quid
386 2387 598 2462 constituant,
624 2392 659 2454 ut
681 2388 809 2472 possint
828 2387 1036 2454 fructificare.
1070 2386 1257 2453 Generatim
1273 2391 1386 2453 autem

56 2476 165 2559 quoad
182 2474 358 2541 dominium
374 2475 494 2542 fundus
514 2477 617 2542 trahit
639 2498 750 2542 secum
766 2498 815 2554 ea,
840 2476 972 2559 quaein
989 2497 1027 2542 eo
1044 2477 1218 2542 aedificata
1233 2481 1268 2542 et
1290 2476 1385 2560 plan·

56 2569 132 2631 tata
155 2569 242 2631 sunt.
289 2565 378 2648 Ergo
401 2565 502 2630 Iulius
525 2565 633 2631 factus
656 2570 709 2632 est
731 2565 879 2632 dominus
902 2566 1072 2643 arborum,
1102 2585 1186 2648 quae
1209 2570 1384 2632 creverunt

56 2675 235 2736 earumque
258 2652 438 2731 fructuum,
472 2654 601 2720 etiamsi
625 2655 816 2721 arbusculas
837 2655 927 2721 furto
950 2655 1097 2721 abstulit.
1144 2655 1250 2720 Debet
1272 2660 1385 2720 tamen

56 2743 223 2809 dominum
239 2743 292 2808 vel
309 2743 455 2808 dominos
476 2744 723 2810 arbuscularum
745 2743 913 2809 indemnes
936 2744 1056 2810 facere.
1087 2743 1178 2820 Quod
1201 2743 1384 2825 generatim

56 2835 105 2908 fit,
130 2833 157 2897 si
181 2831 302 2914 aliquid
325 2832 464 2916 amplius
480 2854 577 2914 quam
593 2834 688 2899 valor
702 2832 948 2899 arbuscularum
971 2837 1118 2915 tempore
1142 2831 1221 2898 furti
1244 2832 1384 2898 solvitur

57 2920 123 3000 (ius
146 2923 326 2987 Romanum
350 2920 468 2988 statuit
491 2922 611 3006 duplex
634 2923 799 3007 pretium).
835 2921 915 2987 Dico
942 2921 1082 3003 ,aliquid
1106 2921 1284 3004 amplius“;
1308 2942 1383 2986 nam

57 3011 84 3075 si
110 3010 259 3076 dominus
282 3031 340 3076 eas
363 3012 554 3077 arbusculas
577 3011 761 3090 evulsisset,
786 3012 952 3076 sufficeret
972 3010 1077 3093 ipsum
1099 3009 1257 3093 pretium;
1282 3009 1339 3074 sed
1356 3010 1384 3074 si

57 3100 119 3164 hoc
142 3120 206 3164 non
230 3099 363 3164 fecisset
380 3138 423 3146 —
440 3120 545 3181 neque
568 3099 601 3164 id
624 3101 708 3165 sumi
731 3104 841 3184 potest
864 3138 907 3146 -
930 3099 1071 3181 pretium
1094 3098 1246 3163 similium
1269 3099 1384 3164 arbus-

57 3188 215 3265 cularum,
240 3208 321 3269 quas
345 3188 385 3252 de
408 3208 492 3253 novo
516 3188 668 3272 plantare
690 3189 807 3272 potuit,
832 3209 896 3252 non
912 3187 1034 3252 sufficit
1049 3188 1091 3252 ad
1114 3187 1243 3270 plenam
1260 3186 1384 3252 indem-

57 3277 213 3354 nitatem,
239 3277 314 3359 quia
337 3278 470 3342 arbores
494 3277 534 3342 de
558 3299 642 3343 novo
666 3279 836 3361 plantatae
859 3276 966 3341 minus
988 3277 1071 3341 bene
1094 3279 1261 3352 crescunt,
1286 3297 1384 3357 quam

58 3387 143 3448 quae
165 3366 198 3431 in
222 3366 291 3431 8818
315 3386 374 3430 888
397 3371 598 3432 manserunt.
645 3368 775 3451 Duplex
798 3365 938 3449 pretium
963 3364 1125 3430 ordinarie
1148 3363 1286 3442 sufficit,
1320 3364 1383 3430 nisi

56 3455 92 3520 in
115 3454 386 3521 extraordinariis
409 3455 569 3521 adiunctis
593 3460 721 3521 constet
745 3455 785 3521 de
808 3455 926 3519 damno
950 3454 1082 3519 maiore.

147 3561 187 3626 R.
212 3564 242 3627 2.
288 3561 325 3625 In
349 3564 486 3626 secundo
510 3583 587 3626 casu
611 3583 726 3626 censeo
751 3561 867 3636 etiam,
899 3559 1157 3643 procreationem
1186 3561 1383 3642 gallinarum

57 3672 101 3715 ex
124 3650 196 3715 ovis
219 3671 291 3715 esse
313 3650 454 3716 fructum
470 3650 712 3727 industrialem;
737 3672 802 3715 non
818 3650 1002 3714 necessario
1018 3670 1090 3714 eam
1108 3649 1225 3715 debere
1241 3650 1384 3733 spectari

57 3741 200 3805 fructum
224 3740 408 3804 naturalem
432 3762 475 3805 ex
498 3741 568 3805 ovis
592 3746 708 3806 ortum.
748 3741 838 3822 Ergo
863 3741 998 3803 manent
1021 3738 1163 3819 gallinae
1185 3738 1219 3803 in
1243 3738 1384 3804 dominio

57 3828 141 3894 Iulii.
189 3828 376 3894 Restituere
399 3834 509 3894 tamen
534 3829 631 3894 debet
654 3829 795 3912 pretium
821 3849 954 3894 ovorum
978 3827 1067 3892 furto
1091 3827 1285 3893 ablatorum.
1325 3828 1384 3893 Ce-

56 3923 180 3995 terum,
207 3917 235 3982 si
259 3917 407 3983 dominus
431 3918 481 3983 cui
506 3920 618 3984 ablata
641 3922 719 3984 suut
741 3939 815 3996 ova,
839 3917 999 3982 voluisset
1021 3917 1091 4000 ipse
1115 3916 1220 3981 exiis
1243 3916 1384 3999 gallinas

57 4007 232 4091 procreari,
257 4006 326 4071 sine
343 4007 537 4072 difficultate
560 4011 758 4091 potestatem
783 4007 897 4072 habuit
920 4006 953 4071 id
969 4005 1131 4070 efficiendi
1152 4027 1194 4070 ex
1212 4006 1285 4071 aliis
1302 4006 1382 4071 ovis.

147 4113 186 4178 R.
212 4116 242 4179 3.
288 4112 326 4176 ln
353 4117 443 4178 tertio
466 4134 543 4177 casu
567 4113 689 4178 vitulus
712 4118 810 4179 natus
834 4116 924 4179 certo
949 4117 1000 4178 est
1023 4111 1150 4177 fructus
1174 4131 1295 4176 vaccae
1317 4111 1444 4181 18111655

57 4202 230 4285 gravidam
247 4222 286 4267 ac
302 4202 395 4284 proin
410 4202 533 4267 vitulus
548 4202 603 4266 ille
618 4203 688 4268 iure
704 4207 755 4268 est
771 4203 850 4279 eius,
868 4201 959 4267 cuius
971 4201 1072 4265 Iulius
1088 4201 1225 4266 abstulit
1236 4219 1381 4265 vaccam.

147 4291 232 4356 Hinc
262 4294 330 4368 est,
361 4291 446 4372 quod
470 4312 595 4356 summo
619 4291 689 4355 iure
712 4292 836 4357 vitulus
859 4291 959 4357 etiam
982 4291 1041 4354 bos
1064 4288 1172 4355 factus
1195 4289 1242 4353 illi
1266 4287 1383 4353 debeat

57 4380 197 4457 rest'tui,
225 4379 353 4445 etiamsi
378 4380 433 4444 ille
457 4379 605 4445 dominus
628 4380 765 4446 vitulum
789 4402 853 4445 non
877 4383 1045 4445 servasset
1067 4398 1171 4459 neque
1195 4376 1382 4444 enutrisset.

57 4472 215 4537 Attamen
232 4468 392 4534 deducere
414 4474 524 4552 potest
538 4469 639 4535 Iulius
656 4490 817 4553 expensas
836 4469 877 4534 ad
893 4467 1100 4533 nutriendum
1116 4466 1253 4531 vitulum
1270 4486 1383 4530 neces·

56 4558 173 4626 sarias.
220 4558 369 4623 Praetice
399 4558 461 4624 hae
492 4579 655 4641 expensae
686 4579 758 4622 cum
783 4559 929 4641 impenso
952 4557 1064 4621 labore
1088 4555 1217 4620 circiter
1240 4559 1384 4636 aequant

55 4649 293 4716 incrementum
318 4646 423 4712 vituli.
468 4646 584 4726 Quare,
608 4647 635 4712 si
660 4646 808 4712 dominus
831 4646 969 4711 vitulum
993 4666 1058 4709 non
1081 4647 1259 4722 servasset,
1282 4643 1383 4709 Iulius
