3106 5168
309 277 427 333 Peccata
445 279 540 332 contra
556 275 724 346 religionem.
743 307 779 315 —
797 275 923 331 Tentatio
941 273 1000 341 Dei,
1019 273 1206 344 sacrilegium.
1358 278 1420 343 113

91 451 192 518 laesit
214 472 273 517 seu
296 451 460 534 neglexit;
485 452 582 519 aliter
597 456 671 519 erat
689 456 860 536 peccatum
876 451 1014 529 veniale,
1039 450 1116 534 quia
1138 473 1202 517 non
1219 448 1420 530 miraculum,

91 542 151 608 sed
174 542 281 607 solum
308 540 450 626 speciale
479 541 541 607 Dei
572 541 739 619 auxilium,
764 542 850 624 quod
873 540 1071 607 ordinariam
1093 538 1333 625 providentiam
1356 561 1420 605 non

92 630 244 710 excedat,
268 630 331 696 sibi
354 631 612 714 exspectandum
634 631 814 715 proposuit.

606 855 910 925 SACRILEGIUM.

661 1013 771 1081 Casus.
799 1022 857 1088 (aa)

182 1152 337 1226 Gelasius,
365 1155 453 1213 homo
481 1173 608 1230 procax,
637 1155 668 1213 in
690 1154 815 1214 ecclesia
838 1160 970 1231 tempore
991 1154 1103 1213 Missae
1131 1152 1362 1229 cogitationibus
1390 1157 1420 1212 et

91 1234 265 1311 aspectibus
286 1234 408 1293 lubricis
429 1235 572 1310 indulget,
594 1240 683 1311 atque
703 1235 735 1293 in
749 1235 915 1306 monialem,
937 1254 1023 1311 quam
1042 1233 1083 1292 ibi
1098 1236 1247 1304 observat,
1268 1232 1418 1292 libidinem

91 1314 176 1374 fovet
200 1333 294 1390 usque
321 1314 360 1373 ad
386 1314 593 1391 pollutionem;
622 1335 660 1374 ex
688 1316 797 1390 angulo
819 1315 963 1375 ecclesiae
984 1315 1144 1392 pretiosam
1166 1314 1339 1373 umbrellam
1360 1333 1419 1373 non

91 1394 272 1454 custoditam
300 1395 403 1454 exiens
430 1395 488 1454 sibi
518 1395 639 1472 arripit,
671 1400 702 1455 et
728 1415 795 1455 cum
824 1396 926 1455 videat
952 1395 1113 1473 pretiosum
1140 1394 1340 1470 reliquiarium
1371 1413 1419 1453 ex·

89 1474 238 1551 positum,
267 1476 407 1534 observat
428 1474 630 1548 occasionem,
659 1495 718 1552 qua
739 1477 814 1534 clam
843 1475 957 1552 aliquot
984 1494 1115 1552 gemmas
1137 1474 1233 1550 possit
1254 1494 1293 1534 ex
1313 1494 1348 1534 eo
1370 1494 1420 1535 ex·

90 1560 203 1616 catere.

90 1659 272 1731 anxnrrna
292 1663 322 1720 1⁰
346 1660 415 1737 quid
437 1661 478 1721 sit
496 1661 693 1737 sacrilegium.

290 1751 321 1809 2⁰
346 1769 421 1826 quae
442 1751 502 1810 sint
523 1750 672 1825 sacrilegii
693 1749 819 1827 species.

291 1840 321 1898 3⁰
347 1839 490 1914 quomodo
512 1838 650 1899 Gelasius
671 1839 849 1916 peccaverit.

689 2018 824 2089 Solutio.

180 2165 234 2229 An
257 2185 448 2241 ouaasmon
474 2168 512 2230 1·
534 2164 573 2231 R.
595 2168 624 2231 1.
666 2163 759 2230 Sicut
781 2162 984 2246 blasphemia
1007 2167 1041 2230 et
1064 2161 1205 2229 tentatio
1228 2163 1300 2232 Dei,
1313 2163 1481 2247 ipsum228

88 2254 197 2318 Deum
219 2253 373 2320 iniuriose
402 2275 460 2319 seu
490 2253 622 2337 indigne
645 2256 787 2330 tractat,
818 2252 867 2319 ita
888 2252 1096 2336 sacrilegium
1121 2274 1188 2317 rem
1209 2274 1338 2319 sacram
1360 2275 1419 2319 seu

89 2344 162 2408 Deo
186 2342 329 2410 dicatam
352 2344 438 2408 male
461 2346 600 2422 tractat,
630 2345 665 2409 et
685 2342 833 2408 breviter
855 2341 1009 2407 definitor
1032 2343 1179 2424 ,violatio
1202 2345 1252 2407 roi
1273 2343 1418 2428 samad,

89 2454 157 2497 rem
187 2431 344 2498 sumendo
375 2432 535 2499 latissimo
565 2453 662 2497 sensu
691 2452 750 2497 seu
780 2452 839 2516 pro
867 2430 1013 2513 quolibet
1043 2430 1169 2496 obiecto
1198 2432 1268 2496 Deo
1299 2431 1416 2498 dicato.

88 2520 139 2587 Ut
161 2526 272 2587 autem
295 2522 418 2587 habeas
441 2521 648 2603 sacrilegium
672 2520 802 2604 proprie
825 2520 959 2598 dictum,
982 2539 1036 2584 res
1060 2538 1144 2601 quae
1163 2517 1305 2586 violatur
1320 2521 1418 2589 debet

82 2610 213 2695 publico
236 2614 302 2677 ritu
326 2620 383 2677 cut
406 2613 600 2677 institutione
622 2611 692 2676 Deo
716 2630 789 2675 esse
812 2608 921 2676 dicata
944 2630 1003 2675 seu
1026 2608 1069 2676 ad
1091 2607 1154 2674 Dei
1172 2609 1295 2676 cultum
1316 2612 1417 2695 depu-

87 2703 180 2775 tata;
204 2699 246 2766 cf.
270 2701 478 2783 Laymann
500 2700 522 2766 l.
542 2706 573 2777 4,
597 2702 639 2765 tr.
658 2700 710 2777 10,
735 2720 762 2765 c.
784 2701 813 2776 7,
837 2720 869 2764 n.
890 2701 920 2765 2.

180 2803 219 2870 R.
244 2806 275 2871 2.
321 2805 384 2871 Est
412 2809 582 2888 peccatum
614 2824 657 2869 ex
687 2824 808 2886 genere
837 2824 896 2869 suo
923 2803 1072 2870 mortale.
1119 2801 1277 2869 Attamen
1300 2805 1417 2871 adesse

87 2896 201 2976 potest
222 2892 257 2958 in
280 2893 472 2975 quibusdam
488 2892 679 2976 sacrilegiis,
703 2893 820 2959 saltem
843 2892 986 2958 realibus
1010 2896 1109 2975 atque
1132 2893 1231 2960 etiam
1247 2893 1415 2973 localibus,

87 2982 239 3066 parvitas
268 2982 435 3049 materiae.
483 2983 521 3047 ln
550 2981 714 3066 personali
746 2981 934 3064 sacrilegio:
967 2981 1155 3047 iniuriosam
1184 2982 1416 3048 tractationem

87 3091 185 3138 nemo
201 3071 333 3138 vocabit
348 3071 550 3154 sacrilegam,
572 3072 701 3154 quando
717 3070 818 3137 firerit
833 3070 951 3136 iniuria
965 3070 1062 3146 levis;
1086 3070 1115 3135 si
1130 3071 1191 3135 hoc
1207 3071 1415 3155 sacrilegium

86 3161 221 3226 luxuria
239 3162 463 3239 committitur,
488 3182 551 3226 non
574 3165 685 3245 potest
708 3181 780 3226 esse
804 3161 886 3238 leve,
911 3159 972 3224 nisi
996 3160 1145 3225 luxuriae
1168 3161 1322 3226 indirecte
1344 3170 1415 3228 ton·

85 3259 154 3315 tum
184 3249 374 3334 respicitur:
404 3250 438 3315 in
462 3271 525 3332 quo
549 3271 628 3316 casn
655 3250 741 3316 sicut
770 3249 898 3314 ratione
919 3248 1070 3314 luxuriae
1092 3249 1142 3315 ita
1164 3249 1263 3315 etiam
1287 3250 1415 3316 ratione

86 3338 253 3422 sacrilegii
275 3340 345 3405 fieri
368 3342 488 3423 potest,
513 3343 550 3405 ut
573 3339 703 3405 veniale
726 3342 854 3405 tantum
878 3342 1049 3422 peccatum
1073 3338 1306 3405 committatur.

177 3454 231 3518 An
254 3473 446 3530 ouanarrom
470 3456 510 3518 2¹¹²
532 3452 572 3519 R.
594 3457 622 3520 1.
669 3452 925 3535 Distinguuntur
951 3457 1021 3518 tres
1050 3451 1177 3535 species
1205 3451 1412 3538 principales,
1423 3470 1478 3524 224

84 3545 187 3626 prout
202 3542 345 3609 violatur
367 3562 420 3607 res
438 3542 582 3626 pressius
598 3545 739 3627 sumpta,
762 3563 912 3626 persona,
936 3541 1028 3607 locus
1043 3542 1112 3606 Deo
1129 3542 1266 3621 dicatus,
1291 3563 1413 3625 eaeque

85 3636 263 3698 vocantur:
287 3631 495 3714 sacrilegium
518 3635 613 3716 recle,
634 3633 811 3717 personale,
834 3634 941 3697 locale.
982 3630 1104 3696 Verum
1128 3632 1243 3697 horum
1266 3631 1412 3708 violatio,

85 3721 207 3787 saltem
231 3720 258 3786 si
281 3723 367 3788 recle
389 3720 597 3803 sacrilegium
621 3721 732 3798 sumis,
756 3720 936 3786 nonhabet
951 3740 1080 3804 semper
1096 3721 1233 3786 eandem
1249 3722 1412 3805 sacrilegii

84 3809 246 3876 malitiam
271 3809 425 3889 infimam,
450 3810 507 3876 sed
531 3831 630 3895 saepe
653 3809 783 3875 omnino
808 3809 987 3886 diversam3
1018 3830 1110 3875 sume
1133 3832 1164 3877 v.
1189 3832 1221 3893 g.
1245 3809 1412 3894 indignam

85 3899 403 3966 administrationem
422 3900 474 3964 vel
497 3899 736 3984 susceptionem
760 3899 968 3974 sacramenti,
993 3902 1028 3964 ct
1049 3898 1237 3965 iniuriosam
1262 3899 1330 3966 SS¹⁰
1346 3902 1413 3966 Eu·

85 3987 265 4056 charistiae
288 3988 583 4055 conculcationem:
614 4009 810 4072 quamquam
839 3988 873 4054 in
896 3987 1042 4070 quolibet
1064 3987 1179 4053 horum
1202 3995 1412 4073 peccatorum

83 4077 189 4145 habes
212 4077 420 4161 sacrilegium
442 4079 540 4144 reale.

175 4184 215 4250 R.
240 4186 270 4250 2.
317 4184 355 4248 In
384 4183 558 4266 sacrilegio
588 4181 751 4266 personali
782 4186 816 4248 et
846 4182 942 4248 locali
965 4182 1177 4266 probabiliter
1209 4183 1273 4248 dici
1301 4188 1412 4267 potest
1506 4195 1509 4202 '

83 4275 214 4343 ratione
237 4272 402 4356 sacrilegii
424 4272 537 4338 haberi
559 4272 621 4338 hac
645 4271 853 4339 distinctione
871 4271 997 4356 species
1012 4271 1150 4338 infimas.
1186 4272 1267 4338 Dico
1283 4272 1411 4339 ratione

84 4360 265 4446 sacrilegii,
292 4383 369 4428 nam
392 4361 520 4429 ratione
543 4361 669 4445 peccati
693 4361 838 4427 adiuncti
860 4360 931 4426 sine
955 4361 1051 4427 dubio
1075 4361 1225 4427 diversae
1248 4361 1411 4426 habentur

82 4453 241 4521 malitiae.

174 4539 397 4609 Committitur
419 4538 505 4605 enim
528 4538 735 4621 sacrilegium
758 4540 930 4623 personale
961 4534 997 4620 a)
1018 4537 1188 4605 luxuriosa
1210 4537 1409 4604 tractatione

82 4651 245 4718 personae
274 4630 318 4697 ad
346 4629 543 4696 servandam
573 4628 760 4696 castitatem
789 4628 859 4695 Deo
890 4628 1018 4695 dicatae
1047 4627 1148 4710 (quod
1176 4629 1215 4694 fit
1244 4626 1343 4693 etiam
1367 4628 1409 4695 ab

136 4741 305 4790 Lehmknhh
320 4740 392 4783 Casus
405 4739 565 4784 consolantiae.
591 4740 609 4784 1.
1178 4731 1195 4785 8
