3106 5168
535 262 652 318 Peccata
671 261 814 332 capitalia:
833 264 969 316 Aventia.
1373 270 1415 335 81

93 440 266 518 „Avaritia
294 439 454 526 importat
481 439 766 506 immoderantiam
789 440 953 522 quandam
984 441 1071 507 circa
1094 440 1226 508 divitias
1251 494 1257 507 .
1284 495 1291 509 .
1318 495 1324 507 .
1353 465 1417 510 uno

88 531 188 595 modo
209 529 399 596 immediate
422 528 509 595 circa
532 529 637 614 ipsam
662 528 887 614 acceptionem
916 535 951 595 et
981 531 1263 596 conservationem
1287 531 1419 599 divitia-

87 640 173 695 rum‚
198 619 408 702 inquantum
431 619 500 686 scil.
524 618 641 701 aliquis
665 618 805 700 acquirit
827 619 998 702 pecuniam
1020 621 1108 685 ultra
1131 619 1286 700 debitum,
1310 621 1419 687 aliena

88 707 295 793 surripiendo
317 708 371 773 vel
401 707 590 774 retinendo:
621 716 649 773 el
672 711 718 773 sic
740 711 910 793 opponitur
931 711 1082 776 iustitiae.
1129 708 1203 774 Alio
1231 709 1327 775 modo
1356 711 1418 776 im-

87 800 204 881 portat
231 797 516 863 immoderantiam
539 797 626 862 circa
649 796 820 862 interiores
843 797 981 863 affectus
1004 797 1209 877 divitiarum,
1240 802 1322 882 puta
1345 821 1418 866 cum

88 886 164 968 quis
193 885 289 952 nimis
319 891 410 953 amat
439 887 492 952 vel
516 885 681 951 desiderat
704 885 853 964 divitias,
886 889 945 952 aut
974 885 1070 952 nimis
1093 887 1277 953 delectatur
1305 888 1339 953 in
1366 889 1416 967 iis,

68 1052 70 1055 .
88 974 192 1042 etiam
208 975 236 1040 si
251 975 334 1041 nolit
349 996 466 1060 rapere
482 975 603 1041 aliena:
620 979 656 1041 11
669 974 731 1040 hoc
746 975 842 1040 modo
854 975 998 1042 avaritia
1009 976 1183 1060 opponitur
1199 977 1414 1044 liberalitati.“

181 1080 220 1147 R.
238 1084 269 1148 2.
308 1079 388 1147 Cum
411 1080 524 1146 eodem
549 1081 580 1147 S.
598 1080 731 1147 Thom.
755 1079 830 1146 ibid.
848 1101 878 1146 a.
895 1082 933 1145 4:
963 1079 1132 1159 ,Avaritia
1157 1134 1216 1148 ...
1239 1082 1417 1148 secundum

88 1168 176 1252 quod
193 1171 363 1256 opponitur
378 1172 530 1254 iustitiae,
555 1193 592 1235 ea
605 1191 718 1255 periere
733 1191 791 1235 auo
806 1173 857 1236 est
879 1175 1051 1253 peccatum
1074 1173 1215 1236 mortale.
1254 1171 1416 1251 Avaritia,

87 1260 269 1326 secundum
286 1259 372 1341 quod
387 1263 558 1345 opponitur
571 1258 768 1342 liberalitati,
794 1311 800 1323 .
820 1312 826 1324 .
846 1311 852 1325 .
878 1263 930 1325 est
952 1263 1124 1343 peccalum
1140 1263 1263 1327 veniale
1285 1260 1361 1340 (nisi
1383 1261 1416 1326 in

86 1352 220 1415 tantum
243 1367 336 1413 amor
350 1348 538 1414 divitiarum
562 1350 700 1425 crescat,
725 1348 811 1430 quod
835 1348 1043 1431 praeferatur
1065 1348 1207 1427 caritati,
1232 1352 1269 1415 ut
1291 1349 1418 1417 scilicet

86 1441 225 1521 propter
240 1458 384 1503 amorem
401 1436 589 1503 divitiarum
613 1437 731 1519 aliquis
754 1457 819 1503 non
835 1442 991 1504 vereatur
1014 1438 1124 1504 facere
1141 1442 1256 1504 contra
1272 1454 1416 1506 amorem

86 1526 150 1592 Dei
174 1529 209 1592 et
231 1526 414 1610 proximi).“

179 1631 219 1699 R.
244 1635 274 1698 3.
321 1631 394 1698 Etsi
417 1630 560 1697 avaritia
583 1634 620 1696 ut
642 1630 689 1696 sic
720 1651 780 1715 per
802 1651 839 1696 se
861 1634 1032 1715 peccatum
1057 1635 1186 1698 tantum
1208 1631 1338 1699 veniale
1361 1633 1415 1712 sit,

86 1719 299 1785 nihilominus
314 1719 431 1787 vitium
454 1724 506 1787 est
529 1720 671 1804 capitale
692 1740 789 1802 quam
812 1719 998 1804 pessimum,
1023 1720 1177 1786 facillime
1199 1721 1233 1786 in
1256 1722 1360 1788 multa
1382 1729 1417 1791 et

86 1809 235 1874 maxima
255 1813 392 1894 peccata
407 1809 560 1875 mortalia
575 1809 741 1887 inducens,
765 1830 838 1874 cum
862 1808 997 1876 divitiae
1020 1809 1087 1876 sint
1109 1810 1249 1876 medium
1275 1812 1316 1876 ad
1340 1813 1416 1878 reli·

87 1919 172 1980 quas
199 1899 397 1982 cupiditates
425 1899 585 1964 humanas
608 1899 705 1964 facile
735 1898 926 1982 implendas.
973 1899 1045 1964 Hoc
1067 1919 1165 1965 sensu
1189 1900 1220 1966 S.
1246 1900 1417 1985 Scriptura

87 1987 186 2055 dicit:
215 1990 346 2065 ,Avaro
369 1992 479 2054 autem
503 1987 584 2053 nihil
607 1991 659 2053 est
682 1987 913 2054 scelestius...
954 1986 1044 2053 Nihil
1067 1991 1119 2055 est
1142 1987 1293 2071 iniquius,
1317 2011 1416 2072 quam

87 2097 202 2142 amare
224 2077 413 2161 pecuniam
443 2077 495 2142 hic
519 2077 605 2142 enim
638 2080 673 2143 et
699 2076 842 2143 animam
874 2097 966 2142 suam
990 2076 1140 2143 venalem
1173 2079 1289 2144 habet¹‘
1326 2079 1414 2147 Eecl.

89 2169 142 2244 10,
168 2169 280 2242 9.10;
310 2169 360 2232 et:
397 2165 474 2243 ,Qui
497 2166 614 2231 volunt
637 2165 757 2232 divites
779 2165 860 2243 fieri,
890 2165 1037 2231 incidunt
1066 2166 1098 2230 11
1129 2167 1355 2246 tentationem,
1381 2171 1416 2234 et

86 2254 122 2319 in
144 2256 299 2338 laqueum
323 2254 443 2320 diaboli
476 2259 509 2322 et
542 2254 704 2320 desideria
726 2255 830 2321 multa
853 2254 982 2322 inutilia
1005 2258 1039 2320 et
1070 2256 1197 2333 nociva,
1221 2277 1306 2338 quae
1329 2278 1415 2323 mer·

86 2347 172 2426 gunt
206 2343 354 2409 homines
388 2344 421 2409 in
455 2344 625 2410 interitum
660 2348 695 2409 et
729 2344 952 2427 perditionem.
1008 2344 1117 2410 Radix
1151 2345 1237 2411 enim
1272 2346 1414 2412 omnium

86 2434 250 2499 malorum
274 2437 326 2499 est
349 2432 528 2518 cupiditas“
559 2437 574 2498 1
601 2433 683 2499 Tim.
709 2435 739 2512 6,
765 2435 869 2500 9.10.

178 2547 622 2623 salsissimam
669 2546 761 2624 Quod
793 2548 943 2613 Crucium
973 2547 1104 2625 attinet,
1137 2566 1202 2612 non
1232 2551 1301 2614 tarn
1332 2548 1475 2617 divi-159

84 2636 209 2704 tiorum
232 2638 371 2703 affectus
392 2637 426 2701 in
450 2657 486 2701 se
509 2635 653 2721 spectari
676 2636 782 2713 debet,
807 2636 865 2701 sed
888 2635 984 2700 buius
1003 2636 1191 2721 cupiditatis
1207 2638 1353 2715 effeetus,
1377 2644 1416 2706 ut

84 2726 248 2792 iudicetur
272 2726 312 2790 de
341 2726 544 2808 singularum
574 2725 740 2791 actionum
763 2724 1061 2810 peccaminositate.
1108 2725 1145 2790 ln
1169 2725 1285 2808 quibus
1308 2727 1413 2812 primo

84 2814 240 2892 occurrit,
265 2815 351 2896 quod
375 2835 535 2899 pauperes
559 2818 656 2880 soleat
677 2817 827 2899 repellere
850 2834 970 2897 eosque
992 2814 1132 2898 repellat
1156 2817 1246 2881 dure.

175 2903 269 2981 Quod
291 2903 392 2986 igitur
413 2907 494 2970 dere
517 2907 606 2984 agat,
631 2903 660 2969 si
683 2904 715 2969 id
738 2903 942 2986 intellegitur
966 2904 1005 2968 de
1029 2903 1226 2970 contumelia
1241 2905 1337 2986 gravi
1355 2926 1413 2971 seu

84 2993 255 3071 conviciis,
280 2992 396 3075 quibus
420 3013 582 3078 pauperes
606 2993 741 3071 afficiat,
764 2993 826 3058 boc
850 3014 930 3058 sane
952 3013 1056 3075 grave
1079 2997 1250 3077 peccatum
1273 2997 1334 3059 est.

176 3081 211 3148 Si
234 3103 255 3148 a
278 3082 359 3147 duro
382 3082 501 3165 agendi
524 3082 620 3147 modo
644 3081 847 3149 abstrahitur
870 3102 909 3147 ac
939 3082 1140 3147 solummodo
1170 3081 1202 3146 id
1232 3084 1411 3166 spectatur,

84 3171 236 3238 Crusium
267 3172 373 3237 solere
406 3172 632 3254 eleemosynas
663 3170 850 3256 petentibus
882 3191 946 3236 non
979 3171 1077 3235 dare:
1112 3171 1173 3235 hoc
1207 3169 1240 3235 in
1274 3171 1412 3254 singulis

84 3261 216 3327 casibus
239 3261 357 3327 saltem
381 3281 485 3342 grave
507 3265 679 3345 peccatum
702 3280 767 3326 non
792 3264 852 3337 eat,
876 3260 938 3325 nisi
955 3263 1106 3325 occurrat
1121 3259 1301 3325 necessitas
1317 3262 1411 3343 quasi

84 3354 246 3417 extrema.
294 3351 451 3416 Attamen
481 3370 610 3434 semper
639 3349 687 3414 sic
716 3370 816 3432 agere
846 3348 958 3414 Crusio
983 3351 1084 3430 eliciti,
1109 3349 1227 3414 nedum
1256 3349 1290 3414 in
1319 3353 1413 3436 provi

84 3438 268 3523 petentium
292 3439 498 3517 necessitate,
522 3439 580 3504 sed
604 3438 703 3504 etiam
731 3439 764 3503 in
787 3441 970 3520 ordinario,
994 3438 1094 3503 fuerit
1117 3441 1286 3521 peccatum
1311 3440 1410 3505 etiam

83 3549 199 3611 grave,
223 3531 290 3593 iriai
304 3551 410 3594 cerem
426 3532 477 3610 ait,
502 3528 587 3610 quod
611 3528 699 3594 dicat
723 3549 743 3593 a
765 3549 801 3592 se
824 3549 883 3612 per
905 3527 1067 3611 publicam
1091 3528 1322 3594 auctoritatem
1344 3528 1410 3595 iam

84 3617 174 3700 exigi
199 3616 471 3683 contributionem
496 3617 638 3700 amplam
668 3615 711 3682 ad
741 3638 919 3701 pauperum
943 3616 1158 3682 necessitates
1180 3617 1409 3685 sublevandas.

84 3705 133 3773 cf.
158 3707 270 3773 Maro
300 3728 331 3772 n.
353 3708 428 3773 488.
476 3705 541 3772 Sed
571 3727 611 3771 ne
640 3705 674 3771 id
697 3707 827 3788 quidem
851 3727 925 3771 eum
949 3710 1096 3782 excusat,
1127 3706 1248 3788 inquo
1279 3728 1357 3772 casu
1381 3708 1411 3774 ei

85 3795 267 3862 occurrerit
290 3796 470 3862 necessitas
494 3795 586 3877 quasi
611 3799 769 3864 extrema.
809 3795 856 3861 01.
887 3797 942 3861 lb.
967 3819 1008 3862 m.
1032 3796 1058 3872 1,
1083 3797 1164 3872 606;
1189 3795 1410 3878 Laymann‚

89 3885 192 3951 111111.
218 3906 295 3951 mor.
321 3887 361 3951 ele
383 3887 474 3951 coiit.
499 3906 526 3952 c.
547 3886 577 3963 6,
603 3907 633 3951 1.
654 3888 683 3950 4.
705 3887 741 3957 5;
767 3885 937 3963 Suarez,
961 3886 1013 3950 De
1035 3887 1126 3950 ecrit.
1151 3883 1181 3950 d.
1200 3887 1230 3961 7,
1255 3906 1281 3950 s.
1302 3887 1333 3951 3.

174 3991 214 4056 R.
235 3993 265 4056 2.
304 3989 396 4068 Quod
411 4011 546 4057 severus
569 3989 613 4056 sit
635 3990 668 4054 in
692 3989 862 4072 exigendis
876 3989 991 4075 pretiis
1007 3990 1239 4056 conductorum
1256 4010 1409 4073 agrorum
1422 4004 1472 4058 160

85 4084 119 4146 et
143 4079 311 4145 domorum
334 4080 405 4146 fere
428 4079 579 4146 similiter
602 4078 842 4145 diiudicandum
865 4084 927 4158 est,
960 4084 998 4145 ut
1028 4084 1127 4146 autea
1150 4078 1272 4146 dictum
1295 4083 1347 4146 est
1370 4081 1410 4146 de

84 4169 304 4252 eleemosyna.
337 4169 460 4235 Verum
482 4188 547 4234 non
570 4167 756 4251 requiritur,
781 4173 819 4235 ut
840 4168 887 4233 illi
911 4189 1071 4253 pauperes
1086 4167 1233 4234 homines
1251 4167 1316 4233 iam
1333 4189 1409 4234 con·

83 4257 194 4327 stituti
210 4258 277 4325 sint
298 4259 331 4323 11
356 4262 451 4325 tanta
467 4257 680 4335 necessitate;
704 4259 762 4324 sed
783 4257 914 4336 sufficit,
939 4263 976 4325 ut
998 4279 1057 4342 per
1073 4257 1187 4323 duram
1204 4257 1409 4323 exactionem

83 4347 117 4414 in
141 4347 371 4414 necessitatem
388 4351 570 4413 extremam
592 4347 646 4412 vel
670 4346 771 4413 etiam
794 4347 923 4414 omnino
946 4368 1083 4429 gravem
1104 4346 1321 4412 coniciantur:
1345 4368 1408 4428 quo

82 4437 116 4504 in
141 4458 230 4514 casu,
254 4435 315 4502 nisi
339 4435 471 4502 Crusius
493 4436 611 4503 saltem
635 4435 823 4503 dilationem
847 4436 1014 4514 concedat,
1038 4436 1186 4518 graviter
1208 4440 1332 4518 peccat.

173 4533 262 4600 Num
285 4533 453 4599 remittere
476 4532 598 4616 aliquid
622 4532 740 4600 debeat
769 4555 812 4599 ex
841 4533 966 4599 iustitia
989 4537 1124 4618 propter
1146 4531 1326 4597 infortunia
1349 4531 1409 4597 ali-

58 4624 175 4710 ,cuius
191 4624 279 4702 anni,
302 4623 424 4709 pendet
447 4644 467 4689 a
491 4626 661 4689 contractu
677 4622 731 4688 vel
746 4622 817 4688 eius
832 4622 1112 4706 interpretatione,
1135 4621 1206 4685 sive
1224 4620 1298 4701 lege
1319 4620 1409 4688 facta

136 4735 304 4784 Lehmknbl.
318 4735 390 4777 casua
404 4735 564 4779 conulentlac.
590 4735 608 4779 1.
1176 4724 1193 4777 6
