3106 5168
175 277 239 342 272
296 274 337 329 De
356 274 503 330 virtutibus
521 277 550 329 et
567 273 666 341 officiis
684 292 750 344 erga
767 273 898 329 hemines.
917 303 952 312 -
971 273 1070 329 Officia
1087 275 1160 330 circa
1178 272 1278 328 bonnm
1296 273 1380 328 vitae.

175 456 291 535 perant
313 451 465 536 praedae,
489 450 560 516 sive
583 471 625 516 ex
648 450 776 516 exuviis
799 450 941 518 bostium
965 470 1133 516 caesorum
1156 450 1227 516 sive
1250 470 1291 518 ex
1308 450 1383 516 aliis
1406 451 1501 517 bonis

175 540 323 624 privatis.
370 539 477 617 Quare
505 540 600 606 miles
629 538 685 605 ille
714 540 863 622 graviter
891 539 1057 624 peccavit,
1088 544 1187 622 atque
1210 539 1341 606 videtur
1368 541 1500 605 omnino

176 635 291 696 contra
314 628 472 695 iustitiam
496 649 660 713 peccasse,
685 650 758 694 cum
781 629 958 696 Barbatius
979 628 1130 696 videatur
1152 628 1282 694 omnino
1306 650 1350 694 ex
1373 650 1413 696 eo
1438 632 1502 696 fine

175 718 232 784 illa
255 718 468 802 prohibuisse,
492 724 529 785 ut
552 718 645 784 bonis
667 717 840 785 hostilibus
862 717 1000 802 privatis
1023 722 1214 802 'parceretur
1236 721 1336 800 atque
1351 717 1425 803 ipse
1441 718 1502 784 sibi

177 806 358 873 incolarum
381 807 506 873 animos
530 806 728 874 conciliaret.

264 895 482 962 Nihilominus
512 916 595 978 quae
624 896 658 961 in
687 895 842 980 praedam
865 895 1022 962 militibus
1044 895 1112 961 suis
1135 895 1214 961 dare
1238 899 1356 981 potuit,
1387 916 1500 961 eorum

175 984 416 1052 restitutionem
448 985 548 1051 etiarn
580 990 655 1069 post
685 986 841 1070 praedam
872 985 986 1052 illicite
1018 988 1052 1050 et
1082 984 1202 1051 iniuste
1233 985 1357 1052 factam
1389 989 1501 1069 potest

177 1074 370 1141 condonare.

115 1184 168 1240 535
265 1179 304 1246 R.
330 1183 360 1246 5.
406 1178 499 1256 Quod
527 1179 621 1246 miles
650 1180 706 1245 ille
729 1179 907 1246 mutaverit
929 1185 1073 1257 vestem,
1103 1200 1168 1244 non
1191 1182 1243 1245 est
1265 1179 1357 1244 fraus
1379 1179 1500 1264 imper-

177 1253 348 1353 ceptibilis.
380 1268 472 1346 Quod
494 1268 614 1334 falsum
637 1269 796 1353 sparserit
811 1269 969 1347 nuntium,
994 1273 1076 1346 erat,
1100 1267 1162 1333 nisi
1185 1289 1244 1352 por
1258 1268 1498 1334 restrictionem

177 1379 292 1424 sensus
315 1378 413 1423 verus
436 1358 586 1433 suberat,
617 1359 820 1424 mendacium
843 1359 981 1440 ideoque
1004 1357 1169 1432 illicitum3
1201 1357 1305 1439 magis
1329 1357 1447 1434 etiam,
1473 1358 1501 1423 si

175 1446 320 1513 fortasse
343 1446 533 1514 falsificavit
556 1447 793 1515 documentum.
825 1447 1052 1526 Nihilominus,
1077 1446 1217 1512 fueritne
1240 1446 1403 1512 iniustitia
1426 1467 1500 1531 pro·

178 1535 248 1620 prie
279 1535 366 1602 dicta
397 1556 477 1617 erga
505 1535 634 1614 hostes,
671 1537 814 1602 nondum
842 1536 916 1602 ilico
947 1539 1087 1603 constat.
1137 1534 1225 1600 Nam
1254 1534 1282 1600 si
1312 1534 1499 1602 falsificatio

178 1625 327 1707 diligenti
349 1624 551 1709 inspectione
574 1625 685 1706 detegi
708 1630 848 1710 poterat,
873 1630 1024 1692 censetur
1040 1624 1074 1690 in
1096 1624 1182 1690 bello
1198 1645 1270 1690 esse
1285 1624 1378 1690 fraus
1394 1625 1500 1707 quoad

178 1735 247 1780 rern
271 1735 336 1779 non
358 1713 479 1780 iniusta
501 1718 601 1798 atque
624 1714 724 1781 solius
747 1714 908 1781 mendacii
929 1713 1089 1781 malitiam
1111 1713 1262 1780 retinere.

268 1813 317 1877 De
341 1817 450 1879 cetero
474 1811 514 1878 of.
539 1812 747 1896 Laymann
770 1813 791 1880 l.
817 1816 847 1891 2,
871 1816 913 1880 tr.
938 1815 969 1891 3,
994 1834 1020 1879 o.
1049 1815 1098 1890 12,
1123 1833 1154 1876 n.
1179 1814 1298 1877 9-11.
