3106 5168
317 278 387 333 Iuris
405 277 473 334 laesi
491 278 635 349 reparatio.
655 308 690 317 —
707 280 856 332 Ereucctio
874 280 946 332 turta
965 297 1002 332 cn
1020 283 1131 334 intucta.
1319 284 1384 348 393

59 456 172 533 tuerit,
197 456 274 539 quia
294 477 359 521 non
375 456 480 540 potuit
505 455 645 539 probare
660 454 772 520 lrmini
794 454 1008 521 intentionem
1025 477 1163 540 pravam
1178 454 1387 522 interimendi

59 545 198 611 inimici:
227 546 394 611 accusatio
418 548 491 610 erat
521 544 643 611 iniusta
667 549 702 611 et
725 544 890 610 sententia
914 544 1074 611 obiective
1106 545 1228 611 iniusta
1250 545 1329 611 nixa
1352 545 1386 609 in

60 634 210 701 falsitate
232 634 324 701 facti.
371 634 457 699 Hinc
479 633 600 698 Irmino
631 653 673 698 ex
701 633 759 698 illa
782 633 947 700 sententia
970 635 1094 699 nullum
1117 634 1168 699 ius
1192 637 1299 699 ortum
1323 639 1384 713 cet,

60 744 167 806 neque
183 724 253 788 iure
268 723 410 789 retinere
426 726 536 807 potest
555 721 696 806 pretium
713 725 893 804 acceptum.
933 722 1025 799 Quod
1048 723 1077 789 si
1098 722 1147 789 ita
1163 728 1224 800 est,
1248 724 1385 790 Alberto

61 814 94 878 in
118 813 190 878 foro
214 812 433 878 conscientiae
457 811 614 895 competit
635 811 686 876 ius
709 813 858 876 occultae
881 812 1164 896 compensationis.

151 918 190 985 n.
216 921 245 985 2.
293 919 345 983 Ex
368 918 408 984 iis
432 923 552 995 autem,
578 938 662 999 quae
685 917 774 984 dicta
797 921 891 995 sunt,
917 918 1024 984 elucet
1047 918 1147 985 alium
1171 917 1319 995 titulum,
1343 938 1386 983 ex

61 1029 127 1090 quo
143 1008 300 1074 Albertus
315 1007 400 1072 iuste
417 1007 625 1073 condemnari
649 1007 753 1090 possit
777 1007 818 1072 ad
842 1006 982 1090 pretinm
999 1007 1074 1090 equi
1096 1007 1297 1084 solvendum,
1321 1027 1386 1071 non

61 1098 168 1162 solum
198 1118 262 1161 non
293 1097 473 1177 allegatum
503 1116 594 1173 esse,
628 1095 685 1161 sed
715 1117 756 1161 ne
785 1095 932 1179 potuisse
961 1096 1091 1179 quidem
1121 1096 1207 1161 iuste
1237 1096 1385 1177 allegari.

61 1188 177 1251 Manet
200 1186 302 1268 igitur
326 1186 462 1251 Alberto
487 1185 635 1250 occultae
659 1184 933 1268 compensationis
956 1184 1007 1250 ius
1030 1185 1063 1251 in
1087 1184 1296 1251 conscientia.

168 1405 429 1472 RESTITUTIO
453 1404 513 1470 EX
536 1404 668 1472 BONIS
691 1404 1030 1472 ECCLESIASTICIS
1053 1405 1282 1474 DETENTIS.

621 1562 732 1631 (lasns.
759 1570 835 1638 (240)

154 1703 305 1763 conradus
327 1705 477 1780 complura
497 1704 630 1780 possidet
657 1705 794 1780 praedia,
823 1724 897 1780 quac
919 1711 989 1764 sunt
1010 1724 1048 1762 ex
1068 1703 1153 1763 bonis
1175 1701 1389 1762 ecclesiasticis

63 1784 296 1844 saecularizatis.
338 1783 457 1855 Nescit,
485 1804 554 1843 num
576 1803 667 1843 causa
688 1785 738 1843 illa
760 1784 800 1843 sit
821 1785 985 1862 composita
1007 1804 1072 1843 cum
1094 1785 1121 1843 S.
1145 1784 1236 1854 Sede,
1263 1802 1328 1842 cum
1351 1783 1388 1840 ab

63 1864 305 1923 antecessoribus
320 1864 383 1923 suis
397 1865 561 1923 hereditate
576 1882 612 1923 ea
626 1864 832 1940 acquisiverit3
854 1883 948 1940 neque
968 1865 1091 1941 impleta
1112 1865 1231 1923 luerunt
1252 1881 1389 1938 umquam

63 1963 156 2004 onera
177 1944 242 2020 pia,
271 1963 345 2019 quae
372 1944 432 2003 illie
455 1944 695 2021 possessionibus
717 1945 880 2020 antiquitus
900 1945 1109 2014 inhaeserunt,
1138 1945 1225 2002 immo
1253 1962 1291 2002 ne
1319 1942 1389 2001 sciri

63 2024 181 2100 quidem
202 2025 328 2101 amplius
351 2031 490 2083 accurate
510 2024 563 2083 illa
584 2044 675 2083 onera
696 2030 829 2100 possunt.

63 2127 242 2197 Quanamun
265 2131 293 2187 1⁰
317 2129 394 2205 quod
415 2129 461 2187 ius
483 2128 513 2187 in
534 2130 612 2187 bona
633 2128 838 2188 ecclesiastica
858 2129 1073 2189 saecularitate
1093 2148 1172 2187 nunc
1193 2128 1329 2188 exsistat.

263 2217 293 2275 2ο
319 2237 410 2276 onera
438 2216 600 2293 autiquitua
628 2217 713 2276 bonis
740 2217 800 2277 illis
827 2217 1013 2277 inhaerentia
1041 2237 1109 2277 num
1138 2217 1234 2275 adhuc
1262 2216 1389 2276 debeant

319 2296 443 2374 impleri.

263 2387 294 2445 3⁰
319 2386 388 2462 quid
407 2386 439 2444 in
461 2406 532 2445 casu
553 2391 655 2445 nostro
676 2387 843 2446 faciendum
863 2388 910 2447 sit.

659 2566 797 2634 Solutio.

155 2709 208 2773 An
231 2729 422 2784 ouansrruu
441 2711 478 2773 1¹¹²
501 2709 540 2775 R.
560 2711 587 2776 1.
634 2710 757 2793 Elapso
781 2712 912 2776 saeculo
936 2731 956 2776 a
981 2710 1035 2777 SS.
1053 2709 1264 2777 Pontificibus
1280 2711 1389 2793 ampla
1400 2719 1449 2774 781
1509 2741 1512 2747 ·

64 2799 157 2864 facta
181 2803 230 2863 est
262 2797 457 2863 condonatio
481 2798 638 2862 bonorum
663 2799 959 2865 ecclesiasticorum
982 2822 1002 2865 a
1025 2799 1192 2882 guberniis
1215 2804 1390 2882 occupato·

64 2909 155 2963 rum;
179 2885 270 2952 facta
293 2892 429 2953 nonest
452 2887 630 2952 communis
649 2889 843 2954 condonatio
860 2911 981 2966 eorum,
1006 2909 1090 2970 quae
1113 2888 1199 2953 forte
1215 2909 1235 2952 a
1251 2887 1390 2971 privatis

65 2975 249 3041 hominibus
272 2975 410 3058 primum
435 2985 586 3061 cccnpctc
608 2975 747 3052 fuerint;
772 2981 919 3043 attamen
944 2998 1066 3055 eorum,
1090 2998 1175 3059 quae
1196 2976 1388 3058 agubernio

65 3069 228 3148 occupata
251 3063 324 3130 dein
349 3065 389 3129 ad
414 3064 561 3148 privatos
585 3065 731 3131 homines
754 3067 907 3149 legaliter
930 3071 1160 3150 pervenerunt.

154 3171 193 3237 lt.
220 3174 250 3237 2.
295 3171 445 3252 Longum
469 3175 521 3237 est
543 3192 655 3237 omncs
679 3171 836 3237 eiusmodi
863 3170 1010 3255 publicas
1033 3170 1287 3236 condonationes
1310 3190 1390 3235 enu-

64 3281 204 3326 merare.
250 3260 452 3344 Praecipuae
476 3264 553 3326 sunt
576 3260 656 3326 hae:

160 3361 187 3424 1.
218 3357 282 3423 Pro
307 3357 430 3434 Gallia,
464 3357 483 3423 i.
509 3378 537 3425 e.
561 3378 620 3441 pro
644 3378 746 3439 regno
771 3358 913 3435 Galliae,
938 3361 1036 3441 prout
1057 3360 1128 3422 tum
1151 3356 1308 3440 temporis
1331 3377 1390 3421 ex·

66 3446 206 3512 sistebat
229 3446 281 3512 die
300 3449 339 3511 15
359 3446 431 3511 lulii
447 3448 541 3524 1801,
567 3447 761 3513 condonatio
784 3446 873 3513 facta
897 3451 949 3513 est
971 3467 1082 3513 eorum
1104 3446 1262 3511 bonorum
1285 3445 1390 3511 eccle·

66 3535 288 3613 siasticorum,
320 3557 404 3618 quae
427 3535 468 3600 ad
498 3535 577 3600 illud
601 3557 702 3619 usque
726 3541 854 3620 tempus
877 3557 898 3601 a
921 3535 1078 3618 gubernio
1102 3539 1261 3618 occupata
1284 3539 1389 3604 erant.

66 3626 130 3690 Illa
145 3625 273 3707 quidem
291 3624 484 3690 condonatio
508 3625 658 3709 primitus
673 3625 763 3691 facta
786 3625 1048 3707 restringebatur
1064 3624 1106 3690 ad
1123 3644 1163 3690 ea
1187 3624 1281 3702 bona,
1306 3645 1390 3706 quae

67 3737 88 3780 a
122 3714 280 3795 gubernio
315 3719 474 3796 occupata
509 3723 537 3780 et
571 3716 712 3780 clicnotc
750 3719 863 3780 erant:
902 3735 1016 3780 verum
1055 3718 1170 3797 postea
1208 3734 1267 3797 per
1304 3734 1389 3798 resp.

67 3804 100 3869 S.
125 3803 251 3871 Paenit.
278 3804 363 3867 1818
394 3807 428 3869 et
457 3824 516 3886 per
545 3804 653 3869 Breve
681 3803 730 3868 Pii
755 3803 817 3868 VII
848 3803 878 3870 d.
904 3803 934 3871 d.
960 3806 1001 3868 20
1027 3802 1096 3869 Oct.
1125 3804 1208 3868 1821
1241 3803 1390 3869 extensio

66 3892 159 3957 facta
188 3897 240 3959 est
270 3891 311 3958 ad
338 3893 447 3957 omnia
470 3893 571 3970 bona,
603 3912 687 3973 quae
710 3892 762 3958 die
789 3895 828 3958 15
852 3892 924 3957 Iulii
951 3894 1034 3959 1801
1066 3902 1217 3978 occupato
1249 3901 1340 3958 erant
1371 3915 1392 3956 c

66 3982 229 4068 pubernio,
254 3981 323 4047 sive
347 3981 491 4046 alienata
514 3981 584 4046 sive
608 4003 672 4047 non
695 3981 850 4047 alienata.

70 4081 189 4234 18192.
215 4078 335 4145 Similis
351 4078 545 4145 condonatio
566 4100 625 4163 pro
641 4100 743 4161 regno
763 4079 931 4161 utriusque
948 4078 1077 4144 Siciliae
1099 4078 1239 4144 habetur
1256 4080 1274 4143 7
1291 4077 1390 4143 Mart.

159 4259 188 4322 3.
213 4255 277 4321 Pro
300 4260 373 4322 tota
397 4255 547 4322 Sardinia
570 4256 712 4322 habetur'
733 4257 928 4324 condonatio
952 4257 982 4322 d.
1009 4259 1050 4321 14
1073 4255 1151 4321 Maii
1177 4255 1271 4319 1828.

158 4358 189 4420 4.
213 4354 278 4419 Pro
301 4353 416 4435 Belgio
439 4354 634 4420 condonatio
658 4355 749 4421 facta
773 4359 824 4421 est
847 4355 877 4422 d.
905 4358 945 4420 16
970 4355 1058 4438 Sept.
1086 4355 1182 4418 1833.

160 4455 189 4518 5.
214 4451 278 4516 Pro
301 4472 403 4534 regno
427 4451 603 4516 Borussiae
628 4453 658 4519 d.
683 4455 723 4516 27
741 4452 827 4519 Nou.
847 4455 929 4518 1891
956 4449 1149 4517 condonatio
1173 4449 1236 4514 diei
1262 4452 1301 4513 15
1318 4447 1393 4512 Iulii

70 4543 153 4608 1801
173 4541 280 4623 quoad
297 4541 461 4606 dioeceses
477 4540 598 4616 Goion,
623 4541 759 4620 Trevir.,
784 4542 924 4606 Monast.
944 4541 992 4606 ita
1008 4545 1145 4606 extensa
1162 4543 1222 4614 est,
1247 4543 1283 4604 ut
1306 4537 1392 4603 idern

67 4631 181 4697 valeat
204 4631 309 4697 relate
332 4631 374 4695 ad
399 4629 628 4712 occupationes
647 4630 839 4713 agubernio
856 4629 980 4695 Gallico
1005 4648 1105 4711 usque
1129 4628 1171 4693 ad
1195 4630 1292 4693 finem
1315 4626 1392 4692 anni
