3106 5168
324 292 394 346 luris
412 292 479 346 laesi
498 293 633 362 reparatio
653 321 685 329 —
704 292 864 346 restituendi
883 293 977 346 0101100
996 298 1019 345 et
1038 293 1113 345 ordo.
1316 294 1379 358 379

55 468 225 533 indemnes
240 466 398 543 faciendi;
424 469 537 550 quodsi
561 469 593 533 in
610 468 791 553 posteriore
808 490 885 534 casu
906 468 962 533 11Ιο
978 468 1156 535 difficultas
1172 469 1225 532 vel
1248 468 1382 549 gravior

56 557 217 639 quaedam
242 577 342 621 causa
360 577 425 621 nou
445 558 549 636 adest,
575 561 740 623 venialiter
754 562 919 640 peccatur,
944 558 971 622 si
995 558 1160 624 restitutio
1177 557 1305 639 quidem
1323 558 1382 623 fiat

55 647 114 711 sed
138 647 208 711 loco
233 644 434 710 dominorum
458 648 620 712 laesorum
644 647 699 712 alii
723 651 858 728 egentes
882 646 1056 729 eligantur.

146 751 186 817 R.
211 753 240 815 4.
288 750 450 832 Sigfridus
480 751 513 816 in
545 751 606 817 hoc
638 755 745 827 errat,
777 753 861 833 quod
892 757 986 835 putet
1015 752 1088 817 ideo
1111 773 1146 816 se
1173 771 1269 834 posse
1292 751 1380 835 ipsos
1392 760 1441 813 751

55 840 205 906 dominos
227 840 335 905 laesos
358 841 600 917 transmittere,
632 841 718 923 quod
741 840 803 925 ipsi
827 841 980 907 damnum
1003 841 1130 906 illatum
1153 845 1295 926 praviter
1317 863 1379 906 000

55 932 217 1010 sentiant;
237 928 356 993 namsi
376 949 495 995 revera
510 929 630 1012 singuli
654 933 687 994 111
704 934 839 995 cauteria
853 933 946 1014 proci
968 935 1046 995 sunt
1060 930 1151 1007 laesi,
1175 950 1379 1011 nequaquam

55 1023 195 1102 possunt
217 1017 279 1100 ipsi
302 1018 530 1100 praetermitti.
582 1020 638 1084 Tb.
663 1042 703 1085 m.
727 1019 759 1096 Ι,
785 1022 859 1083 042.
881 1065 884 1070 -
906 1019 1022 1099 Neque
1045 1018 1102 1083 illa
1131 1021 1184 1083 est
1212 1018 1297 1083 ratio
1322 1038 1380 1082 ex·

55 1129 193 1183 ousans,
224 1108 307 1188 quod
332 1107 378 1170 illi
403 1107 522 1171 domini
545 1106 626 1173 laesi
654 1110 751 1172 rebus
774 1108 842 1172 suis
865 1108 950 1173 male
973 1111 1118 1174 utantur.
1165 1106 1252 1172 Nam
1276 1128 1318 1171 ex
1342 1128 1380 1172 eo

55 1197 89 1260 id
113 1197 217 1261 solum
242 1195 400 1276 sequitur,
424 1200 470 1273 ut,
496 1197 521 1260 si
547 1198 588 1261 ad
613 1201 737 1262 certum
762 1196 902 1278 aliquem
918 1198 1016 1261 finem
1038 1197 1159 1261 malum
1184 1196 1381 1261 conveniant

55 1291 91 1351 et
115 1284 270 1368 pecunias
294 1285 475 1363 conferant,
503 1286 558 1350 ille
582 1286 654 1350 finis
677 1307 741 1349 non
765 1285 869 1368 possit
892 1306 964 1350 esse
987 1284 1117 1368 reipsa
1140 1305 1281 1368 persona
1303 1285 1381 1349 iuri·

56 1375 130 1439 dica
155 1373 319 1449 distincta,
343 1374 401 1438 sed
424 1373 601 1439 dominium
625 1374 834 1458 pecuniarum
858 1377 991 1439 maneat
1014 1374 1099 1458 apud
1122 1373 1211 1458 ipsos
1235 1373 1382 1439 dominos

56 1463 113 1546 qui
137 1462 355 1529 contulerunt.

148 1561 186 1626 It.
205 1564 234 1626 5.
270 1560 306 1624 Id
330 1564 460 1626 tautum
476 1560 617 1643 Sigfiido
634 1560 766 1625 concedi
789 1565 916 1644 potest:
940 1560 973 1624 in
997 1561 1058 1626 hoc
1082 1581 1159 1626 casu
1183 1560 1382 1626 considerari

56 1671 154 1733 posse
178 1649 364 1724 laesionem,
389 1671 453 1714 non
470 1671 553 1731 quae
577 1649 727 1715 societati
752 1671 816 1731 qua
838 1649 910 1728 tali,
934 1649 991 1715 sed
1011 1670 1095 1730 quae
1119 1649 1256 1731 singulis
1279 1670 1382 1714 mem-

56 1739 125 1803 bris
148 1739 239 1803 facta
262 1739 315 1803 sit.
351 1738 438 1803 Nam
462 1738 524 1804 etsi
547 1760 605 1822 pro
630 1744 719 1804 certo
743 1740 807 1803 fine
830 1738 1055 1821 prosequendo
1080 1738 1302 1816 convenerint,
1326 1739 1382 1804 ille

55 1828 131 1891 finis
147 1827 359 1892 intermedius
375 1831 435 1902 est,
459 1849 523 1892 non
541 1833 592 1893 est
609 1826 647 1904 is,
672 1827 724 1891 cui
742 1827 866 1892 lucrum
883 1828 1020 1904 serviat;
1045 1827 1103 1892 sed
1119 1831 1192 1894 tota
1207 1827 1382 1894 associatio

57 1918 91 1981 in
123 1917 154 1980 id
185 1918 312 1981 demum
344 1916 465 1994 tendit,
497 1920 534 1981 ut
564 1937 733 1981 commune
762 1917 887 1981 lucrum
912 1916 965 1981 vel
989 1916 1141 1981 damnum
1172 1917 1204 1981 in
1235 1917 1382 1998 singulos

56 2005 233 2072 dividatur.
281 2005 314 2070 Si
337 2005 438 2086 igitur
462 2005 622 2088 Sigfridus
646 2005 747 2070 sci-ret
772 2010 822 2071 tot
846 2026 918 2070 esse
941 2005 1158 2082 actionarios,
1183 2009 1238 2082 ut,
1263 2005 1382 2071 damno

58 2097 147 2159 4000
177 2115 361 2159 marcarum
391 2095 583 2173 distributo,
617 2095 650 2158 in
683 2093 843 2158 neminem
876 2094 1008 2159 caderet
1038 2094 1192 2160 damnum
1224 2094 1382 2161 materiae

56 2183 171 2266 gravis
193 2183 299 2264 (quae,
324 2205 396 2247 cum
421 2184 487 2248 sint
509 2183 655 2248 homines
671 2183 832 2259 ditissimi,
857 2187 894 2249 ut
917 2183 1064 2260 sumitur,
1090 2183 1266 2248 ascendere
1285 2183 1383 2249 debet

56 2272 420 2353 01120-3010010001
446 2273 478 2336 in
494 2273 555 2337 hoc
572 2294 648 2337 casu
672 2272 742 2336 sine
765 2277 901 2355 peccato
924 2271 1020 2355 gravi
1043 2272 1164 2354 eligere
1187 2275 1299 2355 posset
1322 2292 1382 2355 pro

56 2361 276 2426 restitutionis
299 2361 445 2425 subiecto
469 2382 629 2445 pauperes
650 2361 703 2425 vel
721 2382 836 2426 causas
860 2360 941 2444 pias,
965 2364 999 2426 et
1015 2365 1206 2427 occurrente
1228 2359 1382 2442 graviore

56 2472 159 2515 causa
182 2450 252 2514 sine
276 2450 342 2514 ullo
365 2454 511 2533 peccato.
536 2490 579 2496 --
608 2451 729 2514 Verum
752 2449 785 2514 id
809 2449 893 2515 scitu
917 2453 968 2515 est
991 2449 1226 2517 difficillimum.
1272 2449 1403 2515 Facile>

57 2540 145 2604 enim
178 2539 341 2604 constabit
373 2540 502 2621 quidem
533 2539 679 2605 actiones
702 2559 759 2603 seu
783 2538 898 2604 titulos
924 2538 1010 2604 illius
1034 2538 1203 2604 societatis
1227 2559 1299 2604 esse
1322 2560 1383 2604 nu-

56 2648 149 2693 mero
179 2629 290 2711 plures
321 2649 417 2709 quam
449 2630 531 2704 200;
572 2627 629 2693 sed
669 2649 733 2692 non
766 2627 862 2692 facile
896 2628 1059 2694 constabit
1095 2649 1159 2692 non
1193 2648 1265 2692 esse
1297 2627 1384 2693 inter

57 2717 257 2782 actionarios
290 2718 343 2798 qui
378 2717 567 2800 possideant
601 2721 652 2783 tot
686 2717 800 2782 titulos
833 2717 946 2794 simul,
985 2722 1023 2782 ut
1057 2738 1099 2782 ex
1134 2717 1251 2782 damno
1286 2717 1384 2782 totali

58 2809 148 2871 4000
171 2827 355 2870 marcarum
385 2806 464 2888 ipsis
494 2827 557 2869 non
588 2806 785 2888 respondeat
808 2807 958 2871 damnum
991 2806 1108 2871 saltem
1140 2809 1271 2872 20-30
1295 2827 1383 2871 mar·

57 2917 181 2961 carum.
221 2894 312 2971 Quod
336 2895 363 2959 si
387 2916 451 2958 non
476 2894 676 2971 constiterit,
701 2893 843 2976 Sigirido
867 2895 980 2977 nequit
1003 2894 1165 2978 permitti,
1191 2900 1228 2959 ut
1251 2894 1382 2959 modum

57 2984 287 3059 restitutionis
312 3005 407 3065 quem
432 2988 534 3067 optat,
560 2989 768 3065 exsequatur.

232 3202 349 3267 ORDO
374 3200 719 3267 RESTITUTIONIS.
745 3237 789 3245 —
813 3199 958 3265 cassio
983 3199 1210 3266 BONORUM.

617 3357 724 3422 Casus.
753 3364 828 3433 (232)

150 3496 315 3562 Terentius,
338 3502 435 3555 status
456 3498 639 3555 fortunarum
661 3497 759 3555 labilis
781 3496 837 3555 sibi
860 3495 1006 3567 conscius,
1029 3496 1091 3554 adit
1112 3495 1237 3554 amicum
1259 3495 1383 3554 credito-

56 3599 121 3638 rem
144 3579 242 3653 eique‚
277 3577 522 3636 confidentialiter
543 3578 744 3636 condicionem
766 3597 848 3636 suam
871 3576 1023 3652 aperiens,
1051 3576 1138 3634 simul
1160 3577 1246 3635 offert
1274 3576 1384 3651 integri

57 3659 152 3718 debiti
174 3658 349 3717 solutionem
370 3658 488 3716 circiter
503 3659 606 3716 50000
621 3677 685 3727 mc,
707 3677 766 3715 non
781 3657 845 3714 sine
867 3675 919 3733 spe
934 3657 1006 3727 sore,
1029 3662 1062 3714 111
1082 3656 1131 3715 1110
1146 3655 1258 3715 amicus
1279 3662 1385 3733 postea

56 3739 221 3799 notabilem
242 3756 383 3796 summam
406 3738 462 3796 sibi
484 3737 577 3796 cedat.
619 3736 683 3805 Quo
704 3737 753 3807 fit,
776 3742 809 3795 ut
829 3756 898 3795 mox
919 3737 1000 3795 facta
1022 3736 1156 3796 cessione
1178 3739 1319 3797 bonorum
1340 3756 1384 3795 re·

56 3820 130 3894 liqui
154 3819 316 3878 creditores
337 3838 393 3876 non
416 3819 494 3876 ultra
516 3818 657 3876 decimam
679 3823 792 3892 partem
814 3816 968 3893 recipiant,
989 3816 1068 3875 inter
1089 3836 1162 3892 quoe
1184 3817 1273 3893 aliqui
1294 3817 1384 3877 etiam

54 3906 130 3958 sunt
151 3897 364 3974 indigentiores
387 3904 416 3957 et
437 3898 494 3956 duo
515 3898 565 3973 pia
586 3898 739 3969 instituta,
766 3917 840 3973 quae
862 3896 1000 3956 Terentio
1021 3902 1152 3956 mutuam
1173 3897 1316 3956 dederant
1336 3918 1385 3974 pe·

58 3998 186 4039 cumam.

57 4087 238 4157 Quaeramus
261 4086 289 4141 1⁰
314 4084 392 4142 sitne
414 4082 519 4158 aliquis
541 4083 612 4141 ordo
633 4082 662 4140 in
686 4081 836 4141 solvendis
858 4082 965 4141 debitis
986 4082 1174 4141 necessarius
1196 4082 1303 4158 etqui.

259 4175 289 4230 2⁰
314 4173 382 4247 quid
405 4173 439 4230 de
461 4172 567 4246 agendi
589 4173 703 4230 ratione
725 4171 855 4230 Terentii
877 4171 1030 4230 dicendum
1053 4171 1100 4230 eit.

259 4262 289 4320 3ο
315 4280 381 4319 111110
412 4260 546 4319 cessione
576 4263 718 4318 bonorum
746 4260 955 4335 exstinguatur
983 4260 1123 4335 obligatio
1153 4259 1286 4317 solvendi
1317 4259 1384 4316 sim-

314 4342 438 4417 pliciter.

655 4419 789 4485 Salutio.

149 4553 203 4618 Au
233 4574 424 4629 quausrnrn
450 4558 486 4616 1ω
517 4553 554 4617 lt.
584 4555 610 4617 1.
663 4551 766 4627 Ordo,
799 4552 925 4633 dequo
950 4551 1134 4632 quaeritur,
1165 4548 1447 4617 attendendusrsa

57 4649 129 4711 tum
153 4646 283 4709 tantum
301 4648 361 4718 est,
387 4642 514 4723 quando
539 4662 602 4705 non
619 4641 767 4704 omnibus
789 4641 887 4723 plena
910 4640 1029 4706 solutio
1046 4638 1115 4703 dari
1140 4641 1259 4720 potest.
1299 4637 1384 4704 Hinc
