<?xml version="1.0" encoding="UTF-8"?>
<!DOCTYPE html PUBLIC "-//W3C//DTD XHTML 1.0 Transitional//EN"
    "http://www.w3.org/TR/xhtml1/DTD/xhtml1-transitional.dtd">
<html xmlns="http://www.w3.org/1999/xhtml" xml:lang="en" lang="en">
 <head>
  <title>
</title>
<meta http-equiv="Content-Type" content="text/html;charset=utf-8" />
  <meta name='ocr-system' content='tesseract 3.04.00' />
  <meta name='ocr-capabilities' content='ocr_page ocr_carea ocr_par ocr_line ocrx_word'/>
</head>
<body>
  <div class='ocr_page' id='page_1' title='image "./casusconscienti01lehmgoog_0447.png"; bbox 0 0 3106 5168; ppageno 0'>
   <div class='ocr_carea' id='block_1_1' title="bbox 258 290 1388 363">
    <p class='ocr_par' dir='ltr' id='par_1_1' title="bbox 258 290 1388 363">
     <span class='ocr_line' id='line_1_1' title="bbox 258 290 1388 363; baseline 0.001 -18"><span class='ocrx_word' id='word_1_1' title='bbox 258 290 412 346; x_wconf 84' lang='lat' dir='ltr'><strong>Translatio</strong></span> <span class='ocrx_word' id='word_1_2' title='bbox 431 292 481 346; x_wconf 88' lang='lat' dir='ltr'><strong>iar.</strong></span> <span class='ocrx_word' id='word_1_3' title='bbox 500 308 526 362; x_wconf 93' lang='lat' dir='ltr'><strong>p.</strong></span> <span class='ocrx_word' id='word_1_4' title='bbox 545 296 708 346; x_wconf 89' lang='lat' dir='ltr'><strong>contractus.</strong></span> <span class='ocrx_word' id='word_1_5' title='bbox 728 321 763 329; x_wconf 84' lang='lat'>-</span> <span class='ocrx_word' id='word_1_6' title='bbox 784 295 982 346; x_wconf 80' lang='lat' dir='ltr'><strong>Conrmodotum</strong></span> <span class='ocrx_word' id='word_1_7' title='bbox 1001 297 1029 347; x_wconf 90' lang='lat' dir='ltr'><strong>et</strong></span> <span class='ocrx_word' id='word_1_8' title='bbox 1046 297 1201 362; x_wconf 80' lang='lat' dir='ltr'><strong>depositum.</strong></span> <span class='ocrx_word' id='word_1_9' title='bbox 1324 299 1388 363; x_wconf 79' lang='lat'><strong>431</strong></span> 
     </span>
    </p>
   </div>
   <div class='ocr_carea' id='block_1_2' title="bbox 64 467 1391 860">
    <p class='ocr_par' dir='ltr' id='par_1_2' title="bbox 64 467 1391 860">
     <span class='ocr_line' id='line_1_2' title="bbox 64 467 1389 547; baseline 0.002 -20"><span class='ocrx_word' id='word_1_10' title='bbox 64 488 154 539; x_wconf 87' lang='lat' dir='ltr'><strong>mam,</strong></span> <span class='ocrx_word' id='word_1_11' title='bbox 175 473 209 526; x_wconf 87' lang='lat' dir='ltr'><strong>ut</strong></span> <span class='ocrx_word' id='word_1_12' title='bbox 223 488 277 527; x_wconf 90' lang='lat' dir='ltr'><strong>suo</strong></span> <span class='ocrx_word' id='word_1_13' title='bbox 291 467 408 527; x_wconf 88' lang='lat' dir='ltr'><strong>nomine</strong></span> <span class='ocrx_word' id='word_1_14' title='bbox 423 486 489 525; x_wconf 89' lang='lat' dir='ltr'><strong>cum</strong></span> <span class='ocrx_word' id='word_1_15' title='bbox 504 487 540 526; x_wconf 88' lang='lat' dir='ltr'><strong>ea</strong></span> <span class='ocrx_word' id='word_1_16' title='bbox 553 469 729 542; x_wconf 81' lang='lat' dir='ltr'><strong>negotietur.</strong></span> <span class='ocrx_word' id='word_1_17' title='bbox 764 467 847 538; x_wconf 81' lang='lat' dir='ltr'><strong>Quod</strong></span> <span class='ocrx_word' id='word_1_18' title='bbox 862 471 980 545; x_wconf 88' lang='lat' dir='ltr'><strong>saepius</strong></span> <span class='ocrx_word' id='word_1_19' title='bbox 996 470 1104 547; x_wconf 90' lang='lat' dir='ltr'><strong>optime</strong></span> <span class='ocrx_word' id='word_1_20' title='bbox 1121 470 1213 529; x_wconf 89' lang='lat' dir='ltr'><strong>cessit</strong></span> <span class='ocrx_word' id='word_1_21' title='bbox 1233 470 1263 529; x_wconf 92' lang='grc'><strong>10</strong></span> <span class='ocrx_word' id='word_1_22' title='bbox 1278 471 1389 530; x_wconf 87' lang='lat' dir='ltr'><strong>lucrum</strong></span> 
     </span>
     <span class='ocr_line' id='line_1_3' title="bbox 65 547 1390 624; baseline 0.002 -17"><span class='ocrx_word' id='word_1_23' title='bbox 65 549 142 607; x_wconf 88' lang='lat' dir='ltr'><strong>satis</strong></span> <span class='ocrx_word' id='word_1_24' title='bbox 164 567 311 623; x_wconf 84' lang='lat' dir='ltr'><strong>maguum,</strong></span> <span class='ocrx_word' id='word_1_25' title='bbox 333 548 409 623; x_wconf 91' lang='lat' dir='ltr'><strong>quod</strong></span> <span class='ocrx_word' id='word_1_26' title='bbox 428 547 562 624; x_wconf 81' lang='lat' dir='ltr'><strong>Elpidius</strong></span> <span class='ocrx_word' id='word_1_27' title='bbox 584 547 640 607; x_wconf 86' lang='lat' dir='ltr'>sibi</span> <span class='ocrx_word' id='word_1_28' title='bbox 661 549 778 608; x_wconf 92' lang='lat' dir='ltr'><strong>retinet.</strong></span> <span class='ocrx_word' id='word_1_29' title='bbox 813 549 870 608; x_wconf 86' lang='lat' dir='ltr'><strong>Sed</strong></span> <span class='ocrx_word' id='word_1_30' title='bbox 892 550 1007 608; x_wconf 88' lang='lat' dir='ltr'><strong>demum</strong></span> <span class='ocrx_word' id='word_1_31' title='bbox 1027 551 1140 609; x_wconf 81' lang='lat' dir='ltr'><strong>infelici</strong></span> <span class='ocrx_word' id='word_1_32' title='bbox 1161 570 1233 609; x_wconf 90' lang='lat' dir='ltr'><strong>casu</strong></span> <span class='ocrx_word' id='word_1_33' title='bbox 1255 552 1390 610; x_wconf 90' lang='lat' dir='ltr'><strong>damnum</strong></span> 
     </span>
     <span class='ocr_line' id='line_1_4' title="bbox 68 626 1391 707; baseline 0.002 -20"><span class='ocrx_word' id='word_1_34' title='bbox 68 630 173 689; x_wconf 90' lang='grc'><strong>10000</strong></span> <span class='ocrx_word' id='word_1_35' title='bbox 195 647 249 688; x_wconf 89' lang='lat' dir='ltr'><strong>me.</strong></span> <span class='ocrx_word' id='word_1_36' title='bbox 272 627 393 704; x_wconf 90' lang='lat' dir='ltr'><strong>patitur.</strong></span> <span class='ocrx_word' id='word_1_37' title='bbox 435 626 527 699; x_wconf 82' lang='lat' dir='ltr'><strong>Quod,</strong></span> <span class='ocrx_word' id='word_1_38' title='bbox 549 647 614 686; x_wconf 93' lang='lat' dir='ltr'><strong>cum</strong></span> <span class='ocrx_word' id='word_1_39' title='bbox 636 648 775 705; x_wconf 87' lang='lat' dir='ltr'><strong>reparare</strong></span> <span class='ocrx_word' id='word_1_40' title='bbox 795 648 874 688; x_wconf 90' lang='grc'><strong>0000</strong></span> <span class='ocrx_word' id='word_1_41' title='bbox 895 650 955 688; x_wconf 90' lang='grc'><strong>000</strong></span> <span class='ocrx_word' id='word_1_42' title='bbox 975 631 1080 707; x_wconf 81' lang='lat' dir='ltr'>possit,</span> <span class='ocrx_word' id='word_1_43' title='bbox 1102 649 1139 688; x_wconf 89' lang='lat' dir='ltr'><strong>ne</strong></span> <span class='ocrx_word' id='word_1_44' title='bbox 1161 630 1324 705; x_wconf 86' lang='lat' dir='ltr'><strong>detegatur,</strong></span> <span class='ocrx_word' id='word_1_45' title='bbox 1345 651 1391 690; x_wconf 89' lang='lat' dir='ltr'><strong>ra·</strong></span> 
     </span>
     <span class='ocr_line' id='line_1_5' title="bbox 65 708 1390 787; baseline 0.003 -21"><span class='ocrx_word' id='word_1_46' title='bbox 65 709 164 768; x_wconf 90' lang='lat' dir='ltr'><strong>tiones</strong></span> <span class='ocrx_word' id='word_1_47' title='bbox 184 709 325 767; x_wconf 90' lang='lat' dir='ltr'><strong>librorum</strong></span> <span class='ocrx_word' id='word_1_48' title='bbox 346 708 390 766; x_wconf 84' lang='grc'><strong>010</strong></span> <span class='ocrx_word' id='word_1_49' title='bbox 410 713 520 778; x_wconf 88' lang='lat' dir='ltr'><strong>mutat,</strong></span> <span class='ocrx_word' id='word_1_50' title='bbox 542 714 576 767; x_wconf 91' lang='lat' dir='ltr'><strong>ut</strong></span> <span class='ocrx_word' id='word_1_51' title='bbox 596 715 719 786; x_wconf 86' lang='lat' dir='ltr'><strong>accepta</strong></span> <span class='ocrx_word' id='word_1_52' title='bbox 740 714 771 768; x_wconf 90' lang='lat' dir='ltr'><strong>et</strong></span> <span class='ocrx_word' id='word_1_53' title='bbox 791 728 923 786; x_wconf 87' lang='lat' dir='ltr'><strong>expensa</strong></span> <span class='ocrx_word' id='word_1_54' title='bbox 944 716 1109 787; x_wconf 77' lang='lat' dir='ltr'><strong>appareant</strong></span> <span class='ocrx_word' id='word_1_55' title='bbox 1130 712 1274 785; x_wconf 88' lang='lat' dir='ltr'><strong>aequalia,</strong></span> <span class='ocrx_word' id='word_1_56' title='bbox 1297 731 1390 787; x_wconf 90' lang='lat' dir='ltr'><strong>neque</strong></span> 
     </span>
     <span class='ocr_line' id='line_1_6' title="bbox 65 789 699 860; baseline 0.002 -13"><span class='ocrx_word' id='word_1_57' title='bbox 65 790 201 848; x_wconf 89' lang='lat' dir='ltr'><strong>defectus</strong></span> <span class='ocrx_word' id='word_1_58' title='bbox 226 791 364 860; x_wconf 81' lang='lat' dir='ltr'><strong>,cassae“</strong></span> <span class='ocrx_word' id='word_1_59' title='bbox 388 789 648 850; x_wconf 77' lang='lat' dir='ltr'><strong>animadvertatur.</strong></span> <span class='ocrx_word' id='word_1_60' title='bbox 698 829 699 833; x_wconf 55' lang='lat'><em>=</em></span> 
     </span>
    </p>
   </div>
   <div class='ocr_carea' id='block_1_3' title="bbox 66 891 1329 1078">
    <p class='ocr_par' dir='ltr' id='par_1_3' title="bbox 66 891 1329 1078">
     <span class='ocr_line' id='line_1_7' title="bbox 66 891 1329 982; baseline 0 -18"><span class='ocrx_word' id='word_1_61' title='bbox 66 891 245 973; x_wconf 68' lang='lat' dir='ltr'><strong>Qusuar&#39;rua</strong></span> <span class='ocrx_word' id='word_1_62' title='bbox 267 905 296 962; x_wconf 81' lang='grc' dir='ltr'><strong>1ο</strong></span> <span class='ocrx_word' id='word_1_63' title='bbox 321 902 359 962; x_wconf 93' lang='lat' dir='ltr'><strong>ad</strong></span> <span class='ocrx_word' id='word_1_64' title='bbox 381 922 465 979; x_wconf 90' lang='lat' dir='ltr'><strong>quem</strong></span> <span class='ocrx_word' id='word_1_65' title='bbox 487 903 656 978; x_wconf 86' lang='lat' dir='ltr'><strong>pertineant</strong></span> <span class='ocrx_word' id='word_1_66' title='bbox 675 904 758 962; x_wconf 86' lang='lat' dir='ltr'><strong>lucra</strong></span> <span class='ocrx_word' id='word_1_67' title='bbox 780 909 810 962; x_wconf 92' lang='lat' dir='ltr'><strong>et</strong></span> <span class='ocrx_word' id='word_1_68' title='bbox 831 903 945 975; x_wconf 87' lang='lat' dir='ltr'><strong>damna,</strong></span> <span class='ocrx_word' id='word_1_69' title='bbox 968 923 1042 980; x_wconf 87' lang='lat' dir='ltr'><strong>quae</strong></span> <span class='ocrx_word' id='word_1_70' title='bbox 1064 905 1196 982; x_wconf 82' lang='lat' dir='ltr'><strong>Elpidius</strong></span> <span class='ocrx_word' id='word_1_71' title='bbox 1217 904 1329 965; x_wconf 92' lang='lat' dir='ltr'><strong>fecerit.</strong></span> 
     </span>
     <span class='ocr_line' id='line_1_8' title="bbox 266 1001 872 1078; baseline 0.002 -18"><span class='ocrx_word' id='word_1_72' title='bbox 266 1003 296 1060; x_wconf 79' lang='lat'><strong>2⁰</strong></span> <span class='ocrx_word' id='word_1_73' title='bbox 321 1001 488 1078; x_wconf 84' lang='lat' dir='ltr'><strong>potueritne</strong></span> <span class='ocrx_word' id='word_1_74' title='bbox 509 1001 641 1078; x_wconf 83' lang='lat' dir='ltr'><strong>Elpidius</strong></span> <span class='ocrx_word' id='word_1_75' title='bbox 663 1008 728 1060; x_wconf 88' lang='lat' dir='ltr'><strong>arte</strong></span> <span class='ocrx_word' id='word_1_76' title='bbox 748 1001 799 1060; x_wconf 88' lang='lat' dir='ltr'><strong>illa</strong></span> <span class='ocrx_word' id='word_1_77' title='bbox 821 1002 872 1061; x_wconf 91' lang='lat' dir='ltr'><strong>uti.</strong></span> 
     </span>
    </p>
   </div>
   <div class='ocr_carea' id='block_1_4' title="bbox 661 1200 796 1268">
    <p class='ocr_par' dir='ltr' id='par_1_4' title="bbox 661 1200 796 1268">
     <span class='ocr_line' id='line_1_9' title="bbox 661 1200 796 1268; baseline -0.015 0"><span class='ocrx_word' id='word_1_78' title='bbox 661 1200 796 1268; x_wconf 84' lang='lat' dir='ltr'><strong>Solatia.</strong></span> 
     </span>
    </p>
   </div>
   <div class='ocr_carea' id='block_1_5' title="bbox 64 1351 1448 2328">
    <p class='ocr_par' dir='ltr' id='par_1_5' title="bbox 64 1351 1448 2328">
     <span class='ocr_line' id='line_1_10' title="bbox 157 1351 1448 1437; baseline -0.002 -19"><span class='ocrx_word' id='word_1_79' title='bbox 157 1355 209 1418; x_wconf 85' lang='lat' dir='ltr'><strong>An</strong></span> <span class='ocrx_word' id='word_1_80' title='bbox 225 1374 416 1429; x_wconf 75' lang='lat' dir='ltr'><strong>ouaasrruu</strong></span> <span class='ocrx_word' id='word_1_81' title='bbox 432 1357 468 1418; x_wconf 75' lang='lat' dir='ltr'><strong>1¹u</strong></span> <span class='ocrx_word' id='word_1_82' title='bbox 484 1355 523 1418; x_wconf 86' lang='lat' dir='ltr'><strong>R.</strong></span> <span class='ocrx_word' id='word_1_83' title='bbox 539 1356 567 1419; x_wconf 90' lang='lat'><strong>1.</strong></span> <span class='ocrx_word' id='word_1_84' title='bbox 594 1353 782 1419; x_wconf 84' lang='lat' dir='ltr'><strong>Generatim</strong></span> <span class='ocrx_word' id='word_1_85' title='bbox 800 1353 984 1437; x_wconf 87' lang='lat' dir='ltr'><strong>superiores</strong></span> <span class='ocrx_word' id='word_1_86' title='bbox 1000 1353 1215 1419; x_wconf 85' lang='lat' dir='ltr'><strong>auctoritates</strong></span> <span class='ocrx_word' id='word_1_87' title='bbox 1231 1351 1388 1436; x_wconf 88' lang='lat' dir='ltr'><strong>publicae,</strong></span> <span class='ocrx_word' id='word_1_88' title='bbox 1399 1369 1448 1423; x_wconf 76' lang='lat'><strong>851</strong></span> 
     </span>
     <span class='ocr_line' id='line_1_11' title="bbox 64 1441 1391 1526; baseline -0.002 -18"><span class='ocrx_word' id='word_1_89' title='bbox 64 1443 186 1509; x_wconf 87' lang='lat' dir='ltr'><strong>nedum</strong></span> <span class='ocrx_word' id='word_1_90' title='bbox 202 1463 393 1508; x_wconf 89' lang='lat' dir='ltr'><strong>consensum</strong></span> <span class='ocrx_word' id='word_1_91' title='bbox 412 1443 490 1507; x_wconf 92' lang='lat' dir='ltr'><strong>dent</strong></span> <span class='ocrx_word' id='word_1_92' title='bbox 514 1443 555 1508; x_wconf 88' lang='lat' dir='ltr'><strong>ad</strong></span> <span class='ocrx_word' id='word_1_93' title='bbox 579 1464 656 1507; x_wconf 91' lang='lat' dir='ltr'><strong>usus</strong></span> <span class='ocrx_word' id='word_1_94' title='bbox 679 1442 898 1526; x_wconf 82' lang='lat' dir='ltr'><strong>pecuniarum,</strong></span> <span class='ocrx_word' id='word_1_95' title='bbox 924 1463 1008 1524; x_wconf 89' lang='lat' dir='ltr'><strong>quae</strong></span> <span class='ocrx_word' id='word_1_96' title='bbox 1031 1443 1188 1508; x_wconf 88' lang='lat' dir='ltr'><strong>collectae</strong></span> <span class='ocrx_word' id='word_1_97' title='bbox 1211 1441 1333 1507; x_wconf 88' lang='lat' dir='ltr'><strong>fuerint</strong></span> <span class='ocrx_word' id='word_1_98' title='bbox 1357 1445 1391 1506; x_wconf 93' lang='lat' dir='ltr'><strong>et</strong></span> 
     </span>
     <span class='ocr_line' id='line_1_12' title="bbox 65 1531 1391 1615; baseline -0.002 -18"><span class='ocrx_word' id='word_1_99' title='bbox 65 1531 299 1600; x_wconf 88' lang='lat' dir='ltr'><strong>custodiendae</strong></span> <span class='ocrx_word' id='word_1_100' title='bbox 329 1533 411 1610; x_wconf 91' lang='lat' dir='ltr'><strong>sint,</strong></span> <span class='ocrx_word' id='word_1_101' title='bbox 444 1531 640 1598; x_wconf 89' lang='lat' dir='ltr'><strong>dissentiunt</strong></span> <span class='ocrx_word' id='word_1_102' title='bbox 669 1536 704 1598; x_wconf 91' lang='lat' dir='ltr'><strong>et</strong></span> <span class='ocrx_word' id='word_1_103' title='bbox 733 1532 907 1615; x_wconf 90' lang='lat' dir='ltr'><strong>prohibent</strong></span> <span class='ocrx_word' id='word_1_104' title='bbox 936 1533 1035 1598; x_wconf 88' lang='lat' dir='ltr'><strong>talem</strong></span> <span class='ocrx_word' id='word_1_105' title='bbox 1063 1553 1167 1596; x_wconf 90' lang='lat' dir='ltr'><strong>usum.</strong></span> <span class='ocrx_word' id='word_1_106' title='bbox 1214 1531 1319 1608; x_wconf 87' lang='lat' dir='ltr'><strong>Quare</strong></span> <span class='ocrx_word' id='word_1_107' title='bbox 1349 1551 1391 1595; x_wconf 92' lang='lat' dir='ltr'><strong>ne</strong></span> 
     </span>
     <span class='ocr_line' id='line_1_13' title="bbox 64 1619 1390 1705; baseline -0.001 -20"><span class='ocrx_word' id='word_1_108' title='bbox 64 1622 224 1705; x_wconf 90' lang='lat' dir='ltr'><strong>implicite</strong></span> <span class='ocrx_word' id='word_1_109' title='bbox 240 1621 369 1703; x_wconf 88' lang='lat' dir='ltr'><strong>quidem</strong></span> <span class='ocrx_word' id='word_1_110' title='bbox 385 1621 440 1686; x_wconf 88' lang='lat' dir='ltr'><strong>vel</strong></span> <span class='ocrx_word' id='word_1_111' title='bbox 463 1621 562 1687; x_wconf 90' lang='lat' dir='ltr'><strong>etiam</strong></span> <span class='ocrx_word' id='word_1_112' title='bbox 585 1621 835 1703; x_wconf 84' lang='lat' dir='ltr'><strong>interpretative</strong></span> <span class='ocrx_word' id='word_1_113' title='bbox 859 1641 899 1686; x_wconf 91' lang='lat' dir='ltr'><strong>ea</strong></span> <span class='ocrx_word' id='word_1_114' title='bbox 918 1622 1070 1686; x_wconf 87' lang='lat' dir='ltr'><strong>voluntas</strong></span> <span class='ocrx_word' id='word_1_115' title='bbox 1094 1622 1219 1698; x_wconf 90' lang='lat' dir='ltr'><strong>aderat,</strong></span> <span class='ocrx_word' id='word_1_116' title='bbox 1243 1619 1277 1684; x_wconf 89' lang='lat' dir='ltr'><strong>vi</strong></span> <span class='ocrx_word' id='word_1_117' title='bbox 1300 1619 1390 1684; x_wconf 88' lang='lat' dir='ltr'><strong>cuius</strong></span> 
     </span>
     <span class='ocr_line' id='line_1_14' title="bbox 65 1708 1390 1795; baseline -0.002 -19"><span class='ocrx_word' id='word_1_118' title='bbox 65 1710 216 1795; x_wconf 86' lang='lat' dir='ltr'><strong>Elpidius</strong></span> <span class='ocrx_word' id='word_1_119' title='bbox 244 1710 407 1793; x_wconf 87' lang='lat' dir='ltr'><strong>potuisset</strong></span> <span class='ocrx_word' id='word_1_120' title='bbox 436 1710 547 1775; x_wconf 89' lang='lat' dir='ltr'><strong>conari</strong></span> <span class='ocrx_word' id='word_1_121' title='bbox 576 1709 706 1774; x_wconf 92' lang='lat' dir='ltr'><strong>nomine</strong></span> <span class='ocrx_word' id='word_1_122' title='bbox 735 1709 804 1774; x_wconf 90' lang='lat' dir='ltr'><strong>fisci</strong></span> <span class='ocrx_word' id='word_1_123' title='bbox 835 1730 943 1792; x_wconf 85' lang='lat' dir='ltr'><strong>agere.</strong></span> <span class='ocrx_word' id='word_1_124' title='bbox 996 1709 1085 1792; x_wconf 82' lang='lat' dir='ltr'><strong>Ergo</strong></span> <span class='ocrx_word' id='word_1_125' title='bbox 1117 1731 1189 1775; x_wconf 90' lang='lat' dir='ltr'><strong>cum</strong></span> <span class='ocrx_word' id='word_1_126' title='bbox 1219 1708 1390 1793; x_wconf 89' lang='lat' dir='ltr'><strong>pecuniam</strong></span> 
     </span>
     <span class='ocr_line' id='line_1_15' title="bbox 65 1799 1391 1882; baseline -0.002 -18"><span class='ocrx_word' id='word_1_127' title='bbox 65 1803 212 1865; x_wconf 84' lang='lat' dir='ltr'><strong>sumeret</strong></span> <span class='ocrx_word' id='word_1_128' title='bbox 235 1803 269 1865; x_wconf 90' lang='lat' dir='ltr'><strong>et</strong></span> <span class='ocrx_word' id='word_1_129' title='bbox 292 1820 364 1864; x_wconf 89' lang='lat' dir='ltr'><strong>curn</strong></span> <span class='ocrx_word' id='word_1_130' title='bbox 389 1820 428 1865; x_wconf 89' lang='grc'><strong>00</strong></span> <span class='ocrx_word' id='word_1_131' title='bbox 451 1799 693 1881; x_wconf 85' lang='lat' dir='ltr'><strong>negotiaretur,</strong></span> <span class='ocrx_word' id='word_1_132' title='bbox 717 1799 856 1882; x_wconf 88' lang='lat' dir='ltr'><strong>sumpsit</strong></span> <span class='ocrx_word' id='word_1_133' title='bbox 879 1819 948 1863; x_wconf 88' lang='lat' dir='ltr'><strong>rem</strong></span> <span class='ocrx_word' id='word_1_134' title='bbox 972 1799 1112 1864; x_wconf 90' lang='lat' dir='ltr'><strong>alienam</strong></span> <span class='ocrx_word' id='word_1_135' title='bbox 1136 1804 1234 1880; x_wconf 89' lang='lat' dir='ltr'><strong>atque</strong></span> <span class='ocrx_word' id='word_1_136' title='bbox 1259 1819 1331 1863; x_wconf 90' lang='lat' dir='ltr'><strong>cum</strong></span> <span class='ocrx_word' id='word_1_137' title='bbox 1354 1818 1391 1862; x_wconf 91' lang='grc'><strong>00</strong></span> 
     </span>
     <span class='ocr_line' id='line_1_16' title="bbox 64 1887 1390 1970; baseline -0.002 -16"><span class='ocrx_word' id='word_1_138' title='bbox 64 1889 174 1954; x_wconf 88' lang='grc'><strong>011000</strong></span> <span class='ocrx_word' id='word_1_139' title='bbox 207 1887 374 1970; x_wconf 88' lang='lat' dir='ltr'><strong>negotium</strong></span> <span class='ocrx_word' id='word_1_140' title='bbox 406 1909 464 1952; x_wconf 91' lang='lat' dir='ltr'><strong>suo</strong></span> <span class='ocrx_word' id='word_1_141' title='bbox 497 1887 626 1953; x_wconf 91' lang='lat' dir='ltr'><strong>nomine</strong></span> <span class='ocrx_word' id='word_1_142' title='bbox 658 1908 814 1952; x_wconf 79' lang='lat' dir='ltr'><strong>exercens</strong></span> <span class='ocrx_word' id='word_1_143' title='bbox 845 1888 971 1952; x_wconf 88' lang='lat' dir='ltr'><strong>lucrum</strong></span> <span class='ocrx_word' id='word_1_144' title='bbox 1003 1887 1091 1954; x_wconf 91' lang='lat' dir='ltr'><strong>fecit.</strong></span> <span class='ocrx_word' id='word_1_145' title='bbox 1142 1888 1234 1965; x_wconf 87' lang='lat' dir='ltr'><strong>Quod</strong></span> <span class='ocrx_word' id='word_1_146' title='bbox 1265 1887 1390 1951; x_wconf 89' lang='lat' dir='ltr'><strong>lucrum</strong></span> 
     </span>
     <span class='ocr_line' id='line_1_17' title="bbox 65 1975 1390 2062; baseline -0.002 -20"><span class='ocrx_word' id='word_1_147' title='bbox 65 1977 187 2062; x_wconf 89' lang='lat' dir='ltr'><strong>Elpidii</strong></span> <span class='ocrx_word' id='word_1_148' title='bbox 210 1977 400 2054; x_wconf 83' lang='lat' dir='ltr'><strong>industriae,</strong></span> <span class='ocrx_word' id='word_1_149' title='bbox 425 1998 487 2041; x_wconf 91' lang='lat' dir='ltr'><strong>nou</strong></span> <span class='ocrx_word' id='word_1_150' title='bbox 512 1977 668 2060; x_wconf 90' lang='lat' dir='ltr'><strong>pecuniae</strong></span> <span class='ocrx_word' id='word_1_151' title='bbox 684 1997 748 2057; x_wconf 91' lang='lat' dir='ltr'><strong>qua</strong></span> <span class='ocrx_word' id='word_1_152' title='bbox 770 1976 830 2042; x_wconf 89' lang='grc'><strong>1011</strong></span> <span class='ocrx_word' id='word_1_153' title='bbox 846 1975 985 2042; x_wconf 88' lang='lat' dir='ltr'><strong>adscribi</strong></span> <span class='ocrx_word' id='word_1_154' title='bbox 1002 1976 1107 2042; x_wconf 88' lang='lat' dir='ltr'><strong>debet.</strong></span> <span class='ocrx_word' id='word_1_155' title='bbox 1147 1977 1243 2042; x_wconf 92' lang='lat' dir='ltr'><strong>Unde</strong></span> <span class='ocrx_word' id='word_1_156' title='bbox 1259 1975 1390 2040; x_wconf 91' lang='lat' dir='ltr'><strong>dubium</strong></span> 
     </span>
     <span class='ocr_line' id='line_1_18' title="bbox 66 2064 1390 2149; baseline -0.002 -17"><span class='ocrx_word' id='word_1_157' title='bbox 66 2089 132 2132; x_wconf 91' lang='lat' dir='ltr'><strong>non</strong></span> <span class='ocrx_word' id='word_1_158' title='bbox 156 2072 224 2143; x_wconf 88' lang='lat' dir='ltr'><strong>est,</strong></span> <span class='ocrx_word' id='word_1_159' title='bbox 249 2066 326 2148; x_wconf 89' lang='lat' dir='ltr'><strong>quin</strong></span> <span class='ocrx_word' id='word_1_160' title='bbox 348 2065 496 2149; x_wconf 82' lang='lat' dir='ltr'><strong>Elpidius</strong></span> <span class='ocrx_word' id='word_1_161' title='bbox 520 2067 662 2143; x_wconf 87' lang='lat' dir='ltr'><strong>lucrum,</strong></span> <span class='ocrx_word' id='word_1_162' title='bbox 686 2066 772 2147; x_wconf 91' lang='lat' dir='ltr'><strong>quod</strong></span> <span class='ocrx_word' id='word_1_163' title='bbox 795 2065 888 2143; x_wconf 90' lang='lat' dir='ltr'><strong>fecit,</strong></span> <span class='ocrx_word' id='word_1_164' title='bbox 917 2065 1084 2149; x_wconf 89' lang='lat' dir='ltr'><strong>percipere</strong></span> <span class='ocrx_word' id='word_1_165' title='bbox 1108 2069 1142 2130; x_wconf 89' lang='lat' dir='ltr'><strong>et</strong></span> <span class='ocrx_word' id='word_1_166' title='bbox 1164 2065 1224 2129; x_wconf 92' lang='lat' dir='ltr'><strong>sibi</strong></span> <span class='ocrx_word' id='word_1_167' title='bbox 1249 2064 1390 2130; x_wconf 90' lang='lat' dir='ltr'><strong>retinere</strong></span> 
     </span>
     <span class='ocr_line' id='line_1_19' title="bbox 66 2153 1391 2239; baseline -0.003 -18"><span class='ocrx_word' id='word_1_168' title='bbox 66 2156 181 2239; x_wconf 91' lang='lat' dir='ltr'><strong>possit,</strong></span> <span class='ocrx_word' id='word_1_169' title='bbox 207 2159 282 2222; x_wconf 89' lang='lat' dir='ltr'><strong>utut</strong></span> <span class='ocrx_word' id='word_1_170' title='bbox 304 2154 424 2221; x_wconf 90' lang='lat' dir='ltr'><strong>iniuste</strong></span> <span class='ocrx_word' id='word_1_171' title='bbox 448 2155 553 2237; x_wconf 85' lang='lat' dir='ltr'><strong>egerit</strong></span> <span class='ocrx_word' id='word_1_172' title='bbox 575 2175 656 2236; x_wconf 88' lang='lat' dir='ltr'><strong>erga</strong></span> <span class='ocrx_word' id='word_1_173' title='bbox 679 2155 801 2232; x_wconf 87' lang='lat' dir='ltr'><strong>fiscum,</strong></span> <span class='ocrx_word' id='word_1_174' title='bbox 826 2155 867 2218; x_wconf 93' lang='lat' dir='ltr'><strong>de</strong></span> <span class='ocrx_word' id='word_1_175' title='bbox 890 2153 959 2219; x_wconf 87' lang='lat' dir='ltr'><strong>eius</strong></span> <span class='ocrx_word' id='word_1_176' title='bbox 982 2153 1127 2239; x_wconf 88' lang='lat' dir='ltr'><strong>pecuniis</strong></span> <span class='ocrx_word' id='word_1_177' title='bbox 1144 2159 1258 2220; x_wconf 88' lang='lat' dir='ltr'><strong>contra</strong></span> <span class='ocrx_word' id='word_1_178' title='bbox 1274 2154 1391 2218; x_wconf 88' lang='lat' dir='ltr'><strong>volun·</strong></span> 
     </span>
     <span class='ocr_line' id='line_1_20' title="bbox 66 2243 871 2328; baseline -0.001 -17"><span class='ocrx_word' id='word_1_179' title='bbox 66 2249 173 2312; x_wconf 88' lang='lat' dir='ltr'><strong>tatem</strong></span> <span class='ocrx_word' id='word_1_180' title='bbox 196 2244 338 2328; x_wconf 88' lang='lat' dir='ltr'><strong>supremi</strong></span> <span class='ocrx_word' id='word_1_181' title='bbox 361 2243 639 2309; x_wconf 87' lang='lat' dir='ltr'><strong>administratoris</strong></span> <span class='ocrx_word' id='word_1_182' title='bbox 662 2243 871 2327; x_wconf 89' lang='lat' dir='ltr'><strong>disponendo.</strong></span> 
     </span>
    </p>
   </div>
   <div class='ocr_carea' id='block_1_6' title="bbox 65 2348 1421 2612">
    <p class='ocr_par' dir='ltr' id='par_1_6' title="bbox 65 2348 1421 2612">
     <span class='ocr_line' id='line_1_21' title="bbox 157 2348 1390 2433; baseline -0.002 -18"><span class='ocrx_word' id='word_1_183' title='bbox 157 2351 195 2417; x_wconf 91' lang='lat' dir='ltr'><strong>R.</strong></span> <span class='ocrx_word' id='word_1_184' title='bbox 214 2354 244 2417; x_wconf 86' lang='lat'><strong>2.</strong></span> <span class='ocrx_word' id='word_1_185' title='bbox 279 2352 402 2415; x_wconf 88' lang='lat' dir='ltr'><strong>Verum</strong></span> <span class='ocrx_word' id='word_1_186' title='bbox 426 2349 510 2416; x_wconf 91' lang='lat' dir='ltr'><strong>sicut</strong></span> <span class='ocrx_word' id='word_1_187' title='bbox 532 2350 657 2414; x_wconf 90' lang='lat' dir='ltr'><strong>lucrum</strong></span> <span class='ocrx_word' id='word_1_188' title='bbox 680 2350 791 2415; x_wconf 89' lang='lat' dir='ltr'><strong>facere</strong></span> <span class='ocrx_word' id='word_1_189' title='bbox 814 2349 930 2433; x_wconf 89' lang='lat' dir='ltr'><strong>potuit,</strong></span> <span class='ocrx_word' id='word_1_190' title='bbox 954 2349 1003 2415; x_wconf 97' lang='grc'><strong>110</strong></span> <span class='ocrx_word' id='word_1_191' title='bbox 1018 2349 1116 2415; x_wconf 89' lang='lat' dir='ltr'><strong>etiam</strong></span> <span class='ocrx_word' id='word_1_192' title='bbox 1134 2348 1287 2414; x_wconf 89' lang='lat' dir='ltr'><strong>damnum</strong></span> <span class='ocrx_word' id='word_1_193' title='bbox 1303 2348 1390 2413; x_wconf 89' lang='lat' dir='ltr'><strong>ferre</strong></span> 
     </span>
     <span class='ocr_line' id='line_1_22' title="bbox 67 2438 1421 2524; baseline -0.001 -20"><span class='ocrx_word' id='word_1_194' title='bbox 67 2441 175 2506; x_wconf 89' lang='lat' dir='ltr'><strong>debet.</strong></span> <span class='ocrx_word' id='word_1_195' title='bbox 223 2439 428 2524; x_wconf 88' lang='lat' dir='ltr'><strong>Quapropter</strong></span> <span class='ocrx_word' id='word_1_196' title='bbox 459 2439 638 2504; x_wconf 87' lang='lat' dir='ltr'><strong>certissime</strong></span> <span class='ocrx_word' id='word_1_197' title='bbox 668 2438 796 2504; x_wconf 91' lang='lat' dir='ltr'><strong>debitor</strong></span> <span class='ocrx_word' id='word_1_198' title='bbox 825 2443 876 2505; x_wconf 88' lang='lat' dir='ltr'><strong>est</strong></span> <span class='ocrx_word' id='word_1_199' title='bbox 905 2444 940 2506; x_wconf 88' lang='lat' dir='ltr'><strong>et</strong></span> <span class='ocrx_word' id='word_1_200' title='bbox 969 2443 1082 2506; x_wconf 87' lang='lat' dir='ltr'><strong>manet</strong></span> <span class='ocrx_word' id='word_1_201' title='bbox 1110 2438 1238 2504; x_wconf 91' lang='lat' dir='ltr'><strong>illorum</strong></span> <span class='ocrx_word' id='word_1_202' title='bbox 1268 2441 1309 2503; x_wconf 94' lang='grc'><strong>10</strong></span> <span class='ocrx_word' id='word_1_203' title='bbox 1331 2438 1390 2502; x_wconf 90' lang='lat' dir='ltr'><strong>mi·</strong></span> <span class='ocrx_word' id='word_1_204' title='bbox 1419 2516 1421 2521; x_wconf 17' lang='grc' dir='ltr'><strong><em>ι</em></strong></span> 
     </span>
     <span class='ocr_line' id='line_1_23' title="bbox 65 2527 1392 2612; baseline -0.001 -19"><span class='ocrx_word' id='word_1_205' title='bbox 65 2530 146 2594; x_wconf 93' lang='lat' dir='ltr'><strong>lium</strong></span> <span class='ocrx_word' id='word_1_206' title='bbox 169 2550 231 2595; x_wconf 87' lang='lat' dir='ltr'><strong>mc.</strong></span> <span class='ocrx_word' id='word_1_207' title='bbox 278 2528 365 2593; x_wconf 86' lang='lat' dir='ltr'><strong>Nam</strong></span> <span class='ocrx_word' id='word_1_208' title='bbox 389 2529 417 2593; x_wconf 94' lang='lat' dir='ltr'><strong>si</strong></span> <span class='ocrx_word' id='word_1_209' title='bbox 440 2528 505 2593; x_wconf 91' lang='lat' dir='ltr'><strong>iam</strong></span> <span class='ocrx_word' id='word_1_210' title='bbox 529 2528 803 2594; x_wconf 88' lang='lat' dir='ltr'><strong>commodatarius</strong></span> <span class='ocrx_word' id='word_1_211' title='bbox 827 2533 960 2612; x_wconf 91' lang='lat' dir='ltr'><strong>propter</strong></span> <span class='ocrx_word' id='word_1_212' title='bbox 983 2550 1077 2593; x_wconf 88' lang='lat' dir='ltr'><strong>usum</strong></span> <span class='ocrx_word' id='word_1_213' title='bbox 1100 2527 1157 2606; x_wconf 87' lang='lat' dir='ltr'><strong>rei,</strong></span> <span class='ocrx_word' id='word_1_214' title='bbox 1183 2548 1279 2610; x_wconf 92' lang='lat' dir='ltr'><strong>quem</strong></span> <span class='ocrx_word' id='word_1_215' title='bbox 1303 2528 1392 2593; x_wconf 89' lang='lat' dir='ltr'><strong>ultra</strong></span> 
     </span>
    </p>
   </div>
   <div class='ocr_carea' id='block_1_7' title="bbox 66 2616 1391 2862">
    <p class='ocr_par' dir='ltr' id='par_1_7' title="bbox 66 2616 1391 2862">
     <span class='ocr_line' id='line_1_24' title="bbox 66 2616 1390 2701; baseline -0.001 -18"><span class='ocrx_word' id='word_1_216' title='bbox 66 2618 309 2683; x_wconf 88' lang='lat' dir='ltr'><strong>concessionem</strong></span> <span class='ocrx_word' id='word_1_217' title='bbox 340 2617 401 2682; x_wconf 91' lang='lat' dir='ltr'><strong>sibi</strong></span> <span class='ocrx_word' id='word_1_218' title='bbox 432 2621 585 2701; x_wconf 88' lang='lat' dir='ltr'><strong>usurpat,</strong></span> <span class='ocrx_word' id='word_1_219' title='bbox 617 2617 656 2682; x_wconf 91' lang='lat' dir='ltr'><strong>de</strong></span> <span class='ocrx_word' id='word_1_220' title='bbox 680 2617 798 2682; x_wconf 87' lang='lat' dir='ltr'><strong>damno</strong></span> <span class='ocrx_word' id='word_1_221' title='bbox 822 2617 959 2683; x_wconf 90' lang='lat' dir='ltr'><strong>fortuito</strong></span> <span class='ocrx_word' id='word_1_222' title='bbox 990 2638 1108 2682; x_wconf 88' lang='lat' dir='ltr'><strong>cavere</strong></span> <span class='ocrx_word' id='word_1_223' title='bbox 1131 2617 1244 2696; x_wconf 93' lang='lat' dir='ltr'><strong>debet,</strong></span> <span class='ocrx_word' id='word_1_224' title='bbox 1275 2616 1390 2701; x_wconf 89' lang='lat' dir='ltr'><strong>apari</strong></span> 
     </span>
     <span class='ocr_line' id='line_1_25' title="bbox 66 2705 1391 2789; baseline 0 -18"><span class='ocrx_word' id='word_1_225' title='bbox 66 2707 120 2772; x_wconf 91' lang='lat' dir='ltr'><strong>vel</strong></span> <span class='ocrx_word' id='word_1_226' title='bbox 152 2728 172 2772; x_wconf 90' lang='lat' dir='ltr'><strong>a</strong></span> <span class='ocrx_word' id='word_1_227' title='bbox 202 2707 338 2772; x_wconf 90' lang='lat' dir='ltr'><strong>fortiore</strong></span> <span class='ocrx_word' id='word_1_228' title='bbox 363 2706 598 2789; x_wconf 88' lang='lat' dir='ltr'><strong>depositarius,</strong></span> <span class='ocrx_word' id='word_1_229' title='bbox 631 2705 722 2772; x_wconf 89' lang='lat' dir='ltr'><strong>cuius</strong></span> <span class='ocrx_word' id='word_1_230' title='bbox 752 2706 860 2771; x_wconf 91' lang='lat' dir='ltr'><strong>nullus</strong></span> <span class='ocrx_word' id='word_1_231' title='bbox 892 2708 939 2772; x_wconf 92' lang='lat' dir='ltr'><strong>rei</strong></span> <span class='ocrx_word' id='word_1_232' title='bbox 970 2706 1201 2772; x_wconf 87' lang='lat' dir='ltr'><strong>custodiendae</strong></span> <span class='ocrx_word' id='word_1_233' title='bbox 1232 2727 1309 2771; x_wconf 91' lang='lat' dir='ltr'><strong>usus</strong></span> <span class='ocrx_word' id='word_1_234' title='bbox 1339 2710 1391 2771; x_wconf 91' lang='lat' dir='ltr'><strong>est</strong></span> 
     </span>
     <span class='ocr_line' id='line_1_26' title="bbox 67 2818 252 2862; baseline -0.011 0"><span class='ocrx_word' id='word_1_235' title='bbox 67 2818 252 2862; x_wconf 87' lang='lat' dir='ltr'><strong>concessus.</strong></span> 
     </span>
    </p>
   </div>
   <div class='ocr_carea' id='block_1_8' title="bbox 66 2909 1450 3707">
    <p class='ocr_par' dir='ltr' id='par_1_8' title="bbox 66 2909 1450 3707">
     <span class='ocr_line' id='line_1_27' title="bbox 158 2909 1450 2992; baseline 0.002 -16"><span class='ocrx_word' id='word_1_236' title='bbox 158 2912 486 2987; x_wconf 63' lang='grc'><strong>0000000000002111</strong></span> <span class='ocrx_word' id='word_1_237' title='bbox 515 2910 555 2976; x_wconf 87' lang='lat' dir='ltr'><strong>R.</strong></span> <span class='ocrx_word' id='word_1_238' title='bbox 583 2913 611 2976; x_wconf 89' lang='lat'><strong>1.</strong></span> <span class='ocrx_word' id='word_1_239' title='bbox 657 2909 805 2992; x_wconf 87' lang='lat' dir='ltr'><strong>Elpidius</strong></span> <span class='ocrx_word' id='word_1_240' title='bbox 834 2914 924 2975; x_wconf 86' lang='lat' dir='ltr'><strong>certo</strong></span> <span class='ocrx_word' id='word_1_241' title='bbox 953 2909 1065 2974; x_wconf 89' lang='lat' dir='ltr'><strong>illicite</strong></span> <span class='ocrx_word' id='word_1_242' title='bbox 1089 2909 1158 2990; x_wconf 83' lang='lat' dir='ltr'><strong>egit</strong></span> <span class='ocrx_word' id='word_1_243' title='bbox 1184 2910 1309 2975; x_wconf 87' lang='lat' dir='ltr'><strong>alienas</strong></span> <span class='ocrx_word' id='word_1_244' title='bbox 1332 2930 1388 2992; x_wconf 84' lang='lat' dir='ltr'><strong>pe·</strong></span> <span class='ocrx_word' id='word_1_245' title='bbox 1399 2924 1450 2979; x_wconf 84' lang='lat'><strong>852</strong></span> 
     </span>
     <span class='ocr_line' id='line_1_28' title="bbox 67 2997 1389 3083; baseline -0.002 -18"><span class='ocrx_word' id='word_1_246' title='bbox 67 3001 181 3066; x_wconf 82' lang='lat' dir='ltr'><strong>cuniae</strong></span> <span class='ocrx_word' id='word_1_247' title='bbox 205 3000 405 3083; x_wconf 90' lang='lat' dir='ltr'><strong>usurpando,</strong></span> <span class='ocrx_word' id='word_1_248' title='bbox 430 2999 536 3080; x_wconf 85' lang='lat' dir='ltr'><strong>magis</strong></span> <span class='ocrx_word' id='word_1_249' title='bbox 560 2998 658 3063; x_wconf 90' lang='lat' dir='ltr'><strong>etiam</strong></span> <span class='ocrx_word' id='word_1_250' title='bbox 683 2999 714 3062; x_wconf 94' lang='grc'><strong>10</strong></span> <span class='ocrx_word' id='word_1_251' title='bbox 739 2998 916 3083; x_wconf 91' lang='lat' dir='ltr'><strong>periculum</strong></span> <span class='ocrx_word' id='word_1_252' title='bbox 940 2998 1130 3063; x_wconf 87' lang='lat' dir='ltr'><strong>inducenda.</strong></span> <span class='ocrx_word' id='word_1_253' title='bbox 1178 2997 1269 3074; x_wconf 86' lang='lat' dir='ltr'><strong>Quod</strong></span> <span class='ocrx_word' id='word_1_254' title='bbox 1292 3019 1389 3080; x_wconf 87' lang='lat' dir='ltr'><strong>geae-</strong></span> 
     </span>
     <span class='ocr_line' id='line_1_29' title="bbox 67 3087 1389 3172; baseline -0.002 -18"><span class='ocrx_word' id='word_1_255' title='bbox 67 3090 166 3156; x_wconf 89' lang='lat' dir='ltr'><strong>ratim</strong></span> <span class='ocrx_word' id='word_1_256' title='bbox 183 3110 204 3154; x_wconf 91' lang='lat' dir='ltr'><strong>a</strong></span> <span class='ocrx_word' id='word_1_257' title='bbox 219 3094 354 3172; x_wconf 91' lang='lat' dir='ltr'><strong>peccato</strong></span> <span class='ocrx_word' id='word_1_258' title='bbox 377 3088 472 3170; x_wconf 84' lang='lat' dir='ltr'><strong>gravi</strong></span> <span class='ocrx_word' id='word_1_259' title='bbox 497 3088 609 3169; x_wconf 91' lang='lat' dir='ltr'><strong>nequit</strong></span> <span class='ocrx_word' id='word_1_260' title='bbox 633 3087 793 3154; x_wconf 85' lang='lat' dir='ltr'><strong>excusari.</strong></span> <span class='ocrx_word' id='word_1_261' title='bbox 833 3087 1040 3153; x_wconf 87' lang='lat' dir='ltr'><strong>Solummodo</strong></span> <span class='ocrx_word' id='word_1_262' title='bbox 1064 3087 1096 3150; x_wconf 92' lang='lat' dir='ltr'><strong>in</strong></span> <span class='ocrx_word' id='word_1_263' title='bbox 1121 3087 1389 3152; x_wconf 85' lang='lat' dir='ltr'><strong>extraordinariis</strong></span> 
     </span>
     <span class='ocr_line' id='line_1_30' title="bbox 68 3175 1389 3258; baseline -0.003 -14"><span class='ocrx_word' id='word_1_264' title='bbox 68 3178 339 3256; x_wconf 55' lang='lat' dir='ltr'><strong>circumstantiis</strong></span> <span class='ocrx_word' id='word_1_265' title='bbox 370 3179 399 3242; x_wconf 92' lang='lat' dir='ltr'><strong>si</strong></span> <span class='ocrx_word' id='word_1_266' title='bbox 429 3181 517 3242; x_wconf 88' lang='lat' dir='ltr'><strong>esset</strong></span> <span class='ocrx_word' id='word_1_267' title='bbox 546 3178 578 3240; x_wconf 93' lang='grc'><strong>10</strong></span> <span class='ocrx_word' id='word_1_268' title='bbox 608 3181 837 3242; x_wconf 85' lang='lat' dir='ltr'><strong>momentanea</strong></span> <span class='ocrx_word' id='word_1_269' title='bbox 867 3176 976 3258; x_wconf 88' lang='lat' dir='ltr'><strong>aliqua</strong></span> <span class='ocrx_word' id='word_1_270' title='bbox 1004 3175 1199 3241; x_wconf 86' lang='lat' dir='ltr'><strong>necessitate</strong></span> <span class='ocrx_word' id='word_1_271' title='bbox 1230 3179 1264 3241; x_wconf 91' lang='lat' dir='ltr'><strong>et</strong></span> <span class='ocrx_word' id='word_1_272' title='bbox 1292 3175 1389 3240; x_wconf 90' lang='lat' dir='ltr'><strong>simul</strong></span> 
     </span>
     <span class='ocr_line' id='line_1_31' title="bbox 67 3264 1389 3353; baseline -0.003 -20"><span class='ocrx_word' id='word_1_273' title='bbox 67 3269 166 3353; x_wconf 90' lang='lat' dir='ltr'><strong>plane</strong></span> <span class='ocrx_word' id='word_1_274' title='bbox 190 3276 292 3332; x_wconf 82' lang='lat' dir='ltr'><strong>certus</strong></span> <span class='ocrx_word' id='word_1_275' title='bbox 315 3275 393 3333; x_wconf 78' lang='lat' dir='ltr'><strong>esset</strong></span> <span class='ocrx_word' id='word_1_276' title='bbox 421 3287 456 3330; x_wconf 87' lang='lat' dir='ltr'><strong>se</strong></span> <span class='ocrx_word' id='word_1_277' title='bbox 480 3266 573 3330; x_wconf 91' lang='lat' dir='ltr'><strong>brevi</strong></span> <span class='ocrx_word' id='word_1_278' title='bbox 596 3265 726 3330; x_wconf 90' lang='lat' dir='ltr'><strong>omnino</strong></span> <span class='ocrx_word' id='word_1_279' title='bbox 749 3269 896 3348; x_wconf 90' lang='lat' dir='ltr'><strong>tempore</strong></span> <span class='ocrx_word' id='word_1_280' title='bbox 919 3285 1077 3348; x_wconf 88' lang='lat' dir='ltr'><strong>reponere</strong></span> <span class='ocrx_word' id='word_1_281' title='bbox 1099 3264 1269 3349; x_wconf 88' lang='lat' dir='ltr'><strong>pecuniam</strong></span> <span class='ocrx_word' id='word_1_282' title='bbox 1294 3285 1389 3349; x_wconf 89' lang='lat' dir='ltr'><strong>posse</strong></span> 
     </span>
     <span class='ocr_line' id='line_1_32' title="bbox 68 3353 1388 3440; baseline -0.004 -17"><span class='ocrx_word' id='word_1_283' title='bbox 68 3377 174 3438; x_wconf 89' lang='lat' dir='ltr'><strong>neque</strong></span> <span class='ocrx_word' id='word_1_284' title='bbox 196 3356 323 3422; x_wconf 88' lang='lat' dir='ltr'><strong>interea</strong></span> <span class='ocrx_word' id='word_1_285' title='bbox 346 3355 524 3440; x_wconf 89' lang='lat' dir='ltr'><strong>periculum</strong></span> <span class='ocrx_word' id='word_1_286' title='bbox 548 3376 631 3431; x_wconf 89' lang='lat' dir='ltr'><strong>esse,</strong></span> <span class='ocrx_word' id='word_1_287' title='bbox 655 3355 731 3436; x_wconf 91' lang='lat' dir='ltr'><strong>quin</strong></span> <span class='ocrx_word' id='word_1_288' title='bbox 756 3359 923 3436; x_wconf 85' lang='lat' dir='ltr'><strong>tamquam</strong></span> <span class='ocrx_word' id='word_1_289' title='bbox 940 3354 980 3419; x_wconf 92' lang='lat' dir='ltr'><strong>de</strong></span> <span class='ocrx_word' id='word_1_290' title='bbox 1002 3353 1118 3418; x_wconf 91' lang='lat' dir='ltr'><strong>fraude</strong></span> <span class='ocrx_word' id='word_1_291' title='bbox 1141 3353 1313 3418; x_wconf 88' lang='lat' dir='ltr'><strong>commissa</strong></span> <span class='ocrx_word' id='word_1_292' title='bbox 1332 3353 1388 3418; x_wconf 90' lang='lat' dir='ltr'><strong>de·</strong></span> 
     </span>
     <span class='ocr_line' id='line_1_33' title="bbox 66 3442 1388 3531; baseline -0.004 -20"><span class='ocrx_word' id='word_1_293' title='bbox 66 3447 341 3531; x_wconf 88' lang='lat' dir='ltr'><strong>prehenderetur:</strong></span> <span class='ocrx_word' id='word_1_294' title='bbox 366 3467 430 3510; x_wconf 92' lang='lat' dir='ltr'><strong>non</strong></span> <span class='ocrx_word' id='word_1_295' title='bbox 447 3444 601 3509; x_wconf 87' lang='lat' dir='ltr'><strong>auderem</strong></span> <span class='ocrx_word' id='word_1_296' title='bbox 617 3443 780 3526; x_wconf 86' lang='lat' dir='ltr'><strong>Elpidium</strong></span> <span class='ocrx_word' id='word_1_297' title='bbox 802 3447 912 3528; x_wconf 79' lang='grc'><strong>000010</strong></span> <span class='ocrx_word' id='word_1_298' title='bbox 934 3442 1062 3526; x_wconf 86' lang='grc'><strong>0000011</strong></span> <span class='ocrx_word' id='word_1_299' title='bbox 1078 3463 1225 3525; x_wconf 87' lang='lat' dir='ltr'><strong>arguere,</strong></span> <span class='ocrx_word' id='word_1_300' title='bbox 1250 3443 1278 3507; x_wconf 92' lang='lat' dir='ltr'><strong>si</strong></span> <span class='ocrx_word' id='word_1_301' title='bbox 1299 3464 1388 3507; x_wconf 88' lang='lat' dir='ltr'><strong>sum-</strong></span> 
     </span>
     <span class='ocr_line' id='line_1_34' title="bbox 67 3531 1388 3618; baseline -0.002 -18"><span class='ocrx_word' id='word_1_302' title='bbox 67 3557 155 3601; x_wconf 90' lang='lat' dir='ltr'><strong>mam</strong></span> <span class='ocrx_word' id='word_1_303' title='bbox 186 3535 327 3617; x_wconf 91' lang='lat' dir='ltr'><strong>aliquam</strong></span> <span class='ocrx_word' id='word_1_304' title='bbox 359 3538 549 3618; x_wconf 87' lang='lat' dir='ltr'><strong>usurparet,</strong></span> <span class='ocrx_word' id='word_1_305' title='bbox 581 3554 673 3611; x_wconf 88' lang='lat' dir='ltr'><strong>mox,</strong></span> <span class='ocrx_word' id='word_1_306' title='bbox 704 3532 860 3610; x_wconf 81' lang='grc'><strong>0110101,</strong></span> <span class='ocrx_word' id='word_1_307' title='bbox 891 3531 1114 3598; x_wconf 88' lang='lat' dir='ltr'><strong>restituturus.</strong></span> <span class='ocrx_word' id='word_1_308' title='bbox 1160 3531 1247 3597; x_wconf 90' lang='lat' dir='ltr'><strong>Nam</strong></span> <span class='ocrx_word' id='word_1_309' title='bbox 1271 3532 1305 3597; x_wconf 92' lang='lat' dir='ltr'><strong>in</strong></span> <span class='ocrx_word' id='word_1_310' title='bbox 1326 3531 1388 3597; x_wconf 92' lang='lat' dir='ltr'><strong>hoc</strong></span> 
     </span>
     <span class='ocr_line' id='line_1_35' title="bbox 67 3620 1148 3707; baseline -0.003 -17"><span class='ocrx_word' id='word_1_311' title='bbox 67 3646 146 3691; x_wconf 88' lang='lat' dir='ltr'><strong>casu</strong></span> <span class='ocrx_word' id='word_1_312' title='bbox 171 3644 275 3706; x_wconf 91' lang='lat' dir='ltr'><strong>neque</strong></span> <span class='ocrx_word' id='word_1_313' title='bbox 299 3625 452 3688; x_wconf 88' lang='lat' dir='ltr'><strong>damnum</strong></span> <span class='ocrx_word' id='word_1_314' title='bbox 475 3643 580 3704; x_wconf 89' lang='lat' dir='ltr'><strong>neque</strong></span> <span class='ocrx_word' id='word_1_315' title='bbox 604 3621 711 3686; x_wconf 89' lang='lat' dir='ltr'><strong>damni</strong></span> <span class='ocrx_word' id='word_1_316' title='bbox 734 3621 913 3707; x_wconf 90' lang='lat' dir='ltr'><strong>periculum</strong></span> <span class='ocrx_word' id='word_1_317' title='bbox 936 3623 1015 3686; x_wconf 91' lang='lat' dir='ltr'><strong>fisco</strong></span> <span class='ocrx_word' id='word_1_318' title='bbox 1038 3620 1148 3687; x_wconf 89' lang='lat' dir='ltr'><strong>infert.</strong></span> 
     </span>
    </p>
   </div>
   <div class='ocr_carea' id='block_1_9' title="bbox 61 3727 1389 4727">
    <p class='ocr_par' dir='ltr' id='par_1_9' title="bbox 65 3727 1389 3991">
     <span class='ocr_line' id='line_1_36' title="bbox 157 3727 1389 3813; baseline -0.001 -19"><span class='ocrx_word' id='word_1_319' title='bbox 157 3730 196 3796; x_wconf 83' lang='lat' dir='ltr'><strong>R.</strong></span> <span class='ocrx_word' id='word_1_320' title='bbox 222 3734 252 3797; x_wconf 82' lang='lat'><strong>2.</strong></span> <span class='ocrx_word' id='word_1_321' title='bbox 299 3729 363 3795; x_wconf 87' lang='lat' dir='ltr'><strong>Sed</strong></span> <span class='ocrx_word' id='word_1_322' title='bbox 386 3728 544 3812; x_wconf 82' lang='lat' dir='ltr'><strong>Elpidius,</strong></span> <span class='ocrx_word' id='word_1_323' title='bbox 571 3732 744 3813; x_wconf 87' lang='lat' dir='ltr'><strong>postquam</strong></span> <span class='ocrx_word' id='word_1_324' title='bbox 768 3728 888 3794; x_wconf 90' lang='lat' dir='ltr'><strong>iniuste</strong></span> <span class='ocrx_word' id='word_1_325' title='bbox 913 3727 1120 3811; x_wconf 85' lang='lat' dir='ltr'><strong>usurpaverit</strong></span> <span class='ocrx_word' id='word_1_326' title='bbox 1142 3727 1297 3810; x_wconf 90' lang='lat' dir='ltr'><strong>pecunias</strong></span> <span class='ocrx_word' id='word_1_327' title='bbox 1319 3728 1389 3793; x_wconf 90' lang='lat' dir='ltr'><strong>fisci</strong></span> 
     </span>
     <span class='ocr_line' id='line_1_37' title="bbox 67 3816 1388 3901; baseline -0.002 -16"><span class='ocrx_word' id='word_1_328' title='bbox 67 3819 165 3901; x_wconf 91' lang='lat' dir='ltr'><strong>idque</strong></span> <span class='ocrx_word' id='word_1_329' title='bbox 195 3819 317 3884; x_wconf 87' lang='lat' dir='ltr'><strong>infelici</strong></span> <span class='ocrx_word' id='word_1_330' title='bbox 341 3824 477 3897; x_wconf 90' lang='lat' dir='ltr'><strong>eventu,</strong></span> <span class='ocrx_word' id='word_1_331' title='bbox 509 3818 573 3882; x_wconf 91' lang='lat' dir='ltr'><strong>iam</strong></span> <span class='ocrx_word' id='word_1_332' title='bbox 597 3819 630 3882; x_wconf 91' lang='grc'><strong>10</strong></span> <span class='ocrx_word' id='word_1_333' title='bbox 654 3817 848 3899; x_wconf 82' lang='lat' dir='ltr'><strong>grauissimo</strong></span> <span class='ocrx_word' id='word_1_334' title='bbox 873 3817 1057 3882; x_wconf 89' lang='lat' dir='ltr'><strong>discrimine</strong></span> <span class='ocrx_word' id='word_1_335' title='bbox 1081 3821 1147 3894; x_wconf 90' lang='lat' dir='ltr'><strong>est,</strong></span> <span class='ocrx_word' id='word_1_336' title='bbox 1179 3816 1241 3881; x_wconf 88' lang='lat' dir='ltr'><strong>nisi</strong></span> <span class='ocrx_word' id='word_1_337' title='bbox 1264 3816 1388 3882; x_wconf 89' lang='lat' dir='ltr'><strong>factum</strong></span> 
     </span>
     <span class='ocr_line' id='line_1_38' title="bbox 65 3912 288 3991; baseline 0 -17"><span class='ocrx_word' id='word_1_338' title='bbox 65 3931 161 3974; x_wconf 88' lang='lat' dir='ltr'><strong>suurn</strong></span> <span class='ocrx_word' id='word_1_339' title='bbox 185 3912 288 3991; x_wconf 82' lang='lat' dir='ltr'><strong>tegat.</strong></span> 
     </span>
    </p>

    <p class='ocr_par' dir='ltr' id='par_1_10' title="bbox 65 4002 1388 4270">
     <span class='ocr_line' id='line_1_39' title="bbox 156 4002 1388 4079; baseline -0.002 -9"><span class='ocrx_word' id='word_1_340' title='bbox 156 4005 374 4070; x_wconf 90' lang='lat' dir='ltr'><strong>Nihilominus</strong></span> <span class='ocrx_word' id='word_1_341' title='bbox 390 4004 557 4069; x_wconf 89' lang='lat' dir='ltr'><strong>mendacio</strong></span> <span class='ocrx_word' id='word_1_342' title='bbox 582 4004 649 4073; x_wconf 86' lang='lat' dir='ltr'><strong>sive</strong></span> <span class='ocrx_word' id='word_1_343' title='bbox 666 4003 789 4069; x_wconf 84' lang='lat' dir='ltr'><strong>verbali</strong></span> <span class='ocrx_word' id='word_1_344' title='bbox 813 4004 884 4068; x_wconf 86' lang='lat' dir='ltr'><strong>sive</strong></span> <span class='ocrx_word' id='word_1_345' title='bbox 900 4004 980 4071; x_wconf 87' lang='lat' dir='ltr'><strong>reali</strong></span> <span class='ocrx_word' id='word_1_346' title='bbox 1004 4003 1052 4069; x_wconf 93' lang='lat' dir='ltr'><strong>uti</strong></span> <span class='ocrx_word' id='word_1_347' title='bbox 1076 4004 1241 4068; x_wconf 90' lang='lat' dir='ltr'><strong>nonlicet.</strong></span> <span class='ocrx_word' id='word_1_348' title='bbox 1282 4002 1388 4079; x_wconf 87' lang='lat' dir='ltr'><strong>Quare</strong></span> 
     </span>
     <span class='ocr_line' id='line_1_40' title="bbox 66 4091 1385 4177; baseline -0.004 -16"><span class='ocrx_word' id='word_1_349' title='bbox 66 4095 94 4161; x_wconf 94' lang='lat' dir='ltr'><strong>si</strong></span> <span class='ocrx_word' id='word_1_350' title='bbox 122 4095 222 4161; x_wconf 92' lang='lat' dir='ltr'><strong>libros</strong></span> <span class='ocrx_word' id='word_1_351' title='bbox 245 4095 409 4160; x_wconf 87' lang='lat' dir='ltr'><strong>rationum</strong></span> <span class='ocrx_word' id='word_1_352' title='bbox 430 4095 599 4177; x_wconf 80' lang='lat' dir='ltr'><strong>falsificat,</strong></span> <span class='ocrx_word' id='word_1_353' title='bbox 630 4093 760 4158; x_wconf 87' lang='lat' dir='ltr'><strong>etiamsi</strong></span> <span class='ocrx_word' id='word_1_354' title='bbox 789 4093 890 4159; x_wconf 88' lang='lat' dir='ltr'><strong>habet</strong></span> <span class='ocrx_word' id='word_1_355' title='bbox 919 4093 1133 4159; x_wconf 85' lang='lat' dir='ltr'><strong>intentionem</strong></span> <span class='ocrx_word' id='word_1_356' title='bbox 1157 4091 1266 4157; x_wconf 91' lang='lat' dir='ltr'><strong>damni</strong></span> <span class='ocrx_word' id='word_1_357' title='bbox 1290 4113 1385 4174; x_wconf 86' lang='lat' dir='ltr'><strong>quarn</strong></span> 
     </span>
     <span class='ocr_line' id='line_1_41' title="bbox 65 4182 1149 4270; baseline -0.003 -20"><span class='ocrx_word' id='word_1_358' title='bbox 65 4186 205 4270; x_wconf 87' lang='lat' dir='ltr'><strong>primum</strong></span> <span class='ocrx_word' id='word_1_359' title='bbox 230 4184 414 4267; x_wconf 87' lang='lat' dir='ltr'><strong>reparandi,</strong></span> <span class='ocrx_word' id='word_1_360' title='bbox 439 4204 568 4266; x_wconf 89' lang='lat' dir='ltr'><strong>semper</strong></span> <span class='ocrx_word' id='word_1_361' title='bbox 591 4189 760 4265; x_wconf 90' lang='lat' dir='ltr'><strong>peccatum</strong></span> <span class='ocrx_word' id='word_1_362' title='bbox 784 4182 958 4249; x_wconf 91' lang='lat' dir='ltr'><strong>committit</strong></span> <span class='ocrx_word' id='word_1_363' title='bbox 982 4182 1149 4247; x_wconf 88' lang='lat' dir='ltr'><strong>mendacii.</strong></span> 
     </span>
    </p>

    <p class='ocr_par' dir='ltr' id='par_1_11' title="bbox 64 4278 1387 4545">
     <span class='ocr_line' id='line_1_42' title="bbox 157 4278 1386 4365; baseline -0.003 -19"><span class='ocrx_word' id='word_1_364' title='bbox 157 4283 293 4365; x_wconf 89' lang='lat' dir='ltr'><strong>Insuper</strong></span> <span class='ocrx_word' id='word_1_365' title='bbox 323 4286 433 4347; x_wconf 88' lang='lat' dir='ltr'><strong>autem</strong></span> <span class='ocrx_word' id='word_1_366' title='bbox 468 4281 730 4346; x_wconf 86' lang='lat' dir='ltr'><strong>animadvertere</strong></span> <span class='ocrx_word' id='word_1_367' title='bbox 764 4281 861 4345; x_wconf 89' lang='lat' dir='ltr'><strong>debet</strong></span> <span class='ocrx_word' id='word_1_368' title='bbox 893 4303 928 4345; x_wconf 91' lang='lat' dir='ltr'><strong>se</strong></span> <span class='ocrx_word' id='word_1_369' title='bbox 962 4279 1020 4345; x_wconf 86' lang='lat' dir='ltr'><strong>tali</strong></span> <span class='ocrx_word' id='word_1_370' title='bbox 1051 4278 1277 4344; x_wconf 90' lang='lat' dir='ltr'><strong>falsificatione</strong></span> <span class='ocrx_word' id='word_1_371' title='bbox 1314 4298 1386 4342; x_wconf 91' lang='lat' dir='ltr'><strong>sese</strong></span> 
     </span>
     <span class='ocr_line' id='line_1_43' title="bbox 64 4367 1387 4457; baseline -0.005 -21"><span class='ocrx_word' id='word_1_372' title='bbox 64 4370 283 4457; x_wconf 84' lang='lat' dir='ltr'><strong>gravissimae</strong></span> <span class='ocrx_word' id='word_1_373' title='bbox 312 4391 437 4454; x_wconf 86' lang='lat' dir='ltr'><strong>poenae</strong></span> <span class='ocrx_word' id='word_1_374' title='bbox 467 4369 609 4453; x_wconf 88' lang='lat' dir='ltr'><strong>periculo</strong></span> <span class='ocrx_word' id='word_1_375' title='bbox 633 4390 797 4452; x_wconf 84' lang='lat' dir='ltr'><strong>exponere</strong></span> <span class='ocrx_word' id='word_1_376' title='bbox 821 4374 920 4450; x_wconf 86' lang='lat' dir='ltr'><strong>atque</strong></span> <span class='ocrx_word' id='word_1_377' title='bbox 943 4369 1004 4434; x_wconf 89' lang='lat' dir='ltr'><strong>hac</strong></span> <span class='ocrx_word' id='word_1_378' title='bbox 1028 4369 1127 4433; x_wconf 88' lang='lat' dir='ltr'><strong>etiam</strong></span> <span class='ocrx_word' id='word_1_379' title='bbox 1152 4367 1278 4432; x_wconf 91' lang='lat' dir='ltr'><strong>ratione</strong></span> <span class='ocrx_word' id='word_1_380' title='bbox 1302 4386 1387 4430; x_wconf 91' lang='lat' dir='ltr'><strong>com-</strong></span> 
     </span>
     <span class='ocr_line' id='line_1_44' title="bbox 64 4461 477 4545; baseline -0.01 -17"><span class='ocrx_word' id='word_1_381' title='bbox 64 4461 154 4529; x_wconf 89' lang='lat' dir='ltr'><strong>mitti</strong></span> <span class='ocrx_word' id='word_1_382' title='bbox 177 4480 274 4545; x_wconf 85' lang='lat' dir='ltr'><strong>passe</strong></span> <span class='ocrx_word' id='word_1_383' title='bbox 296 4464 477 4543; x_wconf 86' lang='lat' dir='ltr'><strong>peccatum.</strong></span> 
     </span>
    </p>

    <p class='ocr_par' dir='ltr' id='par_1_12' title="bbox 61 4551 1385 4727">
     <span class='ocr_line' id='line_1_45' title="bbox 156 4551 1385 4639; baseline -0.007 -15"><span class='ocrx_word' id='word_1_384' title='bbox 156 4556 684 4639; x_wconf 68' lang='grc'><strong>000100010000001100000001,</strong></span> <span class='ocrx_word' id='word_1_385' title='bbox 708 4555 736 4619; x_wconf 93' lang='lat' dir='ltr'><strong>si</strong></span> <span class='ocrx_word' id='word_1_386' title='bbox 755 4555 787 4619; x_wconf 93' lang='lat' dir='ltr'><strong>in</strong></span> <span class='ocrx_word' id='word_1_387' title='bbox 805 4576 1007 4637; x_wconf 89' lang='lat' dir='ltr'><strong>quacumque</strong></span> <span class='ocrx_word' id='word_1_388' title='bbox 1023 4552 1261 4628; x_wconf 75' lang='lat' dir='ltr'><strong>falsificatione,</strong></span> <span class='ocrx_word' id='word_1_389' title='bbox 1286 4551 1385 4617; x_wconf 88' lang='lat' dir='ltr'><strong>etiam</strong></span> 
     </span>
     <span class='ocr_line' id='line_1_46' title="bbox 61 4642 1295 4727; baseline -0.006 -12"><span class='ocrx_word' id='word_1_390' title='bbox 61 4649 204 4717; x_wconf 90' lang='lat' dir='ltr'><strong>alicuius</strong></span> <span class='ocrx_word' id='word_1_391' title='bbox 227 4647 274 4712; x_wconf 93' lang='lat' dir='ltr'><strong>rei</strong></span> <span class='ocrx_word' id='word_1_392' title='bbox 298 4669 340 4712; x_wconf 82' lang='lat' dir='ltr'><strong>ex</strong></span> <span class='ocrx_word' id='word_1_393' title='bbox 363 4667 399 4712; x_wconf 94' lang='lat' dir='ltr'><strong>se</strong></span> <span class='ocrx_word' id='word_1_394' title='bbox 422 4645 514 4724; x_wconf 88' lang='grc'><strong>10010,</strong></span> <span class='ocrx_word' id='word_1_395' title='bbox 540 4646 649 4710; x_wconf 90' lang='lat' dir='ltr'><strong>damni</strong></span> <span class='ocrx_word' id='word_1_396' title='bbox 673 4644 847 4727; x_wconf 88' lang='lat' dir='ltr'><strong>reparandi</strong></span> <span class='ocrx_word' id='word_1_397' title='bbox 870 4644 1075 4709; x_wconf 83' lang='lat' dir='ltr'><strong>voluntatem</strong></span> <span class='ocrx_word' id='word_1_398' title='bbox 1100 4663 1163 4706; x_wconf 92' lang='lat' dir='ltr'><strong>non</strong></span> <span class='ocrx_word' id='word_1_399' title='bbox 1186 4642 1295 4707; x_wconf 85' lang='lat' dir='ltr'><strong>habet.</strong></span> 
     </span>
    </p>
   </div>
   <div class='ocr_carea' id='block_1_10' title="bbox 0 0 1558 5168">
    <p class='ocr_par' dir='ltr' id='par_1_13' title="bbox 0 0 1558 5168">
     <span class='ocr_line' id='line_1_47' title="bbox 0 0 1558 5168; baseline 0 0"><span class='ocrx_word' id='word_1_400' title='bbox 0 0 1558 5168; x_wconf 95' lang='lat' dir='ltr'><strong> </strong></span> 
     </span>
    </p>
   </div>
  </div>
 </body>
</html>
