3106 5168
151 268 217 341 42'4
288 273 330 327 De
349 272 497 327 virtutibus
515 275 544 326 et
561 271 659 326 officiis
678 287 743 339 erga
761 271 891 325 homiues.
912 302 944 309 -
963 271 1015 326 Off.
1034 271 1106 326 circa
1123 271 1196 325 bona
1212 274 1339 325 externa.

241 448 280 514 R.
305 452 336 515 3.
382 448 419 513 In
443 447 609 531 proposito
641 467 719 513 casu
748 448 1019 530 praesumendum
1050 453 1103 514 est
1132 448 1304 513 Aurelium
1335 447 1475 512 voluisse

151 559 217 603 non
240 538 345 602 solum
367 537 517 614 Aulium,
547 536 606 601 sed
628 535 699 600 eius
728 536 886 602 familiam
915 538 1074 603 relevare.
1120 537 1245 615 Quare,
1276 538 1306 602 si
1330 537 1476 618 legitima

152 627 259 692 forma
281 627 372 692 facta
395 626 496 691 fuerit
518 624 706 709 promissio,
738 646 802 690 non
833 625 944 692 dubito
968 625 1045 707 quin
1068 624 1193 691 Aurelii
1222 625 1365 691 heredes
1388 630 1424 692 et
1444 626 1476 691 in

151 717 224 780 loro
248 715 465 781 conscientiae
488 720 523 781 et
552 715 585 779 in
615 714 686 779 foro
710 718 847 779 externo
871 714 958 779 civili
982 716 1109 780 solvere
1139 715 1283 781 debeant
1304 716 1474 799 superstiti

151 804 240 869 Aulii
263 804 408 870 familiae
431 825 591 868 summam
615 803 655 868 ab
679 803 813 868 Aurelio
836 804 1039 886 promissam.

242 893 275 959 Si
299 915 378 959 vero
401 892 550 974 legitima
573 892 679 957 forma
694 897 830 958 servata
852 914 917 957 non
940 893 994 969 sit,
1018 914 1122 974 neque
1138 892 1293 958 Aurelius
1316 914 1377 976 per
1400 893 1476 959 ulti·

149 1004 237 1047 mam
261 983 465 1048 voluntatem
490 1003 581 1046 suam
602 980 807 1064 promissioni
829 981 1012 1065 implendae
1034 981 1227 1065 providerit:
1252 981 1286 1045 in
1309 982 1385 1046 foro
1402 1004 1476 1047 con·

149 1071 306 1136 scientiae
330 1071 562 1137 consulendum
586 1071 715 1152 quidem
731 1070 838 1147 valde,
862 1071 960 1136 immo
984 1071 1190 1153 aliquatenus
1206 1070 1392 1151 urgendum
1417 1075 1475 1146 est,

149 1165 187 1227 ut
219 1160 356 1226 heredes
389 1160 462 1225 loco
493 1158 616 1224 Aurelii
652 1159 746 1224 huius
788 1160 949 1243 promissa
978 1160 1078 1225 etiarn
1109 1180 1190 1241 erga
1219 1158 1308 1224 Aulii
1341 1161 1476 1225 heredes

149 1249 320 1333 impleant.
366 1249 489 1313 Verum
513 1248 669 1330 obligatio
693 1269 797 1330 eaque
821 1250 933 1330 gravis
957 1248 1060 1315 statui
1083 1249 1213 1313 denium
1236 1248 1362 1331 nequit.

87 1376 140 1431 838
239 1368 292 1430 Au
316 1384 508 1439 ouunsrruu
532 1366 571 1426 2¹¹²
594 1364 632 1428 It.
660 1367 688 1428 1.
736 1363 854 1440 Quodsi
887 1363 1018 1441 Aulius,
1050 1363 1295 1447 promissimus,
1327 1367 1475 1428 mortuus

150 1457 239 1518 esset
262 1457 340 1518 ante
363 1452 637 1535 acceptationem,
663 1452 839 1535 superstite
862 1453 996 1517 Aurelio
1020 1452 1248 1535 promittente,
1280 1471 1336 1516 res
1359 1472 1420 1535 per
1441 1472 1475 1516 se

149 1542 307 1607 solvenda
330 1546 381 1606 est
404 1542 580 1605 secundum
603 1560 749 1621 eaquae
772 1542 861 1606 dicta
884 1542 1024 1606 suntad
1048 1542 1163 1617 Quaes.
1190 1543 1237 1605 1⁹.
1286 1539 1474 1606 Generatim

148 1630 251 1712 igitur
272 1629 495 1713 promittentis
519 1634 570 1695 est
593 1629 776 1707 declarare,
805 1653 882 1695 num
911 1630 1053 1694 voluerit
1076 1651 1140 1694 non
1170 1628 1327 1695 defuncto
1361 1631 1473 1699 solum.

149 1720 208 1784 sed
236 1720 336 1785 etiam
366 1718 436 1783 eius
465 1718 609 1783 familiae
642 1719 773 1794 favere;
807 1720 864 1783 sed
895 1725 1070 1800 aritoquam
1100 1718 1185 1783 hano
1218 1718 1473 1784 declarationem

149 1806 276 1885 fecerit,
300 1808 358 1872 vix
382 1808 498 1873 stricta
522 1806 720 1888 obligatione
744 1813 853 1890 potest
876 1808 992 1874 teneri.

239 1914 277 1982 R.
293 1917 322 1980 2.
353 1913 525 1979 Difficilior
537 1916 588 1978 est
600 1912 758 1994 quaestio,
776 1914 851 1995 quid
864 1913 943 1977 iuris
956 1916 1008 1986 sit,
1023 1912 1150 1994 quando
1161 1911 1315 1976 Aurelius
1327 1918 1474 1978 mortuus

151 2002 260 2079 fuerit,
279 2008 454 2085 antequam
468 2003 583 2068 Aulius
596 2004 706 2085 (quem
718 2024 883 2067 sumamus
895 2002 1119 2086 superstitem)
1131 2006 1305 2084 acceptare
1321 2002 1472 2085 potuerit.

240 2093 273 2158 Si
296 2113 405 2157 merus
429 2093 491 2158 fuit
514 2092 656 2168 nuntius,
681 2113 739 2174 per
755 2112 849 2173 quern
865 2093 959 2156 fieret
974 2091 1197 2175 promissionis
1213 2091 1472 2166 communicatio,

150 2202 192 2246 ex
215 2202 250 2245 se
274 2180 405 2246 videtur
426 2202 490 2245 nou
515 2201 610 2263 posse
634 2181 893 2263 acceptationem
918 2181 1005 2256 lieri,
1039 2180 1096 2244 sed
1120 2180 1380 2261 exspectandam
1404 2200 1473 2244 esse

150 2275 343 2336 renovatam
374 2269 620 2353 promissionem
649 2269 805 2333 heredum
829 2270 968 2334 Aurelii:
1000 2269 1096 2351 idque
1129 2268 1198 2333 sive
1227 2289 1317 2332 mors
1352 2268 1473 2333 Aurelii

149 2359 274 2435 nuntio,
300 2360 375 2423 dum
400 2359 529 2422 demum
547 2358 643 2423 Aulio
660 2379 729 2423 rem
745 2358 1008 2434 communicaret,
1034 2363 1112 2422 nota
1128 2357 1228 2422 fuerit
1250 2357 1322 2422 sive
1351 2357 1471 2439 ignota

240 2448 375 2512 sivero
406 2447 539 2512 nuntius
571 2447 625 2510 ille
648 2467 726 2511 vere
756 2447 819 2512 fuit
843 2447 965 2511 Aurelii
998 2448 1226 2511 irrandalorius
1257 2447 1470 2512 constitutus:

149 2535 255 2600 videri
279 2536 399 2600 debent
423 2535 584 2619 positivae
608 2535 749 2616 regionis
772 2535 872 2617 leges
914 2536 1023 2600 Codex
1055 2535 1181 2600 Germ.
1206 2535 1327 2600 statuit
1351 2535 1370 2616 ς’
1395 2537 1472 2600 672:

148 2625 340 2690 mandatum
370 2625 403 2689 in
428 2624 524 2689 dubio
553 2645 617 2688 non
641 2624 806 2705 exstingui
829 2629 935 2689 morte
957 2623 1153 2700 mandantis,
1179 2622 1347 2705 exstingui
1371 2631 1472 2688 morte

149 2713 357 2779 mandatarii.
404 2714 610 2795 Quapropter
632 2713 664 2775 in
688 2718 800 2775 nostro
825 2734 901 2776 casu
918 2713 1100 2795 acceptatio
1124 2712 1251 2777 valeret
1274 2711 1376 2777 etiam
1401 2719 1472 2795 post

150 2808 287 2867 mortem
319 2802 459 2876 Aurelii,
491 2801 624 2882 eiusque
654 2800 790 2864 heredes
820 2801 1024 2884 promissioni
1056 2807 1144 2867 stare
1175 2801 1347 2877 deberent;
1379 2801 1472 2882 idque

147 2895 262 2976 primo,
280 2893 305 2956 si
324 2892 417 2955 modo
433 2891 523 2955 facta
538 2889 638 2954 fuerit
654 2889 801 2971 legitima
817 2892 922 2954 forma
937 2912 996 2973 por
1012 2891 1173 2962 nuntiun1;
1195 2910 1310 2953 verum
1327 2892 1471 2965 arcii-ndo,

149 2981 177 3045 si
201 2981 291 3046 facta
315 2980 355 3044 ab
380 3002 417 3045 eo
442 3002 506 3044 uon
530 2979 629 3044 fuerit
652 2978 798 3059 legitima
821 2980 943 3056 forma,
976 2980 1044 3062 ipse
1068 2978 1265 3042 nuntiusad
1290 2979 1323 3043 id
1352 2979 1471 3044 facien·

150 3070 225 3136 dum
250 3068 422 3151 obligatur,
448 3090 552 3151 neque
576 3069 616 3133 ab
644 3067 705 3132 hoc
728 3067 875 3150 impediri
900 3070 940 3132 ab
964 3067 1087 3131 Aurelii
1110 3067 1285 3131 heredibus
1308 3074 1429 3150 potest.

665 3284 862 3351 noniano
901 3284 953 3367 (n.

705 3433 815 3497 (lasus
845 3440 919 3506 (259)

239 3565 372 3637 Agritius
388 3564 663 3639 quinquagenarius,
686 3564 734 3640 qui
749 3564 901 3638 bucusque
917 3582 953 3619 ex
969 3581 1059 3619 uxore
1074 3561 1182 3637 prolem
1198 3582 1254 3619 non
1270 3562 1386 3629 habuit,
1401 3563 1470 3622 lulio

151 3645 324 3701 consobrino
347 3664 412 3710 suo,
436 3663 519 3718 quern
541 3665 612 3720 prae
634 3645 699 3702 aliis
721 3643 831 3717 diligit,
854 3643 945 3701 donat
966 3642 1064 3699 villam
1087 3662 1152 3699 cum
1174 3642 1322 3717 pracrliiS,
1343 3645 1469 3720 legitimo

151 3724 323 3781 documento
346 3724 497 3794 confecto,
525 3731 642 3799 praeter
664 3725 723 3782 alia
744 3724 875 3800 pretiosa
897 3723 974 3780 dona
994 3723 1156 3792 manualia,
1180 3730 1270 3798 atque
1292 3724 1336 3781 ita
1358 3724 1470 3782 dimidia

150 3806 212 3861 fere
239 3808 324 3878 parte
352 3806 492 3861 bonorum
520 3824 637 3862 suorum
666 3825 698 3862 se
727 3805 885 3862 abdicavit
927 3804 1000 3861 Post
1021 3803 1092 3860 duos
1120 3822 1216 3860 anuos
1244 3823 1294 3860 rea
1324 3805 1470 3881 inopinata

150 3883 310 3955 contingit,
339 3889 371 3940 ut
399 3903 474 3940 uxor
495 3885 611 3956 Agritio
634 3886 730 3960 pariat
751 3886 850 3942 filiurn.
893 3883 1050 3941 Contendit
1070 3882 1174 3955 igitur,
1205 3889 1237 3940 ut
1259 3883 1355 3942 Iulius
1377 3886 1468 3943 villam

150 3964 206 4022 sibi
227 3963 331 4020 reddat
352 3968 439 4036 atque
461 3964 591 4037 pretiosa
613 3965 688 4022 dona
710 3965 859 4022 manualia
880 3964 1027 4021 restituat.

150 4071 326 4141 Quaunrruu
349 4069 377 4124 1⁰
403 4067 470 4141 quid
493 4068 531 4125 sit
553 4069 671 4126 donatio
694 4077 723 4126 et
744 4070 885 4143 quomodo
907 4068 1085 4142 perficiatur.

348 4158 378 4213 2⁰
403 4156 535 4231 possitue
558 4157 675 4214 donatio
698 4160 777 4215 factu
800 4157 932 4215 revocari
956 4163 984 4213 et
1006 4156 1128 4231 quanda.

347 4249 377 4304 3⁰
403 4245 470 4321 quid
493 4246 522 4302 in
545 4265 615 4303 casu
637 4254 738 4304 nostro
761 4247 800 4304 sit
821 4247 982 4305 dicendum.

744 4401 877 4466 Salutio.

89 4544 139 4596 839
240 4536 291 4598 Au
316 4554 507 4608 ninimirum
535 4535 571 4594 1¹¹¹
597 4532 633 4596 lt.
660 4536 687 4596 1.
735 4532 810 4596 Alia
846 4532 974 4612 quidem
1009 4535 1059 4595 est
1084 4531 1270 4596 donationis
1294 4531 1468 4615 promissio

150 4622 214 4686 alia
239 4624 309 4705 ipsa
334 4622 475 4688 donatio,
507 4622 630 4685 Verum
654 4623 781 4701 quando
805 4621 975 4703 promissio
992 4620 1176 4686 donationis
1200 4622 1331 4704 publico
1355 4623 1467 4686 instru-
