<?xml version="1.0" encoding="UTF-8"?>
<!DOCTYPE html PUBLIC "-//W3C//DTD XHTML 1.0 Transitional//EN"
    "http://www.w3.org/TR/xhtml1/DTD/xhtml1-transitional.dtd">
<html xmlns="http://www.w3.org/1999/xhtml" xml:lang="en" lang="en">
 <head>
  <title>
</title>
<meta http-equiv="Content-Type" content="text/html;charset=utf-8" />
  <meta name='ocr-system' content='tesseract 3.04.00' />
  <meta name='ocr-capabilities' content='ocr_page ocr_carea ocr_par ocr_line ocrx_word'/>
</head>
<body>
  <div class='ocr_page' id='page_1' title='image "./casusconscienti01lehmgoog_0103.png"; bbox 0 0 3106 5168; ppageno 0'>
   <div class='ocr_carea' id='block_1_1' title="bbox 477 289 1430 361">
    <p class='ocr_par' dir='ltr' id='par_1_1' title="bbox 477 289 1430 361">
     <span class='ocr_line' id='line_1_1' title="bbox 477 289 1430 361; baseline -0.001 -18"><span class='ocrx_word' id='word_1_1' title='bbox 477 289 595 344; x_wconf 83' lang='lat' dir='ltr'><strong>Peccata</strong></span> <span class='ocrx_word' id='word_1_2' title='bbox 613 289 756 361; x_wconf 80' lang='lat' dir='ltr'><strong>capitalia:</strong></span> <span class='ocrx_word' id='word_1_3' title='bbox 778 291 860 344; x_wconf 79' lang='lat' dir='ltr'><strong>Gula.</strong></span> <span class='ocrx_word' id='word_1_4' title='bbox 880 319 913 327; x_wconf 92' lang='lat'>—</span> <span class='ocrx_word' id='word_1_5' title='bbox 933 291 1065 343; x_wconf 72' lang='lat' dir='ltr'><strong><em>Ebrietas.</em></strong></span> <span class='ocrx_word' id='word_1_6' title='bbox 1390 292 1430 356; x_wconf 82' lang='grc'><strong>87</strong></span> 
     </span>
    </p>
   </div>
   <div class='ocr_carea' id='block_1_2' title="bbox 194 454 1432 550">
    <p class='ocr_par' dir='ltr' id='par_1_2' title="bbox 194 454 1432 550">
     <span class='ocr_line' id='line_1_2' title="bbox 194 454 1432 550; baseline 0.001 -21"><span class='ocrx_word' id='word_1_7' title='bbox 194 465 233 530; x_wconf 89' lang='lat' dir='ltr'><strong>R.</strong></span> <span class='ocrx_word' id='word_1_8' title='bbox 251 466 281 531; x_wconf 81' lang='lat'><strong>3.</strong></span> <span class='ocrx_word' id='word_1_9' title='bbox 321 464 497 531; x_wconf 80' lang='lat' dir='ltr'><strong>Peccatum</strong></span> <span class='ocrx_word' id='word_1_10' title='bbox 519 465 660 531; x_wconf 76' lang='lat' dir='ltr'>mortale</span> <span class='ocrx_word' id='word_1_11' title='bbox 683 487 726 531; x_wconf 90' lang='lat' dir='ltr'><strong>ex</strong></span> <span class='ocrx_word' id='word_1_12' title='bbox 748 454 827 549; x_wconf 85' lang='lat' dir='ltr'><strong>gula</strong></span> <span class='ocrx_word' id='word_1_13' title='bbox 843 465 1003 532; x_wconf 81' lang='lat' dir='ltr'><strong>committi</strong></span> <span class='ocrx_word' id='word_1_14' title='bbox 1025 470 1150 550; x_wconf 90' lang='lat' dir='ltr'><strong>potest:</strong></span> <span class='ocrx_word' id='word_1_15' title='bbox 1178 465 1209 549; x_wconf 90' lang='lat'><strong>1)</strong></span> <span class='ocrx_word' id='word_1_16' title='bbox 1233 466 1262 532; x_wconf 92' lang='lat' dir='ltr'><strong>si</strong></span> <span class='ocrx_word' id='word_1_17' title='bbox 1278 486 1432 531; x_wconf 85' lang='lat' dir='ltr'><strong>excessus</strong></span> 
     </span>
    </p>
   </div>
   <div class='ocr_carea' id='block_1_3' title="bbox 104 553 1432 819">
    <p class='ocr_par' dir='ltr' id='par_1_3' title="bbox 104 553 1432 819">
     <span class='ocr_line' id='line_1_3' title="bbox 104 553 1432 638; baseline 0.002 -20"><span class='ocrx_word' id='word_1_18' title='bbox 104 555 142 619; x_wconf 87' lang='lat' dir='ltr'><strong>lit</strong></span> <span class='ocrx_word' id='word_1_19' title='bbox 165 553 261 619; x_wconf 93' lang='lat' dir='ltr'><strong>modo</strong></span> <span class='ocrx_word' id='word_1_20' title='bbox 284 574 364 618; x_wconf 90' lang='lat' dir='ltr'><strong>vere</strong></span> <span class='ocrx_word' id='word_1_21' title='bbox 386 554 581 620; x_wconf 83' lang='lat' dir='ltr'><strong>scandaloso</strong></span> <span class='ocrx_word' id='word_1_22' title='bbox 605 559 639 620; x_wconf 91' lang='lat' dir='ltr'><strong>et</strong></span> <span class='ocrx_word' id='word_1_23' title='bbox 661 553 812 638; x_wconf 82' lang='lat' dir='ltr'><strong>indign03</strong></span> <span class='ocrx_word' id='word_1_24' title='bbox 844 555 879 635; x_wconf 83' lang='lat'><strong>2)</strong></span> <span class='ocrx_word' id='word_1_25' title='bbox 904 555 931 620; x_wconf 91' lang='lat' dir='ltr'><strong>si</strong></span> <span class='ocrx_word' id='word_1_26' title='bbox 955 555 1027 637; x_wconf 89' lang='lat' dir='ltr'><strong>quis</strong></span> <span class='ocrx_word' id='word_1_27' title='bbox 1052 575 1189 620; x_wconf 83' lang='lat' dir='ltr'><strong>excessu</strong></span> <span class='ocrx_word' id='word_1_28' title='bbox 1213 557 1266 620; x_wconf 91' lang='lat' dir='ltr'><strong>vel</strong></span> <span class='ocrx_word' id='word_1_29' title='bbox 1290 555 1432 620; x_wconf 84' lang='lat' dir='ltr'><strong>excessi-</strong></span> 
     </span>
     <span class='ocr_line' id='line_1_4' title="bbox 104 642 1432 727; baseline 0.002 -20"><span class='ocrx_word' id='word_1_30' title='bbox 104 644 165 707; x_wconf 90' lang='lat' dir='ltr'><strong>bus</strong></span> <span class='ocrx_word' id='word_1_31' title='bbox 195 642 420 725; x_wconf 74' lang='lat' dir='ltr'><strong>frequentibus</strong></span> <span class='ocrx_word' id='word_1_32' title='bbox 450 664 554 726; x_wconf 85' lang='lat' dir='ltr'><strong>grave</strong></span> <span class='ocrx_word' id='word_1_33' title='bbox 581 644 780 710; x_wconf 88' lang='lat' dir='ltr'><strong>valetudinis</strong></span> <span class='ocrx_word' id='word_1_34' title='bbox 804 645 957 710; x_wconf 90' lang='lat' dir='ltr'><strong>damnum</strong></span> <span class='ocrx_word' id='word_1_35' title='bbox 987 643 1049 709; x_wconf 90' lang='lat' dir='ltr'><strong>sibi</strong></span> <span class='ocrx_word' id='word_1_36' title='bbox 1078 644 1194 719; x_wconf 73' lang='lat' dir='ltr'><strong>infert,</strong></span> <span class='ocrx_word' id='word_1_37' title='bbox 1226 644 1253 708; x_wconf 90' lang='lat' dir='ltr'><strong>si</strong></span> <span class='ocrx_word' id='word_1_38' title='bbox 1285 643 1319 727; x_wconf 85' lang='lat'><strong>3)</strong></span> <span class='ocrx_word' id='word_1_39' title='bbox 1350 644 1432 710; x_wconf 90' lang='lat' dir='ltr'><strong>adeo</strong></span> 
     </span>
     <span class='ocr_line' id='line_1_5' title="bbox 104 731 1316 819; baseline 0.003 -23"><span class='ocrx_word' id='word_1_40' title='bbox 104 731 162 797; x_wconf 89' lang='lat' dir='ltr'><strong>vili</strong></span> <span class='ocrx_word' id='word_1_41' title='bbox 185 731 351 816; x_wconf 90' lang='lat' dir='ltr'><strong>voluptati</strong></span> <span class='ocrx_word' id='word_1_42' title='bbox 374 731 532 816; x_wconf 82' lang='lat' dir='ltr'>indulget,</span> <span class='ocrx_word' id='word_1_43' title='bbox 558 732 651 798; x_wconf 90' lang='lat' dir='ltr'><strong>utin</strong></span> <span class='ocrx_word' id='word_1_44' title='bbox 674 755 713 799; x_wconf 88' lang='lat' dir='ltr'><strong>ea</strong></span> <span class='ocrx_word' id='word_1_45' title='bbox 737 733 831 816; x_wconf 88' lang='lat' dir='ltr'><strong>quasi</strong></span> <span class='ocrx_word' id='word_1_46' title='bbox 851 734 947 819; x_wconf 83' lang='lat' dir='ltr'><strong>finem</strong></span> <span class='ocrx_word' id='word_1_47' title='bbox 970 731 1102 798; x_wconf 88' lang='lat' dir='ltr'><strong>vivendi</strong></span> <span class='ocrx_word' id='word_1_48' title='bbox 1126 733 1316 800; x_wconf 89' lang='lat' dir='ltr'><strong>constituat.</strong></span> 
     </span>
    </p>
   </div>
   <div class='ocr_carea' id='block_1_4' title="bbox 103 837 1492 2078">
    <p class='ocr_par' dir='ltr' id='par_1_4' title="bbox 103 837 1492 2078">
     <span class='ocr_line' id='line_1_6' title="bbox 195 837 1492 922; baseline -0.001 -21"><span class='ocrx_word' id='word_1_49' title='bbox 195 838 248 901; x_wconf 84' lang='lat' dir='ltr'><strong>An</strong></span> <span class='ocrx_word' id='word_1_50' title='bbox 264 857 456 912; x_wconf 74' lang='lat' dir='ltr'><strong>coassiruu</strong></span> <span class='ocrx_word' id='word_1_51' title='bbox 472 839 512 902; x_wconf 82' lang='lat'><strong>2¹³²</strong></span> <span class='ocrx_word' id='word_1_52' title='bbox 534 837 573 902; x_wconf 89' lang='lat' dir='ltr'><strong>R.</strong></span> <span class='ocrx_word' id='word_1_53' title='bbox 595 841 623 905; x_wconf 90' lang='lat'><strong>1.</strong></span> <span class='ocrx_word' id='word_1_54' title='bbox 661 839 699 904; x_wconf 93' lang='lat' dir='ltr'><strong>ln</strong></span> <span class='ocrx_word' id='word_1_55' title='bbox 715 839 864 905; x_wconf 89' lang='lat' dir='ltr'><strong>omnibus</strong></span> <span class='ocrx_word' id='word_1_56' title='bbox 887 838 936 916; x_wconf 91' lang='lat' dir='ltr'><strong>iis,</strong></span> <span class='ocrx_word' id='word_1_57' title='bbox 961 858 1045 922; x_wconf 85' lang='lat' dir='ltr'><strong>quse</strong></span> <span class='ocrx_word' id='word_1_58' title='bbox 1062 839 1102 903; x_wconf 93' lang='lat' dir='ltr'><strong>de</strong></span> <span class='ocrx_word' id='word_1_59' title='bbox 1117 838 1229 904; x_wconf 84' lang='lat' dir='ltr'><strong>Calino</strong></span> <span class='ocrx_word' id='word_1_60' title='bbox 1245 844 1492 916; x_wconf 81' lang='lat' dir='ltr'><strong>narrantur,171</strong></span> 
     </span>
     <span class='ocr_line' id='line_1_7' title="bbox 104 925 1433 1012; baseline 0.002 -21"><span class='ocrx_word' id='word_1_61' title='bbox 104 925 392 1010; x_wconf 87' lang='lat' dir='ltr'><strong>deprehenduntur</strong></span> <span class='ocrx_word' id='word_1_62' title='bbox 430 932 520 992; x_wconf 90' lang='lat' dir='ltr'><strong>certe</strong></span> <span class='ocrx_word' id='word_1_63' title='bbox 558 926 815 995; x_wconf 84' lang='lat' dir='ltr'><strong>inordinationes</strong></span> <span class='ocrx_word' id='word_1_64' title='bbox 853 928 1109 1012; x_wconf 86' lang='lat' dir='ltr'><strong>peccaminosae.</strong></span> <span class='ocrx_word' id='word_1_65' title='bbox 1177 927 1241 994; x_wconf 88' lang='lat' dir='ltr'><strong>Sed</strong></span> <span class='ocrx_word' id='word_1_66' title='bbox 1281 929 1433 1010; x_wconf 88' lang='lat' dir='ltr'><strong>quoniam</strong></span> 
     </span>
     <span class='ocr_line' id='line_1_8' title="bbox 103 1014 1431 1101; baseline 0.002 -21"><span class='ocrx_word' id='word_1_67' title='bbox 103 1014 241 1080; x_wconf 88' lang='lat' dir='ltr'><strong>maximi</strong></span> <span class='ocrx_word' id='word_1_68' title='bbox 279 1015 383 1082; x_wconf 83' lang='lat' dir='ltr'><strong>refert</strong></span> <span class='ocrx_word' id='word_1_69' title='bbox 417 1015 519 1095; x_wconf 90' lang='lat' dir='ltr'><strong>scire,</strong></span> <span class='ocrx_word' id='word_1_70' title='bbox 563 1037 640 1081; x_wconf 92' lang='lat' dir='ltr'><strong>num</strong></span> <span class='ocrx_word' id='word_1_71' title='bbox 678 1019 732 1083; x_wconf 87' lang='lat' dir='ltr'><strong>vel</strong></span> <span class='ocrx_word' id='word_1_72' title='bbox 768 1017 897 1100; x_wconf 91' lang='lat' dir='ltr'><strong>quando</strong></span> <span class='ocrx_word' id='word_1_73' title='bbox 932 1016 1064 1083; x_wconf 85' lang='lat' dir='ltr'><strong>Calinus</strong></span> <span class='ocrx_word' id='word_1_74' title='bbox 1099 1020 1214 1101; x_wconf 90' lang='lat' dir='ltr'><strong>peccet</strong></span> <span class='ocrx_word' id='word_1_75' title='bbox 1247 1020 1431 1099; x_wconf 84' lang='lat' dir='ltr'><strong>mortaliter,</strong></span> 
     </span>
     <span class='ocr_line' id='line_1_9' title="bbox 107 1103 1433 1190; baseline 0.002 -21"><span class='ocrx_word' id='word_1_76' title='bbox 107 1125 242 1169; x_wconf 88' lang='lat' dir='ltr'><strong>censeo:</strong></span> <span class='ocrx_word' id='word_1_77' title='bbox 271 1103 302 1186; x_wconf 89' lang='lat'><strong>1)</strong></span> <span class='ocrx_word' id='word_1_78' title='bbox 326 1109 498 1187; x_wconf 90' lang='lat' dir='ltr'><strong>peccatum</strong></span> <span class='ocrx_word' id='word_1_79' title='bbox 521 1106 660 1171; x_wconf 85' lang='lat' dir='ltr'><strong>mortale</strong></span> <span class='ocrx_word' id='word_1_80' title='bbox 683 1127 726 1171; x_wconf 89' lang='lat' dir='ltr'><strong>ex</strong></span> <span class='ocrx_word' id='word_1_81' title='bbox 748 1128 785 1172; x_wconf 92' lang='lat' dir='ltr'><strong>se</strong></span> <span class='ocrx_word' id='word_1_82' title='bbox 808 1127 873 1171; x_wconf 91' lang='lat' dir='ltr'><strong>non</strong></span> <span class='ocrx_word' id='word_1_83' title='bbox 896 1110 947 1172; x_wconf 89' lang='lat' dir='ltr'><strong>est</strong></span> <span class='ocrx_word' id='word_1_84' title='bbox 970 1105 1138 1188; x_wconf 90' lang='lat' dir='ltr'><strong>splendido</strong></span> <span class='ocrx_word' id='word_1_85' title='bbox 1161 1105 1302 1190; x_wconf 89' lang='lat' dir='ltr'><strong>epulari;</strong></span> <span class='ocrx_word' id='word_1_86' title='bbox 1327 1107 1433 1171; x_wconf 90' lang='lat' dir='ltr'><strong>minus</strong></span> 
     </span>
     <span class='ocr_line' id='line_1_10' title="bbox 106 1193 1432 1278; baseline 0 -19"><span class='ocrx_word' id='word_1_87' title='bbox 106 1194 206 1259; x_wconf 87' lang='lat' dir='ltr'><strong>etiam</strong></span> <span class='ocrx_word' id='word_1_88' title='bbox 231 1193 378 1277; x_wconf 86' lang='lat' dir='ltr'><strong>hospites</strong></span> <span class='ocrx_word' id='word_1_89' title='bbox 402 1193 571 1277; x_wconf 90' lang='lat' dir='ltr'><strong>splendido</strong></span> <span class='ocrx_word' id='word_1_90' title='bbox 595 1195 745 1260; x_wconf 90' lang='lat' dir='ltr'><strong>convivio</strong></span> <span class='ocrx_word' id='word_1_91' title='bbox 775 1216 944 1274; x_wconf 89' lang='lat' dir='ltr'><strong>recreare,</strong></span> <span class='ocrx_word' id='word_1_92' title='bbox 974 1216 1047 1260; x_wconf 94' lang='lat' dir='ltr'><strong>cum</strong></span> <span class='ocrx_word' id='word_1_93' title='bbox 1070 1194 1131 1260; x_wconf 92' lang='lat' dir='ltr'><strong>hoc</strong></span> <span class='ocrx_word' id='word_1_94' title='bbox 1154 1195 1223 1260; x_wconf 91' lang='lat' dir='ltr'><strong>sine</strong></span> <span class='ocrx_word' id='word_1_95' title='bbox 1247 1194 1333 1260; x_wconf 90' lang='lat' dir='ltr'><strong>omni</strong></span> <span class='ocrx_word' id='word_1_96' title='bbox 1356 1215 1432 1278; x_wconf 90' lang='lat' dir='ltr'><strong>pec-</strong></span> 
     </span>
     <span class='ocr_line' id='line_1_11' title="bbox 104 1281 1433 1368; baseline 0.001 -19"><span class='ocrx_word' id='word_1_97' title='bbox 104 1287 181 1349; x_wconf 89' lang='lat' dir='ltr'><strong>cato</strong></span> <span class='ocrx_word' id='word_1_98' title='bbox 217 1281 287 1347; x_wconf 88' lang='lat' dir='ltr'><strong>lieri</strong></span> <span class='ocrx_word' id='word_1_99' title='bbox 320 1282 434 1366; x_wconf 81' lang='lat' dir='ltr'><strong>possit.</strong></span> <span class='ocrx_word' id='word_1_100' title='bbox 481 1283 620 1349; x_wconf 89' lang='lat' dir='ltr'><strong>Videtur</strong></span> <span class='ocrx_word' id='word_1_101' title='bbox 653 1289 764 1363; x_wconf 89' lang='lat' dir='ltr'><strong>tamen</strong></span> <span class='ocrx_word' id='word_1_102' title='bbox 805 1284 935 1350; x_wconf 81' lang='lat' dir='ltr'><strong>Galinus</strong></span> <span class='ocrx_word' id='word_1_103' title='bbox 970 1284 1068 1350; x_wconf 87' lang='lat' dir='ltr'><strong>etiam</strong></span> <span class='ocrx_word' id='word_1_104' title='bbox 1104 1285 1164 1350; x_wconf 92' lang='lat' dir='ltr'><strong>sub</strong></span> <span class='ocrx_word' id='word_1_105' title='bbox 1198 1283 1433 1368; x_wconf 76' lang='lat' dir='ltr'><strong>hospitalitatis</strong></span> 
     </span>
     <span class='ocr_line' id='line_1_12' title="bbox 104 1370 1433 1457; baseline 0.001 -20"><span class='ocrx_word' id='word_1_106' title='bbox 104 1370 215 1455; x_wconf 90' lang='lat' dir='ltr'><strong>specie</strong></span> <span class='ocrx_word' id='word_1_107' title='bbox 238 1391 409 1436; x_wconf 83' lang='lat' dir='ltr'><strong>excessum</strong></span> <span class='ocrx_word' id='word_1_108' title='bbox 433 1372 647 1438; x_wconf 87' lang='lat' dir='ltr'><strong>committere.</strong></span> <span class='ocrx_word' id='word_1_109' title='bbox 695 1374 728 1456; x_wconf 88' lang='grc'><strong>2)</strong></span> <span class='ocrx_word' id='word_1_110' title='bbox 759 1374 879 1438; x_wconf 91' lang='lat' dir='ltr'><strong>Dolere</strong></span> <span class='ocrx_word' id='word_1_111' title='bbox 903 1373 1066 1452; x_wconf 84' lang='lat' dir='ltr'><strong>Calinum,</strong></span> <span class='ocrx_word' id='word_1_112' title='bbox 1099 1373 1183 1455; x_wconf 92' lang='lat' dir='ltr'><strong>quod</strong></span> <span class='ocrx_word' id='word_1_113' title='bbox 1214 1394 1278 1438; x_wconf 90' lang='lat' dir='ltr'><strong>nou</strong></span> <span class='ocrx_word' id='word_1_114' title='bbox 1302 1374 1433 1457; x_wconf 89' lang='lat' dir='ltr'><strong>saepius</strong></span> 
     </span>
     <span class='ocr_line' id='line_1_13' title="bbox 104 1459 1433 1546; baseline 0.001 -20"><span class='ocrx_word' id='word_1_115' title='bbox 104 1459 211 1546; x_wconf 89' lang='lat' dir='ltr'><strong>possit</strong></span> <span class='ocrx_word' id='word_1_116' title='bbox 234 1461 415 1539; x_wconf 91' lang='lat' dir='ltr'><strong>comedere,</strong></span> <span class='ocrx_word' id='word_1_117' title='bbox 440 1462 577 1528; x_wconf 89' lang='lat' dir='ltr'><strong>denotat</strong></span> <span class='ocrx_word' id='word_1_118' title='bbox 599 1465 728 1545; x_wconf 88' lang='lat' dir='ltr'><strong>turpem</strong></span> <span class='ocrx_word' id='word_1_119' title='bbox 752 1462 881 1546; x_wconf 91' lang='lat' dir='ltr'><strong>quidem</strong></span> <span class='ocrx_word' id='word_1_120' title='bbox 905 1462 1033 1545; x_wconf 91' lang='lat' dir='ltr'><strong>gulam;</strong></span> <span class='ocrx_word' id='word_1_121' title='bbox 1058 1461 1199 1528; x_wconf 87' lang='lat' dir='ltr'><strong>nondum</strong></span> <span class='ocrx_word' id='word_1_122' title='bbox 1222 1465 1333 1528; x_wconf 89' lang='lat' dir='ltr'><strong>tamen</strong></span> <span class='ocrx_word' id='word_1_123' title='bbox 1355 1461 1433 1527; x_wconf 89' lang='lat' dir='ltr'><strong>dicit</strong></span> 
     </span>
     <span class='ocr_line' id='line_1_14' title="bbox 105 1550 1431 1636; baseline 0.002 -21"><span class='ocrx_word' id='word_1_124' title='bbox 105 1571 148 1615; x_wconf 84' lang='lat' dir='ltr'><strong>ex</strong></span> <span class='ocrx_word' id='word_1_125' title='bbox 169 1570 206 1614; x_wconf 91' lang='lat' dir='ltr'><strong>se</strong></span> <span class='ocrx_word' id='word_1_126' title='bbox 229 1569 332 1632; x_wconf 87' lang='lat' dir='ltr'><strong>grave</strong></span> <span class='ocrx_word' id='word_1_127' title='bbox 355 1553 536 1634; x_wconf 89' lang='lat' dir='ltr'><strong>peccatum,</strong></span> <span class='ocrx_word' id='word_1_128' title='bbox 562 1550 625 1615; x_wconf 89' lang='lat' dir='ltr'><strong>etsi</strong></span> <span class='ocrx_word' id='word_1_129' title='bbox 647 1550 742 1616; x_wconf 93' lang='lat' dir='ltr'><strong>huius</strong></span> <span class='ocrx_word' id='word_1_130' title='bbox 766 1551 893 1636; x_wconf 85' lang='lat' dir='ltr'><strong>peccati</strong></span> <span class='ocrx_word' id='word_1_131' title='bbox 916 1552 1021 1636; x_wconf 87' lang='lat' dir='ltr'><strong>possit</strong></span> <span class='ocrx_word' id='word_1_132' title='bbox 1043 1572 1116 1616; x_wconf 91' lang='lat' dir='ltr'><strong>esse</strong></span> <span class='ocrx_word' id='word_1_133' title='bbox 1132 1572 1232 1617; x_wconf 90' lang='lat' dir='ltr'><strong>causa</strong></span> <span class='ocrx_word' id='word_1_134' title='bbox 1247 1551 1301 1616; x_wconf 90' lang='lat' dir='ltr'><strong>vel</strong></span> <span class='ocrx_word' id='word_1_135' title='bbox 1323 1551 1431 1618; x_wconf 87' lang='lat' dir='ltr'><strong>index.</strong></span> 
     </span>
     <span class='ocr_line' id='line_1_15' title="bbox 105 1638 1433 1723; baseline 0.002 -20"><span class='ocrx_word' id='word_1_136' title='bbox 105 1639 141 1720; x_wconf 84' lang='lat'><strong>3)</strong></span> <span class='ocrx_word' id='word_1_137' title='bbox 165 1638 254 1704; x_wconf 91' lang='lat' dir='ltr'><strong>Idem</strong></span> <span class='ocrx_word' id='word_1_138' title='bbox 278 1638 449 1704; x_wconf 90' lang='lat' dir='ltr'><strong>dicendum</strong></span> <span class='ocrx_word' id='word_1_139' title='bbox 472 1642 524 1704; x_wconf 87' lang='lat' dir='ltr'><strong>est</strong></span> <span class='ocrx_word' id='word_1_140' title='bbox 547 1640 587 1704; x_wconf 93' lang='lat' dir='ltr'><strong>de</strong></span> <span class='ocrx_word' id='word_1_141' title='bbox 610 1660 658 1716; x_wconf 92' lang='lat' dir='ltr'><strong>eo,</strong></span> <span class='ocrx_word' id='word_1_142' title='bbox 684 1641 770 1723; x_wconf 90' lang='lat' dir='ltr'><strong>quod</strong></span> <span class='ocrx_word' id='word_1_143' title='bbox 793 1641 1032 1707; x_wconf 89' lang='lat' dir='ltr'><strong>medicamenta</strong></span> <span class='ocrx_word' id='word_1_144' title='bbox 1054 1644 1226 1706; x_wconf 87' lang='lat' dir='ltr'><strong>sumantur</strong></span> <span class='ocrx_word' id='word_1_145' title='bbox 1248 1640 1290 1706; x_wconf 93' lang='lat' dir='ltr'><strong>ad</strong></span> <span class='ocrx_word' id='word_1_146' title='bbox 1314 1661 1433 1706; x_wconf 87' lang='lat' dir='ltr'><strong>acuen-</strong></span> 
     </span>
     <span class='ocr_line' id='line_1_16' title="bbox 106 1727 1433 1814; baseline 0.002 -21"><span class='ocrx_word' id='word_1_147' title='bbox 106 1727 183 1793; x_wconf 92' lang='lat' dir='ltr'><strong>dum</strong></span> <span class='ocrx_word' id='word_1_148' title='bbox 208 1727 401 1812; x_wconf 91' lang='lat' dir='ltr'><strong>appetitum,</strong></span> <span class='ocrx_word' id='word_1_149' title='bbox 426 1728 453 1793; x_wconf 91' lang='lat' dir='ltr'><strong>si</strong></span> <span class='ocrx_word' id='word_1_150' title='bbox 477 1728 539 1794; x_wconf 92' lang='lat' dir='ltr'><strong>hoc</strong></span> <span class='ocrx_word' id='word_1_151' title='bbox 561 1730 609 1805; x_wconf 92' lang='lat' dir='ltr'><strong>fit,</strong></span> <span class='ocrx_word' id='word_1_152' title='bbox 633 1733 670 1795; x_wconf 92' lang='lat' dir='ltr'><strong>ut</strong></span> <span class='ocrx_word' id='word_1_153' title='bbox 690 1750 786 1795; x_wconf 88' lang='lat' dir='ltr'><strong>casus</strong></span> <span class='ocrx_word' id='word_1_154' title='bbox 808 1730 924 1809; x_wconf 90' lang='lat' dir='ltr'><strong>innuit,</strong></span> <span class='ocrx_word' id='word_1_155' title='bbox 949 1730 990 1795; x_wconf 91' lang='lat' dir='ltr'><strong>ad</strong></span> <span class='ocrx_word' id='word_1_156' title='bbox 1014 1729 1189 1794; x_wconf 88' lang='lat' dir='ltr'><strong>sumendos</strong></span> <span class='ocrx_word' id='word_1_157' title='bbox 1212 1729 1300 1795; x_wconf 87' lang='lat' dir='ltr'><strong>cibos</strong></span> <span class='ocrx_word' id='word_1_158' title='bbox 1324 1730 1433 1814; x_wconf 93' lang='lat' dir='ltr'><strong>copio-</strong></span> 
     </span>
     <span class='ocr_line' id='line_1_17' title="bbox 105 1816 1433 1903; baseline 0.002 -21"><span class='ocrx_word' id='word_1_159' title='bbox 105 1816 220 1894; x_wconf 90' lang='lat' dir='ltr'><strong>siores,</strong></span> <span class='ocrx_word' id='word_1_160' title='bbox 237 1837 335 1900; x_wconf 89' lang='lat' dir='ltr'><strong>quam</strong></span> <span class='ocrx_word' id='word_1_161' title='bbox 352 1817 520 1894; x_wconf 89' lang='lat' dir='ltr'><strong>convenit;</strong></span> <span class='ocrx_word' id='word_1_162' title='bbox 537 1817 634 1884; x_wconf 87' lang='lat' dir='ltr'><strong>aliter</strong></span> <span class='ocrx_word' id='word_1_163' title='bbox 650 1839 739 1896; x_wconf 92' lang='lat' dir='ltr'><strong>sane,</strong></span> <span class='ocrx_word' id='word_1_164' title='bbox 759 1819 786 1884; x_wconf 93' lang='lat' dir='ltr'><strong>si</strong></span> <span class='ocrx_word' id='word_1_165' title='bbox 804 1819 886 1901; x_wconf 88' lang='lat' dir='ltr'><strong>quis,</strong></span> <span class='ocrx_word' id='word_1_166' title='bbox 903 1824 1039 1903; x_wconf 90' lang='lat' dir='ltr'><strong>propter</strong></span> <span class='ocrx_word' id='word_1_167' title='bbox 1054 1819 1215 1885; x_wconf 87' lang='lat' dir='ltr'><strong>stomachi</strong></span> <span class='ocrx_word' id='word_1_168' title='bbox 1231 1819 1433 1885; x_wconf 88' lang='lat' dir='ltr'><strong>debilitatem</strong></span> 
     </span>
     <span class='ocr_line' id='line_1_18' title="bbox 105 1905 1433 1993; baseline 0.002 -23"><span class='ocrx_word' id='word_1_169' title='bbox 105 1905 315 1971; x_wconf 87' lang='lat' dir='ltr'><strong>ferendorum</strong></span> <span class='ocrx_word' id='word_1_170' title='bbox 332 1905 478 1971; x_wconf 90' lang='lat' dir='ltr'><strong>ciborum</strong></span> <span class='ocrx_word' id='word_1_171' title='bbox 494 1926 649 1972; x_wconf 88' lang='lat' dir='ltr'><strong>eorumve</strong></span> <span class='ocrx_word' id='word_1_172' title='bbox 666 1907 778 1993; x_wconf 84' lang='lat' dir='ltr'><strong>copiae</strong></span> <span class='ocrx_word' id='word_1_173' title='bbox 802 1908 1025 1975; x_wconf 87' lang='lat' dir='ltr'><strong>convenientis</strong></span> <span class='ocrx_word' id='word_1_174' title='bbox 1041 1909 1208 1974; x_wconf 89' lang='lat' dir='ltr'><strong>commode</strong></span> <span class='ocrx_word' id='word_1_175' title='bbox 1232 1929 1433 1991; x_wconf 87' lang='lat' dir='ltr'><strong>concoquen-</strong></span> 
     </span>
     <span class='ocr_line' id='line_1_19' title="bbox 106 1995 1277 2078; baseline 0.003 -18"><span class='ocrx_word' id='word_1_176' title='bbox 106 1995 169 2061; x_wconf 85' lang='lat' dir='ltr'><strong>dae</strong></span> <span class='ocrx_word' id='word_1_177' title='bbox 192 1995 306 2078; x_wconf 86' lang='lat' dir='ltr'><strong>impar,</strong></span> <span class='ocrx_word' id='word_1_178' title='bbox 331 1999 441 2061; x_wconf 89' lang='lat' dir='ltr'><strong>sumat</strong></span> <span class='ocrx_word' id='word_1_179' title='bbox 456 1995 703 2065; x_wconf 86' lang='lat' dir='ltr'><strong>medicamenta</strong></span> <span class='ocrx_word' id='word_1_180' title='bbox 726 1997 767 2063; x_wconf 93' lang='lat' dir='ltr'><strong>ad</strong></span> <span class='ocrx_word' id='word_1_181' title='bbox 791 1998 996 2063; x_wconf 88' lang='lat' dir='ltr'><strong>stomachum</strong></span> <span class='ocrx_word' id='word_1_182' title='bbox 1018 1997 1277 2064; x_wconf 89' lang='lat' dir='ltr'><strong>confortandum.</strong></span> 
     </span>
    </p>
   </div>
   <div class='ocr_carea' id='block_1_5' title="bbox 104 2092 1495 3068">
    <p class='ocr_par' dir='ltr' id='par_1_5' title="bbox 105 2092 1495 2615">
     <span class='ocr_line' id='line_1_20' title="bbox 196 2092 1495 2179; baseline 0 -24"><span class='ocrx_word' id='word_1_183' title='bbox 196 2092 235 2157; x_wconf 91' lang='lat' dir='ltr'><strong>R.</strong></span> <span class='ocrx_word' id='word_1_184' title='bbox 256 2094 286 2158; x_wconf 80' lang='lat'><strong>2.</strong></span> <span class='ocrx_word' id='word_1_185' title='bbox 322 2092 415 2169; x_wconf 88' lang='lat' dir='ltr'><strong>Quod</strong></span> <span class='ocrx_word' id='word_1_186' title='bbox 438 2096 548 2159; x_wconf 90' lang='lat' dir='ltr'><strong>autem</strong></span> <span class='ocrx_word' id='word_1_187' title='bbox 573 2094 714 2172; x_wconf 86' lang='lat' dir='ltr'><strong>Calinus,</strong></span> <span class='ocrx_word' id='word_1_188' title='bbox 738 2095 781 2160; x_wconf 94' lang='lat' dir='ltr'><strong>ad</strong></span> <span class='ocrx_word' id='word_1_189' title='bbox 805 2116 878 2160; x_wconf 88' lang='lat' dir='ltr'><strong>eum</strong></span> <span class='ocrx_word' id='word_1_190' title='bbox 901 2096 996 2160; x_wconf 89' lang='lat' dir='ltr'><strong>finem</strong></span> <span class='ocrx_word' id='word_1_191' title='bbox 1021 2098 1059 2161; x_wconf 89' lang='lat' dir='ltr'><strong>ut</strong></span> <span class='ocrx_word' id='word_1_192' title='bbox 1082 2095 1187 2160; x_wconf 91' lang='lat' dir='ltr'><strong>denuo</strong></span> <span class='ocrx_word' id='word_1_193' title='bbox 1211 2095 1308 2160; x_wconf 91' lang='lat' dir='ltr'><strong>edere</strong></span> <span class='ocrx_word' id='word_1_194' title='bbox 1330 2095 1434 2179; x_wconf 90' lang='lat' dir='ltr'><strong>possit</strong></span> <span class='ocrx_word' id='word_1_195' title='bbox 1444 2102 1495 2158; x_wconf 75' lang='lat'><strong>172</strong></span> 
     </span>
     <span class='ocr_line' id='line_1_21' title="bbox 106 2181 1433 2266; baseline 0.003 -20"><span class='ocrx_word' id='word_1_196' title='bbox 106 2186 141 2248; x_wconf 90' lang='lat' dir='ltr'><strong>et</strong></span> <span class='ocrx_word' id='word_1_197' title='bbox 165 2181 263 2264; x_wconf 83' lang='lat' dir='ltr'><strong>gulae</strong></span> <span class='ocrx_word' id='word_1_198' title='bbox 287 2181 429 2259; x_wconf 88' lang='lat' dir='ltr'><strong>servire,</strong></span> <span class='ocrx_word' id='word_1_199' title='bbox 460 2183 619 2249; x_wconf 90' lang='lat' dir='ltr'><strong>vomitum</strong></span> <span class='ocrx_word' id='word_1_200' title='bbox 650 2188 824 2266; x_wconf 86' lang='lat' dir='ltr'><strong>provocat,</strong></span> <span class='ocrx_word' id='word_1_201' title='bbox 854 2185 1039 2266; x_wconf 86' lang='lat' dir='ltr'><strong>generatim</strong></span> <span class='ocrx_word' id='word_1_202' title='bbox 1063 2188 1216 2250; x_wconf 87' lang='lat' dir='ltr'><strong>censetur</strong></span> <span class='ocrx_word' id='word_1_203' title='bbox 1237 2184 1433 2250; x_wconf 89' lang='lat' dir='ltr'><strong>inordinatio</strong></span> 
     </span>
     <span class='ocr_line' id='line_1_22' title="bbox 105 2269 1434 2354; baseline 0.003 -20"><span class='ocrx_word' id='word_1_204' title='bbox 105 2269 236 2352; x_wconf 86' lang='lat' dir='ltr'><strong>gravis,</strong></span> <span class='ocrx_word' id='word_1_205' title='bbox 268 2290 406 2352; x_wconf 89' lang='lat' dir='ltr'><strong>eamque</strong></span> <span class='ocrx_word' id='word_1_206' title='bbox 428 2270 600 2348; x_wconf 89' lang='lat' dir='ltr'><strong>Reuter,</strong></span> <span class='ocrx_word' id='word_1_207' title='bbox 626 2272 839 2354; x_wconf 81' lang='lat' dir='ltr'><strong>Neo-confess.</strong></span> <span class='ocrx_word' id='word_1_208' title='bbox 864 2294 895 2339; x_wconf 90' lang='lat' dir='ltr'><strong>n.</strong></span> <span class='ocrx_word' id='word_1_209' title='bbox 921 2276 980 2352; x_wconf 82' lang='lat'><strong>84,</strong></span> <span class='ocrx_word' id='word_1_210' title='bbox 1012 2273 1081 2339; x_wconf 89' lang='lat' dir='ltr'><strong>sine</strong></span> <span class='ocrx_word' id='word_1_211' title='bbox 1105 2273 1322 2341; x_wconf 86' lang='lat' dir='ltr'><strong>haesitatione</strong></span> <span class='ocrx_word' id='word_1_212' title='bbox 1352 2296 1434 2339; x_wconf 89' lang='lat' dir='ltr'><strong>mor·</strong></span> 
     </span>
     <span class='ocr_line' id='line_1_23' title="bbox 105 2358 1433 2444; baseline 0.002 -19"><span class='ocrx_word' id='word_1_213' title='bbox 105 2362 169 2425; x_wconf 83' lang='lat' dir='ltr'><strong>talc</strong></span> <span class='ocrx_word' id='word_1_214' title='bbox 192 2358 272 2424; x_wconf 88' lang='lat' dir='ltr'><strong>dicit</strong></span> <span class='ocrx_word' id='word_1_215' title='bbox 300 2364 488 2442; x_wconf 90' lang='lat' dir='ltr'><strong>peccatum;</strong></span> <span class='ocrx_word' id='word_1_216' title='bbox 520 2360 576 2426; x_wconf 86' lang='lat' dir='ltr'><strong>alii</strong></span> <span class='ocrx_word' id='word_1_217' title='bbox 606 2363 717 2425; x_wconf 91' lang='lat' dir='ltr'><strong>tamen</strong></span> <span class='ocrx_word' id='word_1_218' title='bbox 747 2361 780 2426; x_wconf 95' lang='lat' dir='ltr'><strong>id</strong></span> <span class='ocrx_word' id='word_1_219' title='bbox 809 2362 843 2426; x_wconf 90' lang='lat' dir='ltr'><strong>in</strong></span> <span class='ocrx_word' id='word_1_220' title='bbox 873 2363 969 2428; x_wconf 92' lang='lat' dir='ltr'><strong>dubio</strong></span> <span class='ocrx_word' id='word_1_221' title='bbox 999 2363 1188 2444; x_wconf 89' lang='lat' dir='ltr'><strong>relinquunt</strong></span> <span class='ocrx_word' id='word_1_222' title='bbox 1210 2364 1264 2428; x_wconf 90' lang='lat' dir='ltr'><strong>vel</strong></span> <span class='ocrx_word' id='word_1_223' title='bbox 1294 2363 1433 2428; x_wconf 88' lang='lat' dir='ltr'><strong>mortale</strong></span> 
     </span>
     <span class='ocr_line' id='line_1_24' title="bbox 105 2450 1433 2535; baseline 0.002 -21"><span class='ocrx_word' id='word_1_224' title='bbox 105 2453 279 2534; x_wconf 89' lang='lat' dir='ltr'><strong>peccatum</strong></span> <span class='ocrx_word' id='word_1_225' title='bbox 311 2471 348 2514; x_wconf 82' lang='lat' dir='ltr'><strong>es</strong></span> <span class='ocrx_word' id='word_1_226' title='bbox 377 2470 409 2513; x_wconf 86' lang='lat' dir='ltr'><strong>se</strong></span> <span class='ocrx_word' id='word_1_227' title='bbox 439 2469 511 2514; x_wconf 89' lang='lat' dir='ltr'><strong>esse</strong></span> <span class='ocrx_word' id='word_1_228' title='bbox 542 2454 674 2531; x_wconf 89' lang='lat' dir='ltr'><strong>negant.</strong></span> <span class='ocrx_word' id='word_1_229' title='bbox 731 2450 778 2516; x_wconf 81' lang='lat' dir='ltr'><strong>cf.</strong></span> <span class='ocrx_word' id='word_1_230' title='bbox 811 2450 842 2517; x_wconf 86' lang='lat' dir='ltr'><strong>S.</strong></span> <span class='ocrx_word' id='word_1_231' title='bbox 873 2450 997 2535; x_wconf 83' lang='lat' dir='ltr'><strong>Alph.</strong></span> <span class='ocrx_word' id='word_1_232' title='bbox 1021 2452 1062 2527; x_wconf 90' lang='lat' dir='ltr'><strong>V,</strong></span> <span class='ocrx_word' id='word_1_233' title='bbox 1096 2454 1154 2529; x_wconf 88' lang='grc'><strong>73;</strong></span> <span class='ocrx_word' id='word_1_234' title='bbox 1190 2451 1433 2517; x_wconf 90' lang='lat' dir='ltr'><strong>Ballerini·</strong></span> 
     </span>
     <span class='ocr_line' id='line_1_25' title="bbox 107 2538 518 2615; baseline 0.005 -12"><span class='ocrx_word' id='word_1_235' title='bbox 107 2538 238 2603; x_wconf 89' lang='lat' dir='ltr'><strong>Palm.</strong></span> <span class='ocrx_word' id='word_1_236' title='bbox 263 2542 306 2604; x_wconf 92' lang='lat' dir='ltr'><strong>tr.</strong></span> <span class='ocrx_word' id='word_1_237' title='bbox 331 2540 362 2615; x_wconf 81' lang='lat'><strong>4,</strong></span> <span class='ocrx_word' id='word_1_238' title='bbox 387 2558 417 2603; x_wconf 88' lang='lat' dir='ltr'><strong>n.</strong></span> <span class='ocrx_word' id='word_1_239' title='bbox 443 2540 518 2605; x_wconf 81' lang='lat'><strong>374.</strong></span> 
     </span>
    </p>

    <p class='ocr_par' dir='ltr' id='par_1_6' title="bbox 104 2625 1434 3068">
     <span class='ocr_line' id='line_1_26' title="bbox 197 2625 1434 2708; baseline 0.002 -17"><span class='ocrx_word' id='word_1_240' title='bbox 197 2625 282 2692; x_wconf 87' lang='lat' dir='ltr'><strong>Hinc</strong></span> <span class='ocrx_word' id='word_1_241' title='bbox 301 2630 361 2705; x_wconf 91' lang='lat' dir='ltr'><strong>est,</strong></span> <span class='ocrx_word' id='word_1_242' title='bbox 386 2648 445 2692; x_wconf 89' lang='lat' dir='ltr'><strong>cur</strong></span> <span class='ocrx_word' id='word_1_243' title='bbox 468 2648 509 2692; x_wconf 91' lang='lat' dir='ltr'><strong>ex</strong></span> <span class='ocrx_word' id='word_1_244' title='bbox 533 2630 606 2694; x_wconf 89' lang='lat' dir='ltr'><strong>tota</strong></span> <span class='ocrx_word' id='word_1_245' title='bbox 629 2627 747 2708; x_wconf 87' lang='lat' dir='ltr'><strong>agendi</strong></span> <span class='ocrx_word' id='word_1_246' title='bbox 771 2627 899 2693; x_wconf 88' lang='lat' dir='ltr'><strong>ratione</strong></span> <span class='ocrx_word' id='word_1_247' title='bbox 915 2628 1018 2694; x_wconf 81' lang='lat' dir='ltr'><strong>Callai</strong></span> <span class='ocrx_word' id='word_1_248' title='bbox 1041 2629 1140 2694; x_wconf 92' lang='lat' dir='ltr'><strong>timor</strong></span> <span class='ocrx_word' id='word_1_249' title='bbox 1163 2650 1227 2694; x_wconf 92' lang='lat' dir='ltr'><strong>non</strong></span> <span class='ocrx_word' id='word_1_250' title='bbox 1251 2627 1333 2695; x_wconf 90' lang='lat' dir='ltr'><strong>levis</strong></span> <span class='ocrx_word' id='word_1_251' title='bbox 1357 2650 1434 2694; x_wconf 88' lang='lat' dir='ltr'><strong>con·</strong></span> 
     </span>
     <span class='ocr_line' id='line_1_27' title="bbox 105 2715 1433 2800; baseline 0.002 -19"><span class='ocrx_word' id='word_1_252' title='bbox 105 2715 264 2800; x_wconf 90' lang='lat' dir='ltr'><strong>cipiatur,</strong></span> <span class='ocrx_word' id='word_1_253' title='bbox 296 2737 337 2781; x_wconf 93' lang='lat' dir='ltr'><strong>ne</strong></span> <span class='ocrx_word' id='word_1_254' title='bbox 366 2715 398 2781; x_wconf 94' lang='lat' dir='ltr'><strong>in</strong></span> <span class='ocrx_word' id='word_1_255' title='bbox 429 2717 507 2799; x_wconf 87' lang='lat' dir='ltr'><strong>gula</strong></span> <span class='ocrx_word' id='word_1_256' title='bbox 530 2715 624 2799; x_wconf 88' lang='lat' dir='ltr'><strong>quasi</strong></span> <span class='ocrx_word' id='word_1_257' title='bbox 653 2717 746 2800; x_wconf 72' lang='lat' dir='ltr'><strong>fierem</strong></span> <span class='ocrx_word' id='word_1_258' title='bbox 778 2717 909 2782; x_wconf 90' lang='lat' dir='ltr'><strong>vivendi</strong></span> <span class='ocrx_word' id='word_1_259' title='bbox 940 2718 1120 2785; x_wconf 84' lang='lat' dir='ltr'><strong>constituat</strong></span> <span class='ocrx_word' id='word_1_260' title='bbox 1149 2724 1249 2800; x_wconf 85' lang='lat' dir='ltr'><strong>atque</strong></span> <span class='ocrx_word' id='word_1_261' title='bbox 1278 2717 1327 2784; x_wconf 89' lang='lat' dir='ltr'><strong>ita</strong></span> <span class='ocrx_word' id='word_1_262' title='bbox 1357 2739 1433 2783; x_wconf 89' lang='lat' dir='ltr'><strong>con-</strong></span> 
     </span>
     <span class='ocr_line' id='line_1_28' title="bbox 105 2804 1434 2890; baseline 0.002 -19"><span class='ocrx_word' id='word_1_263' title='bbox 105 2805 252 2871; x_wconf 88' lang='lat' dir='ltr'><strong>tinenter</strong></span> <span class='ocrx_word' id='word_1_264' title='bbox 274 2804 307 2869; x_wconf 93' lang='lat' dir='ltr'><strong>in</strong></span> <span class='ocrx_word' id='word_1_265' title='bbox 329 2805 423 2888; x_wconf 85' lang='lat' dir='ltr'><strong>gravi</strong></span> <span class='ocrx_word' id='word_1_266' title='bbox 454 2809 590 2889; x_wconf 87' lang='lat' dir='ltr'><strong>peccato</strong></span> <span class='ocrx_word' id='word_1_267' title='bbox 614 2805 716 2874; x_wconf 87' lang='lat' dir='ltr'><strong>vivat.</strong></span> <span class='ocrx_word' id='word_1_268' title='bbox 740 2844 784 2853; x_wconf 91' lang='lat'><em>-</em></span> <span class='ocrx_word' id='word_1_269' title='bbox 815 2806 963 2873; x_wconf 82' lang='lat' dir='ltr'><strong>Ceterum</strong></span> <span class='ocrx_word' id='word_1_270' title='bbox 989 2806 1120 2872; x_wconf 84' lang='lat' dir='ltr'><strong>Calinus</strong></span> <span class='ocrx_word' id='word_1_271' title='bbox 1151 2807 1250 2871; x_wconf 91' lang='lat' dir='ltr'><strong>etiam</strong></span> <span class='ocrx_word' id='word_1_272' title='bbox 1280 2807 1434 2890; x_wconf 82' lang='lat' dir='ltr'><strong>inplens</strong></span> 
     </span>
     <span class='ocr_line' id='line_1_29' title="bbox 104 2894 1434 2976; baseline 0.002 -16"><span class='ocrx_word' id='word_1_273' title='bbox 104 2894 276 2962; x_wconf 88' lang='lat' dir='ltr'><strong>otiositate</strong></span> <span class='ocrx_word' id='word_1_274' title='bbox 291 2895 422 2961; x_wconf 88' lang='lat' dir='ltr'><strong>videtur</strong></span> <span class='ocrx_word' id='word_1_275' title='bbox 438 2895 560 2973; x_wconf 92' lang='lat' dir='ltr'><strong>vivere,</strong></span> <span class='ocrx_word' id='word_1_276' title='bbox 586 2915 670 2976; x_wconf 89' lang='lat' dir='ltr'><strong>quae</strong></span> <span class='ocrx_word' id='word_1_277' title='bbox 694 2900 782 2961; x_wconf 91' lang='lat' dir='ltr'><strong>certo</strong></span> <span class='ocrx_word' id='word_1_278' title='bbox 807 2895 929 2961; x_wconf 84' lang='lat' dir='ltr'><strong>certius</strong></span> <span class='ocrx_word' id='word_1_279' title='bbox 953 2916 1026 2961; x_wconf 87' lang='lat' dir='ltr'><strong>eum</strong></span> <span class='ocrx_word' id='word_1_280' title='bbox 1049 2896 1082 2961; x_wconf 93' lang='lat' dir='ltr'><strong>in</strong></span> <span class='ocrx_word' id='word_1_281' title='bbox 1098 2896 1219 2962; x_wconf 89' lang='lat' dir='ltr'><strong>multas</strong></span> <span class='ocrx_word' id='word_1_282' title='bbox 1235 2897 1434 2962; x_wconf 86' lang='lat' dir='ltr'><strong>tentationes</strong></span> 
     </span>
     <span class='ocr_line' id='line_1_30' title="bbox 106 2983 830 3068; baseline 0 -18"><span class='ocrx_word' id='word_1_283' title='bbox 106 2987 208 3067; x_wconf 89' lang='lat' dir='ltr'><strong>atque</strong></span> <span class='ocrx_word' id='word_1_284' title='bbox 230 2984 264 3049; x_wconf 92' lang='lat' dir='ltr'><strong>in</strong></span> <span class='ocrx_word' id='word_1_285' title='bbox 288 2983 360 3068; x_wconf 91' lang='lat' dir='ltr'><strong>ipsa</strong></span> <span class='ocrx_word' id='word_1_286' title='bbox 382 2989 520 3067; x_wconf 87' lang='lat' dir='ltr'><strong>peccata</strong></span> <span class='ocrx_word' id='word_1_287' title='bbox 542 2984 659 3066; x_wconf 89' lang='lat' dir='ltr'><strong>gravia</strong></span> <span class='ocrx_word' id='word_1_288' title='bbox 683 2984 830 3050; x_wconf 86' lang='lat' dir='ltr'><strong>coniciet.</strong></span> 
     </span>
    </p>
   </div>
   <div class='ocr_carea' id='block_1_6' title="bbox 104 3081 1434 4237">
    <p class='ocr_par' dir='ltr' id='par_1_7' title="bbox 104 3081 1434 4237">
     <span class='ocr_line' id='line_1_31' title="bbox 196 3081 1433 3166; baseline 0.002 -21"><span class='ocrx_word' id='word_1_289' title='bbox 196 3081 235 3146; x_wconf 90' lang='lat' dir='ltr'><strong>R.</strong></span> <span class='ocrx_word' id='word_1_290' title='bbox 261 3083 292 3147; x_wconf 89' lang='lat'><strong>3.</strong></span> <span class='ocrx_word' id='word_1_291' title='bbox 337 3081 500 3166; x_wconf 89' lang='lat' dir='ltr'><strong>Imprimis</strong></span> <span class='ocrx_word' id='word_1_292' title='bbox 523 3081 635 3147; x_wconf 87' lang='lat' dir='ltr'><strong>Calino</strong></span> <span class='ocrx_word' id='word_1_293' title='bbox 664 3082 897 3164; x_wconf 87' lang='lat' dir='ltr'><strong>iniungendum</strong></span> <span class='ocrx_word' id='word_1_294' title='bbox 928 3087 996 3160; x_wconf 88' lang='lat' dir='ltr'><strong>est,</strong></span> <span class='ocrx_word' id='word_1_295' title='bbox 1027 3086 1064 3149; x_wconf 89' lang='lat' dir='ltr'><strong>ut</strong></span> <span class='ocrx_word' id='word_1_296' title='bbox 1088 3081 1179 3146; x_wconf 92' lang='lat' dir='ltr'><strong>illum</strong></span> <span class='ocrx_word' id='word_1_297' title='bbox 1203 3081 1351 3147; x_wconf 90' lang='lat' dir='ltr'><strong>ultimum</strong></span> <span class='ocrx_word' id='word_1_298' title='bbox 1375 3101 1433 3147; x_wconf 85' lang='lat' dir='ltr'><strong>ex·</strong></span> 
     </span>
     <span class='ocr_line' id='line_1_32' title="bbox 105 3169 1434 3254; baseline -0.001 -18"><span class='ocrx_word' id='word_1_299' title='bbox 105 3191 234 3236; x_wconf 89' lang='lat' dir='ltr'><strong>cessum</strong></span> <span class='ocrx_word' id='word_1_300' title='bbox 258 3169 386 3235; x_wconf 89' lang='lat' dir='ltr'><strong>omnino</strong></span> <span class='ocrx_word' id='word_1_301' title='bbox 411 3171 545 3237; x_wconf 88' lang='lat' dir='ltr'><strong>omittat</strong></span> <span class='ocrx_word' id='word_1_302' title='bbox 573 3175 673 3253; x_wconf 85' lang='lat' dir='ltr'><strong>atque</strong></span> <span class='ocrx_word' id='word_1_303' title='bbox 703 3171 736 3235; x_wconf 92' lang='lat' dir='ltr'><strong>in</strong></span> <span class='ocrx_word' id='word_1_304' title='bbox 766 3192 887 3254; x_wconf 86' lang='lat' dir='ltr'><strong>genere</strong></span> <span class='ocrx_word' id='word_1_305' title='bbox 915 3195 935 3238; x_wconf 92' lang='lat' dir='ltr'><strong>a</strong></span> <span class='ocrx_word' id='word_1_306' title='bbox 958 3171 1122 3236; x_wconf 91' lang='lat' dir='ltr'><strong>sumendis</strong></span> <span class='ocrx_word' id='word_1_307' title='bbox 1151 3170 1283 3248; x_wconf 89' lang='lat' dir='ltr'><strong>mediis,</strong></span> <span class='ocrx_word' id='word_1_308' title='bbox 1318 3171 1434 3252; x_wconf 90' lang='lat' dir='ltr'><strong>quibus</strong></span> 
     </span>
     <span class='ocr_line' id='line_1_33' title="bbox 105 3258 1433 3345; baseline 0 -21"><span class='ocrx_word' id='word_1_309' title='bbox 105 3259 195 3325; x_wconf 91' lang='lat' dir='ltr'><strong>ultra</strong></span> <span class='ocrx_word' id='word_1_310' title='bbox 217 3258 349 3324; x_wconf 90' lang='lat' dir='ltr'><strong>modum</strong></span> <span class='ocrx_word' id='word_1_311' title='bbox 373 3264 471 3326; x_wconf 88' lang='lat' dir='ltr'><strong>acuat</strong></span> <span class='ocrx_word' id='word_1_312' title='bbox 494 3260 638 3326; x_wconf 92' lang='lat' dir='ltr'><strong>ciborum</strong></span> <span class='ocrx_word' id='word_1_313' title='bbox 662 3261 854 3345; x_wconf 83' lang='lat' dir='ltr'><strong>appetitum,</strong></span> <span class='ocrx_word' id='word_1_314' title='bbox 879 3260 1051 3327; x_wconf 87' lang='lat' dir='ltr'><strong>abstineat.</strong></span> <span class='ocrx_word' id='word_1_315' title='bbox 1077 3259 1227 3325; x_wconf 89' lang='lat' dir='ltr'><strong>—Dein</strong></span> <span class='ocrx_word' id='word_1_316' title='bbox 1251 3258 1335 3325; x_wconf 88' lang='lat' dir='ltr'><strong>serio</strong></span> <span class='ocrx_word' id='word_1_317' title='bbox 1359 3280 1433 3342; x_wconf 89' lang='lat' dir='ltr'><strong>per-</strong></span> 
     </span>
     <span class='ocr_line' id='line_1_34' title="bbox 105 3347 1433 3432; baseline 0 -18"><span class='ocrx_word' id='word_1_318' title='bbox 105 3348 230 3432; x_wconf 89' lang='lat' dir='ltr'><strong>pendat</strong></span> <span class='ocrx_word' id='word_1_319' title='bbox 261 3347 400 3413; x_wconf 91' lang='lat' dir='ltr'><strong>hominis</strong></span> <span class='ocrx_word' id='word_1_320' title='bbox 431 3349 534 3414; x_wconf 86' lang='lat' dir='ltr'><strong>vitam</strong></span> <span class='ocrx_word' id='word_1_321' title='bbox 566 3349 663 3431; x_wconf 86' lang='lat' dir='ltr'><strong>longe</strong></span> <span class='ocrx_word' id='word_1_322' title='bbox 693 3349 843 3415; x_wconf 87' lang='lat' dir='ltr'><strong>altiorem</strong></span> <span class='ocrx_word' id='word_1_323' title='bbox 873 3352 968 3415; x_wconf 90' lang='lat' dir='ltr'><strong>finem</strong></span> <span class='ocrx_word' id='word_1_324' title='bbox 1005 3349 1141 3426; x_wconf 87' lang='lat' dir='ltr'><strong>habere,</strong></span> <span class='ocrx_word' id='word_1_325' title='bbox 1182 3370 1278 3431; x_wconf 91' lang='lat' dir='ltr'><strong>quam</strong></span> <span class='ocrx_word' id='word_1_326' title='bbox 1315 3347 1433 3414; x_wconf 89' lang='lat' dir='ltr'><strong>infimis</strong></span> 
     </span>
     <span class='ocr_line' id='line_1_35' title="bbox 105 3436 1432 3521; baseline 0.002 -19"><span class='ocrx_word' id='word_1_327' title='bbox 105 3436 180 3503; x_wconf 88' lang='lat' dir='ltr'><strong>istis</strong></span> <span class='ocrx_word' id='word_1_328' title='bbox 203 3436 429 3520; x_wconf 91' lang='lat' dir='ltr'><strong>voluptatibus</strong></span> <span class='ocrx_word' id='word_1_329' title='bbox 452 3459 524 3502; x_wconf 91' lang='lat' dir='ltr'><strong>cum</strong></span> <span class='ocrx_word' id='word_1_330' title='bbox 549 3438 653 3505; x_wconf 89' lang='lat' dir='ltr'><strong>brutis</strong></span> <span class='ocrx_word' id='word_1_331' title='bbox 677 3439 769 3504; x_wconf 91' lang='lat' dir='ltr'><strong>nobis</strong></span> <span class='ocrx_word' id='word_1_332' title='bbox 793 3439 1016 3505; x_wconf 90' lang='lat' dir='ltr'><strong>communibus</strong></span> <span class='ocrx_word' id='word_1_333' title='bbox 1045 3438 1232 3515; x_wconf 89' lang='lat' dir='ltr'><strong>inhaerero;</strong></span> <span class='ocrx_word' id='word_1_334' title='bbox 1261 3438 1432 3521; x_wconf 90' lang='lat' dir='ltr'><strong>recogitet,</strong></span> 
     </span>
     <span class='ocr_line' id='line_1_36' title="bbox 105 3526 1432 3613; baseline 0 -21"><span class='ocrx_word' id='word_1_335' title='bbox 105 3546 192 3609; x_wconf 88' lang='lat' dir='ltr'><strong>quse</strong></span> <span class='ocrx_word' id='word_1_336' title='bbox 221 3530 256 3592; x_wconf 94' lang='lat' dir='ltr'><strong>et</strong></span> <span class='ocrx_word' id='word_1_337' title='bbox 282 3530 407 3609; x_wconf 90' lang='lat' dir='ltr'><strong>quanta</strong></span> <span class='ocrx_word' id='word_1_338' title='bbox 429 3526 577 3592; x_wconf 80' lang='lat' dir='ltr'><strong>Christus</strong></span> <span class='ocrx_word' id='word_1_339' title='bbox 599 3527 756 3592; x_wconf 91' lang='lat' dir='ltr'><strong>Dominus</strong></span> <span class='ocrx_word' id='word_1_340' title='bbox 788 3549 847 3613; x_wconf 89' lang='lat' dir='ltr'><strong>pro</strong></span> <span class='ocrx_word' id='word_1_341' title='bbox 877 3529 1059 3604; x_wconf 90' lang='lat' dir='ltr'><strong>hominum,</strong></span> <span class='ocrx_word' id='word_1_342' title='bbox 1091 3527 1191 3593; x_wconf 91' lang='lat' dir='ltr'><strong>etiam</strong></span> <span class='ocrx_word' id='word_1_343' title='bbox 1221 3528 1432 3609; x_wconf 87' lang='lat' dir='ltr'><strong>singulorum,</strong></span> 
     </span>
     <span class='ocr_line' id='line_1_37' title="bbox 106 3615 1434 3700; baseline 0.002 -19"><span class='ocrx_word' id='word_1_344' title='bbox 106 3616 215 3681; x_wconf 87' lang='lat' dir='ltr'><strong>salute</strong></span> <span class='ocrx_word' id='word_1_345' title='bbox 238 3635 413 3699; x_wconf 91' lang='lat' dir='ltr'><strong>perpessus</strong></span> <span class='ocrx_word' id='word_1_346' title='bbox 436 3615 489 3691; x_wconf 91' lang='lat' dir='ltr'><strong>sit,</strong></span> <span class='ocrx_word' id='word_1_347' title='bbox 515 3620 549 3682; x_wconf 90' lang='lat' dir='ltr'><strong>et</strong></span> <span class='ocrx_word' id='word_1_348' title='bbox 565 3617 724 3698; x_wconf 89' lang='lat' dir='ltr'><strong>quomodo</strong></span> <span class='ocrx_word' id='word_1_349' title='bbox 748 3617 888 3682; x_wconf 91' lang='lat' dir='ltr'><strong>hominis</strong></span> <span class='ocrx_word' id='word_1_350' title='bbox 911 3616 1079 3683; x_wconf 91' lang='lat' dir='ltr'><strong>christiani</strong></span> <span class='ocrx_word' id='word_1_351' title='bbox 1103 3617 1148 3684; x_wconf 92' lang='lat' dir='ltr'><strong>sit</strong></span> <span class='ocrx_word' id='word_1_352' title='bbox 1170 3637 1229 3700; x_wconf 90' lang='lat' dir='ltr'><strong>per</strong></span> <span class='ocrx_word' id='word_1_353' title='bbox 1247 3637 1377 3683; x_wconf 90' lang='lat' dir='ltr'><strong>crucem</strong></span> <span class='ocrx_word' id='word_1_354' title='bbox 1400 3622 1434 3684; x_wconf 93' lang='lat' dir='ltr'><strong>et</strong></span> 
     </span>
     <span class='ocr_line' id='line_1_38' title="bbox 104 3704 1433 3789; baseline 0.003 -20"><span class='ocrx_word' id='word_1_355' title='bbox 104 3725 285 3789; x_wconf 89' lang='lat' dir='ltr'><strong>pravarum</strong></span> <span class='ocrx_word' id='word_1_356' title='bbox 309 3704 523 3789; x_wconf 86' lang='lat' dir='ltr'><strong>cupiditatum</strong></span> <span class='ocrx_word' id='word_1_357' title='bbox 547 3706 798 3788; x_wconf 85' lang='lat' dir='ltr'><strong>abnegationem</strong></span> <span class='ocrx_word' id='word_1_358' title='bbox 814 3706 943 3773; x_wconf 82' lang='lat' dir='ltr'><strong>Christo</strong></span> <span class='ocrx_word' id='word_1_359' title='bbox 966 3705 1103 3772; x_wconf 90' lang='lat' dir='ltr'><strong>similem</strong></span> <span class='ocrx_word' id='word_1_360' title='bbox 1126 3706 1196 3771; x_wconf 87' lang='lat' dir='ltr'><strong>fieri</strong></span> <span class='ocrx_word' id='word_1_361' title='bbox 1221 3711 1255 3773; x_wconf 89' lang='lat' dir='ltr'><strong>et</strong></span> <span class='ocrx_word' id='word_1_362' title='bbox 1277 3712 1433 3773; x_wconf 87' lang='lat' dir='ltr'><strong>aeternae</strong></span> 
     </span>
     <span class='ocr_line' id='line_1_39' title="bbox 105 3793 1434 3879; baseline 0.001 -20"><span class='ocrx_word' id='word_1_363' title='bbox 105 3793 319 3859; x_wconf 84' lang='lat' dir='ltr'><strong>beatitudinis</strong></span> <span class='ocrx_word' id='word_1_364' title='bbox 353 3795 403 3858; x_wconf 93' lang='lat' dir='ltr'><strong>ius</strong></span> <span class='ocrx_word' id='word_1_365' title='bbox 438 3794 498 3860; x_wconf 89' lang='lat' dir='ltr'><strong>sibi</strong></span> <span class='ocrx_word' id='word_1_366' title='bbox 534 3816 740 3879; x_wconf 76' lang='lat' dir='ltr'><strong>comparare:</strong></span> <span class='ocrx_word' id='word_1_367' title='bbox 776 3795 810 3860; x_wconf 91' lang='lat' dir='ltr'><strong>in</strong></span> <span class='ocrx_word' id='word_1_368' title='bbox 842 3800 985 3863; x_wconf 87' lang='lat' dir='ltr'><strong>mentem</strong></span> <span class='ocrx_word' id='word_1_369' title='bbox 1017 3797 1154 3862; x_wconf 87' lang='lat' dir='ltr'><strong>reducat</strong></span> <span class='ocrx_word' id='word_1_370' title='bbox 1185 3795 1349 3861; x_wconf 89' lang='lat' dir='ltr'><strong>miseriam</strong></span> <span class='ocrx_word' id='word_1_371' title='bbox 1382 3799 1434 3862; x_wconf 89' lang='lat' dir='ltr'><strong>tot</strong></span> 
     </span>
     <span class='ocr_line' id='line_1_40' title="bbox 105 3882 1431 3970; baseline 0.002 -22"><span class='ocrx_word' id='word_1_372' title='bbox 105 3883 245 3948; x_wconf 90' lang='lat' dir='ltr'><strong>aliorum</strong></span> <span class='ocrx_word' id='word_1_373' title='bbox 268 3882 443 3960; x_wconf 92' lang='lat' dir='ltr'><strong>hominum,</strong></span> <span class='ocrx_word' id='word_1_374' title='bbox 468 3883 608 3949; x_wconf 86' lang='lat' dir='ltr'><strong>fratrum</strong></span> <span class='ocrx_word' id='word_1_375' title='bbox 633 3905 775 3962; x_wconf 91' lang='lat' dir='ltr'><strong>suorum,</strong></span> <span class='ocrx_word' id='word_1_376' title='bbox 804 3885 859 3967; x_wconf 93' lang='lat' dir='ltr'><strong>qui</strong></span> <span class='ocrx_word' id='word_1_377' title='bbox 882 3885 969 3951; x_wconf 88' lang='lat' dir='ltr'><strong>fame</strong></span> <span class='ocrx_word' id='word_1_378' title='bbox 992 3889 1184 3970; x_wconf 86' lang='lat' dir='ltr'><strong>premantur</strong></span> <span class='ocrx_word' id='word_1_379' title='bbox 1207 3885 1261 3950; x_wconf 88' lang='lat' dir='ltr'><strong>vel</strong></span> <span class='ocrx_word' id='word_1_380' title='bbox 1284 3888 1431 3969; x_wconf 87' lang='lat' dir='ltr'><strong>pereant,</strong></span> 
     </span>
     <span class='ocr_line' id='line_1_41' title="bbox 106 3972 1433 4058; baseline 0.002 -22"><span class='ocrx_word' id='word_1_381' title='bbox 106 3993 189 4055; x_wconf 90' lang='lat' dir='ltr'><strong>quos</strong></span> <span class='ocrx_word' id='word_1_382' title='bbox 212 3972 429 4055; x_wconf 85' lang='lat' dir='ltr'><strong>eleemosynis</strong></span> <span class='ocrx_word' id='word_1_383' title='bbox 452 3993 494 4037; x_wconf 89' lang='lat' dir='ltr'><strong>ex</strong></span> <span class='ocrx_word' id='word_1_384' title='bbox 518 3973 682 4056; x_wconf 88' lang='lat' dir='ltr'><strong>superfluo</strong></span> <span class='ocrx_word' id='word_1_385' title='bbox 706 3974 851 4055; x_wconf 83' lang='lat' dir='ltr'><strong>erogatis</strong></span> <span class='ocrx_word' id='word_1_386' title='bbox 874 3974 935 4039; x_wconf 90' lang='lat' dir='ltr'><strong>sibi</strong></span> <span class='ocrx_word' id='word_1_387' title='bbox 959 3975 1044 4058; x_wconf 87' lang='lat' dir='ltr'><strong>apud</strong></span> <span class='ocrx_word' id='word_1_388' title='bbox 1068 3976 1172 4039; x_wconf 92' lang='lat' dir='ltr'><strong>Deum</strong></span> <span class='ocrx_word' id='word_1_389' title='bbox 1196 3974 1376 4040; x_wconf 90' lang='lat' dir='ltr'><strong>advocatos</strong></span> <span class='ocrx_word' id='word_1_390' title='bbox 1399 3978 1433 4039; x_wconf 88' lang='lat' dir='ltr'><strong>et</strong></span> 
     </span>
     <span class='ocr_line' id='line_1_42' title="bbox 105 4061 1432 4146; baseline 0.003 -20"><span class='ocrx_word' id='word_1_391' title='bbox 105 4061 341 4146; x_wconf 85' lang='lat' dir='ltr'><strong>propitiatores</strong></span> <span class='ocrx_word' id='word_1_392' title='bbox 371 4061 570 4127; x_wconf 88' lang='lat' dir='ltr'><strong>constituere</strong></span> <span class='ocrx_word' id='word_1_393' title='bbox 600 4065 726 4145; x_wconf 91' lang='lat' dir='ltr'><strong>potest,</strong></span> <span class='ocrx_word' id='word_1_394' title='bbox 758 4063 816 4127; x_wconf 91' lang='lat' dir='ltr'><strong>sed</strong></span> <span class='ocrx_word' id='word_1_395' title='bbox 839 4085 921 4145; x_wconf 90' lang='lat' dir='ltr'><strong>quos</strong></span> <span class='ocrx_word' id='word_1_396' title='bbox 944 4068 1153 4130; x_wconf 89' lang='lat' dir='ltr'><strong>accusatores</strong></span> <span class='ocrx_word' id='word_1_397' title='bbox 1176 4061 1347 4128; x_wconf 90' lang='lat' dir='ltr'><strong>habiturus</strong></span> <span class='ocrx_word' id='word_1_398' title='bbox 1371 4066 1432 4141; x_wconf 88' lang='lat' dir='ltr'><strong>est,</strong></span> 
     </span>
     <span class='ocr_line' id='line_1_43' title="bbox 106 4149 1227 4237; baseline 0.002 -21"><span class='ocrx_word' id='word_1_399' title='bbox 106 4150 135 4216; x_wconf 89' lang='lat' dir='ltr'><strong>si</strong></span> <span class='ocrx_word' id='word_1_400' title='bbox 158 4154 277 4235; x_wconf 88' lang='lat' dir='ltr'><strong>pergat</strong></span> <span class='ocrx_word' id='word_1_401' title='bbox 299 4149 434 4235; x_wconf 82' lang='lat' dir='ltr'><strong>profusa</strong></span> <span class='ocrx_word' id='word_1_402' title='bbox 457 4171 517 4215; x_wconf 91' lang='lat' dir='ltr'><strong>sua</strong></span> <span class='ocrx_word' id='word_1_403' title='bbox 541 4150 671 4216; x_wconf 87' lang='lat' dir='ltr'><strong>luxuria</strong></span> <span class='ocrx_word' id='word_1_404' title='bbox 694 4171 751 4215; x_wconf 92' lang='lat' dir='ltr'><strong>eos</strong></span> <span class='ocrx_word' id='word_1_405' title='bbox 774 4152 867 4233; x_wconf 90' lang='lat' dir='ltr'><strong>quasi</strong></span> <span class='ocrx_word' id='word_1_406' title='bbox 891 4173 950 4218; x_wconf 93' lang='lat' dir='ltr'><strong>suo</strong></span> <span class='ocrx_word' id='word_1_407' title='bbox 973 4153 1064 4220; x_wconf 92' lang='lat' dir='ltr'><strong>victu</strong></span> <span class='ocrx_word' id='word_1_408' title='bbox 1087 4152 1227 4237; x_wconf 90' lang='lat' dir='ltr'><strong>privare.</strong></span> 
     </span>
    </p>
   </div>
   <div class='ocr_carea' id='block_1_7' title="bbox 656 4335 884 4403">
    <p class='ocr_par' dir='ltr' id='par_1_8' title="bbox 656 4335 884 4403">
     <span class='ocr_line' id='line_1_44' title="bbox 656 4335 884 4403; baseline 0.018 -4"><span class='ocrx_word' id='word_1_409' title='bbox 656 4335 884 4403; x_wconf 82' lang='lat' dir='ltr'><strong>EBR-IRTAS.</strong></span> 
     </span>
    </p>
   </div>
   <div class='ocr_carea' id='block_1_8' title="bbox 671 4457 868 4533">
    <p class='ocr_par' dir='ltr' id='par_1_9' title="bbox 671 4457 868 4533">
     <span class='ocr_line' id='line_1_45' title="bbox 671 4457 868 4533; baseline -0.02 -10"><span class='ocrx_word' id='word_1_410' title='bbox 671 4457 782 4524; x_wconf 78' lang='lat' dir='ltr'><strong>basus.</strong></span> <span class='ocrx_word' id='word_1_411' title='bbox 809 4465 868 4533; x_wconf 83' lang='grc'>(49)</span> 
     </span>
    </p>
   </div>
   <div class='ocr_carea' id='block_1_9' title="bbox 106 4570 1432 4729">
    <p class='ocr_par' dir='ltr' id='par_1_10' title="bbox 106 4570 1432 4729">
     <span class='ocr_line' id='line_1_46' title="bbox 197 4570 1432 4647; baseline 0.001 -19"><span class='ocrx_word' id='word_1_412' title='bbox 197 4570 364 4645; x_wconf 87' lang='lat' dir='ltr'><strong>Ansgan&#39;ns</strong></span> <span class='ocrx_word' id='word_1_413' title='bbox 391 4589 529 4646; x_wconf 86' lang='lat' dir='ltr'><strong>magnam</strong></span> <span class='ocrx_word' id='word_1_414' title='bbox 558 4571 671 4647; x_wconf 89' lang='lat' dir='ltr'><strong>copiam</strong></span> <span class='ocrx_word' id='word_1_415' title='bbox 704 4571 766 4629; x_wconf 87' lang='lat' dir='ltr'><strong>vini</strong></span> <span class='ocrx_word' id='word_1_416' title='bbox 793 4572 890 4630; x_wconf 86' lang='lat' dir='ltr'><strong>adusti</strong></span> <span class='ocrx_word' id='word_1_417' title='bbox 926 4571 1001 4630; x_wconf 89' lang='lat' dir='ltr'><strong>bibit</strong></span> <span class='ocrx_word' id='word_1_418' title='bbox 1028 4577 1133 4630; x_wconf 85' lang='lat' dir='ltr'><strong>contra</strong></span> <span class='ocrx_word' id='word_1_419' title='bbox 1160 4590 1304 4629; x_wconf 89' lang='lat' dir='ltr'><strong>venenum</strong></span> <span class='ocrx_word' id='word_1_420' title='bbox 1332 4589 1432 4629; x_wconf 92' lang='lat' dir='ltr'><strong>morsu</strong></span> 
     </span>
     <span class='ocr_line' id='line_1_47' title="bbox 106 4650 1431 4729; baseline -0.002 -17"><span class='ocrx_word' id='word_1_421' title='bbox 106 4651 255 4729; x_wconf 87' lang='lat' dir='ltr'><strong>serpentis</strong></span> <span class='ocrx_word' id='word_1_422' title='bbox 277 4651 424 4722; x_wconf 86' lang='lat' dir='ltr'><strong>haustum,</strong></span> <span class='ocrx_word' id='word_1_423' title='bbox 446 4651 488 4710; x_wconf 91' lang='lat' dir='ltr'><strong>ita</strong></span> <span class='ocrx_word' id='word_1_424' title='bbox 503 4651 628 4727; x_wconf 90' lang='lat' dir='ltr'><strong>quidem,</strong></span> <span class='ocrx_word' id='word_1_425' title='bbox 650 4657 684 4711; x_wconf 92' lang='lat' dir='ltr'><strong>ut</strong></span> <span class='ocrx_word' id='word_1_426' title='bbox 703 4671 763 4711; x_wconf 90' lang='lat' dir='ltr'><strong>non</strong></span> <span class='ocrx_word' id='word_1_427' title='bbox 785 4652 877 4711; x_wconf 90' lang='lat' dir='ltr'><strong>solum</strong></span> <span class='ocrx_word' id='word_1_428' title='bbox 898 4671 953 4729; x_wconf 88' lang='lat' dir='ltr'><strong>per</strong></span> <span class='ocrx_word' id='word_1_429' title='bbox 967 4651 1042 4711; x_wconf 91' lang='lat' dir='ltr'><strong>diem</strong></span> <span class='ocrx_word' id='word_1_430' title='bbox 1064 4656 1095 4710; x_wconf 88' lang='lat' dir='ltr'><strong>et</strong></span> <span class='ocrx_word' id='word_1_431' title='bbox 1114 4656 1232 4710; x_wconf 90' lang='lat' dir='ltr'><strong>noctem</strong></span> <span class='ocrx_word' id='word_1_432' title='bbox 1252 4650 1431 4726; x_wconf 87' lang='lat' dir='ltr'><strong>gravissima</strong></span> 
     </span>
    </p>
   </div>
   <div class='ocr_carea' id='block_1_10' title="bbox 0 0 1560 5168">
    <p class='ocr_par' dir='ltr' id='par_1_11' title="bbox 0 0 1560 5168">
     <span class='ocr_line' id='line_1_48' title="bbox 0 0 1560 5168; baseline 0 0"><span class='ocrx_word' id='word_1_433' title='bbox 0 0 1560 5168; x_wconf 95' lang='lat' dir='ltr'><strong> </strong></span> 
     </span>
    </p>
   </div>
  </div>
 </body>
</html>
