3106 5168
248 290 401 344 Translatio
419 291 469 344 iur.
488 308 513 360 p.
532 295 695 344 contractus.
715 320 749 329 -
771 293 969 345 Conimodotom
988 293 1016 342 et
1033 290 1187 357 depositum.
1310 286 1375 354 429

146 466 185 532 R.
211 469 240 533 2.
287 465 377 542 Quod
401 467 442 533 ad
466 468 605 533 alterum
628 487 743 549 equum
760 468 912 550 pertinet,
938 466 1028 531 cuius
1044 464 1123 530 fecit
1145 485 1238 528 usum
1255 463 1377 528 solum·

56 555 153 620 modo
177 575 375 632 concessum,
400 577 511 621 casum
534 556 706 622 fortuitum
735 556 823 621 ferre
847 556 1009 620 Ausonius
1040 575 1104 619 non
1134 557 1274 618 tenetur.
1322 553 1376 618 Id-

56 665 121 726 que
144 665 209 708 non
231 644 335 709 solum
366 666 430 709 non
460 650 608 723 tenetur,
639 645 666 710 si
690 666 792 726 equus
816 644 902 729 apud
926 643 1113 726 Agricolam
1143 643 1256 706 eodem
1280 642 1376 707 modo

56 732 219 816 periisset,
244 735 300 797 sed
325 754 366 797 ne
389 739 460 799 tum
483 734 611 816 quidem
636 739 776 811 tenetur,
802 734 931 816 quando
947 733 1033 817 apud
1050 731 1238 813 Agricolam
1254 732 1287 796 in
1303 736 1376 797 tuto

57 822 236 887 collocatus
259 822 386 888 fuisset.
411 862 454 869 —
478 824 600 888 Verum
623 823 650 888 si
681 823 860 900 Ausonius,
892 828 1007 888 exorto
1031 821 1194 893 incendio,
1228 821 1376 903 graviter

57 911 204 992 neglexit
228 932 339 976 curam
362 912 483 977 habere
506 913 580 994 equi
603 933 741 994 eumque
764 912 896 978 salvare
919 911 1045 995 potuit:
1070 931 1149 975 sane
1178 913 1311 975 tenetur
1334 912 1375 976 ad

56 1000 198 1082 pretium
232 1001 408 1082 Agricolae
438 1002 645 1077 solvendum;
677 1022 720 1066 ex
749 1001 819 1066 iure
843 1001 966 1076 Gall,
1003 1000 1121 1064 saltem
1157 1003 1233 1082 post
1262 1000 1376 1065 iudicis

56 1089 272 1165 sententiam,
296 1090 361 1154 iam
385 1111 426 1154 ex
450 1089 510 1155 boc
533 1091 620 1167 solo,
651 1090 737 1173 quod
760 1091 846 1155 forte
869 1110 923 1154 res
945 1111 1023 1154 suas
1054 1088 1164 1172 potius
1195 1089 1376 1155 salvaverit

57 1199 156 1261 quarn
180 1199 299 1259 equum
323 1179 562 1244 commodatum
587 1177 642 1259 (cf.
667 1200 767 1262 supra
789 1202 820 1243 n.
846 1180 935 1261 846).

147 1283 185 1349 R.
211 1287 241 1349 3.
270 1285 323 1348 Ex
346 1305 394 1360 eo,
420 1285 504 1366 quod
528 1285 670 1351 fortasse
687 1287 782 1351 ambo
799 1285 873 1366 equi
889 1284 975 1367 apud
993 1284 1179 1366 Agricolam
1203 1283 1438 1367 periissemus

56 1372 215 1450 incendio,
233 1373 261 1436 si
276 1373 420 1437 Ausonio
440 1374 635 1439 commodati
651 1395 715 1438 non
731 1374 880 1451 fuissent,
897 1373 1014 1455 aliquis
1027 1372 1231 1449 concluserit,
1247 1372 1376 1455 quando

57 1462 99 1526 de
131 1461 192 1526 hoc
223 1466 369 1538 constet,
400 1483 442 1526 ne
471 1463 610 1546 priorem
636 1463 764 1544 quidem
789 1484 923 1546 equum,
954 1463 974 1528 i.
999 1484 1026 1528 e.
1052 1463 1121 1527 eius
1143 1462 1301 1546 pretium,
1336 1462 1377 1526 ab

56 1550 203 1614 Ausonio
227 1549 402 1632 Agricolae
433 1552 631 1617 reddendum
656 1573 746 1629 esse,
778 1574 815 1617 eo
847 1552 931 1634 quod
956 1572 998 1616 ex
1025 1551 1229 1616 conimodato
1253 1550 1376 1615 nullum

57 1660 174 1722 passus
197 1639 241 1705 sit
264 1639 434 1718 damnum,
467 1641 546 1705 illud
576 1641 682 1706 solum
706 1642 858 1706 damnum
881 1662 1020 1724 passus,
1046 1641 1131 1722 quod
1154 1641 1238 1706 alias
1260 1640 1377 1705 luisset

56 1749 224 1812 passurus.
240 1766 283 1773 —
300 1730 402 1802 Haec,
426 1732 463 1794 nt
485 1730 602 1807 fateor,
627 1730 789 1811 quandam
814 1730 991 1795 ostendunt
1014 1729 1190 1811 aequitatis
1206 1730 1376 1803 rationem,

57 1839 115 1882 cur
138 1817 293 1898 Agricola
316 1818 460 1883 Ausonio
490 1818 669 1901 indulgeat.
715 1821 838 1884 Verum
861 1819 894 1883 in
916 1819 1026 1900 rigore
1049 1840 1166 1884 censeo
1189 1818 1377 1899 Agricolam

56 1907 177 1989 prioris
200 1907 273 1988 eqni
297 1908 438 1990 pretium
467 1908 508 1972 ab
530 1907 676 1972 Ausonio
700 1910 867 1991 postulare
897 1929 1010 1991 posse,
1041 1929 1113 1972 cum
1143 1928 1179 1972 re
1210 1907 1282 1991 ipsa
1312 1929 1377 1972 non

56 1994 192 2079 perierit
215 2017 258 2061 ex
281 1996 445 2071 incendio,
475 1997 533 2061 sed
563 2017 605 2060 ex
635 2018 712 2074 usu,
743 1997 798 2079 qui
822 1996 1077 2061 commodatario
1106 2017 1171 2060 non
1204 2000 1277 2062 erat
1300 2017 1378 2061 con·

58 2105 180 2149 cessus.
228 2085 328 2162 Hinc,
357 2085 470 2150 statim
494 2090 593 2167 atque
617 2106 719 2167 equus
741 2085 796 2149 ille
825 2086 950 2151 inutilis
973 2084 1116 2150 evaserit
1139 2091 1239 2166 atque
1268 2084 1375 2168 periit,

55 2173 106 2237 ius
130 2173 305 2255 aequisivit
327 2173 482 2255 Agricola
506 2174 547 2239 ad
571 2175 710 2257 pretium
734 2175 796 2239 eibi
812 2175 854 2239 ab
875 2174 1020 2239 Ausonio
1044 2173 1246 2247 solvendum,
1271 2194 1376 2255 neque

56 2262 107 2327 ius
130 2262 210 2327 illud
233 2263 330 2346 periit
352 2268 487 2346 propter
509 2264 710 2346 subsequens
732 2263 926 2330 incendium.
958 2262 1094 2346 Insuper
1116 2262 1305 2346 saepissime
1328 2263 1378 2327 in·

56 2355 149 2416 certa
178 2373 231 2416 res
259 2359 326 2428 est,
366 2374 443 2417 num
473 2352 656 2417 incendium
685 2353 886 2434 subsequens
915 2356 984 2418 tam
1015 2355 1105 2417 certo
1140 2373 1258 2434 equum
1287 2351 1378 2416 illum

56 2441 144 2524 apud
168 2441 354 2522 Agricolam
378 2442 590 2525 perdidisset,
622 2462 719 2523 quam
750 2442 836 2527 apud
860 2440 1038 2506 Ausonium
1062 2441 1204 2525 perdidit
1226 2441 1377 2509 alterum.

361 2657 673 2724 COMMODATUM
696 2658 782 2723 VEL
812 2658 1073 2725 DEPOSITUM.

614 2802 724 2868 Casus.
751 2810 827 2877 (262)

147 2940 270 2999 Fulvius
292 2941 353 2999 ruri
375 2941 485 3016 degens
511 2942 542 3000 in
562 2942 627 3000 loco
649 2961 666 3000 a
687 2941 737 3000 via
759 2943 856 3000 ferrea
878 2942 982 3000 dissito
1011 2942 1048 2999 ad
1076 2942 1281 3016 gravissimum
1310 2962 1379 3018 neg·

56 3022 149 3081 otium
171 3022 368 3095 peragendum
391 3021 450 3080 cito
472 3022 500 3079 in
524 3025 623 3080 urbem
646 3023 733 3097 longe
756 3022 913 3080 distantem
936 3021 1084 3098 proficisci
1106 3023 1200 3080 debet.
1244 3024 1379 3082 Ascenso

56 3120 131 3177 equo
153 3101 253 3160 valido
281 3101 377 3179 pergit
405 3121 497 3177 usque
525 3103 562 3160 ad
583 3103 680 3160 locum
701 3102 889 3170 viciniorem,
918 3121 974 3177 quo
996 3102 1045 3159 via
1071 3101 1170 3159 ferrea
1196 3101 1240 3159 uti
1267 3102 1377 3178 possit3

55 3182 155 3257 ibique
183 3182 274 3240 tradit
295 3182 403 3241 Albino
430 3201 549 3257 equum,
579 3183 753 3257 permittens
774 3183 838 3240 eius
860 3181 1066 3240 rationabilem
1087 3200 1186 3249 usum,
1216 3180 1283 3239 dum
1311 3188 1379 3257 poet

56 3261 223 3337 quindecim
244 3262 306 3321 dies
327 3268 501 3321 revertatur.
539 3262 666 3320 Albinus
687 3262 814 3336 gaudet,
836 3282 901 3320 cum
922 3261 1055 3339 pluribus
1076 3280 1164 3335 qnam
1184 3262 1275 3319 habet
1296 3263 1378 3338 equis

56 3341 198 3416 indigeat.
240 3343 348 3401 Verum
369 3349 436 3418 post
457 3342 569 3417 aliquot
590 3343 652 3401 dies
673 3361 774 3401 omnes
796 3342 863 3418 equi
886 3343 987 3401 morbo
1008 3342 1136 3418 pessimo
1157 3341 1327 3400 inficiuntur
1348 3350 1378 3401 et

57 3421 152 3480 occidi
174 3422 288 3482 debent.
329 3423 452 3498 Exque
475 3423 601 3482 Albinus
623 3422 773 3481 concludit
794 3442 897 3497 equum
920 3421 1017 3480 Fulvii
1038 3441 1108 3480 suos
1129 3421 1268 3479 infecisse
1290 3429 1377 3498 atque

56 3505 94 3560 ab
116 3502 173 3560 hoc
195 3501 292 3561 damni
316 3504 532 3578 reparationem
553 3503 698 3578 postulat,
728 3522 793 3561 cum
815 3522 832 3560 e
853 3501 1001 3560 contrario
1022 3501 1145 3561 Fulvius
1167 3521 1251 3560 suum
1273 3522 1377 3578 equum

56 3581 135 3659 apud
156 3582 296 3641 Albinum
316 3583 457 3642 infectum
479 3603 545 3642 esse
567 3583 718 3642 contendit
742 3589 829 3657 atque
850 3582 938 3640 huius
958 3583 1084 3658 pretium
1107 3584 1143 3641 ab
1165 3582 1273 3640 Albino
1295 3583 1377 3659 petit.

56 3688 286 3759 Quaaarrca1⁰
312 3688 454 3826 ᾳυοάηῑΐάο
474 3688 640 3764 depositum
662 3688 781 3763 eiusque
803 3687 999 3762 obligationes
1021 3686 1242 3762 distinguantur
1263 3708 1281 3746 a
1303 3707 1378 3747 com-

311 3788 357 3826 mo
379 3788 437 3828 ao.

256 3858 287 3915 2⁰
312 3858 377 3933 quis
399 3858 534 3916 damnum
557 3859 635 3916 ferre
657 3858 763 3916 debeat
783 3856 814 3915 in
836 3876 915 3916 casu.

652 4041 787 4108 solutio.

148 4181 201 4247 An
224 4203 415 4259 quaasrruu
443 4186 480 4247 lm
502 4182 542 4248 R.
570 4186 597 4247 1.
644 4182 836 4265 Depositum
868 4181 961 4247 fitia
996 4182 1145 4246 favorem
1176 4182 1438 4265 deponentisssdt

57 4293 164 4354 neque
187 4293 246 4355 per
269 4292 304 4337 se
328 4272 456 4337 confert
479 4271 672 4337 facultatem
696 4271 808 4337 utendi
831 4291 867 4336 re
891 4271 1098 4354 depositario.

148 4377 187 4443 R,
212 4381 242 4442 2.
289 4377 384 4442 Unde
407 4379 461 4455 fit,
486 4381 523 4442 ut
547 4377 764 4460 depositarius
786 4397 846 4460 per
869 4398 905 4442 se
929 4377 970 4441 ad
993 4377 1151 4441 minorem
1176 4375 1377 4456 diligentiam

59 4473 214 4534 teneatur
244 4466 330 4532 circa
360 4488 429 4531 rem
460 4489 558 4549 quam
581 4466 865 4532 commodatarius,
912 4466 1022 4548 Atque
1045 4467 1136 4547 leges
1159 4464 1320 4548 positivae
1343 4464 1377 4528 in

58 4556 207 4641 deposito
227 4560 367 4642 protollo
398 4577 462 4620 non
486 4556 527 4621 ad
551 4555 705 4620 maiorem
737 4554 938 4636 diligentiam
963 4555 1194 4639 depositarium
1220 4554 1376 4634 obligant,

57 4668 157 4729 quam
185 4645 230 4711 sit
260 4667 314 4724 ea,
346 4667 444 4727 qnam
474 4646 514 4710 de
544 4645 640 4710 rebus
669 4643 737 4708 suis
766 4643 838 4725 quis
868 4644 988 4708 habere
1015 4645 1130 4710 soleat.
1177 4642 1225 4723 (C.
1250 4642 1377 4708 Germ.

1474 4738 1484 4855 l
