3106 5168
482 285 587 354 Regula
605 292 707 339 mmm
725 302 774 340 seu
792 287 852 339 laer:
868 283 916 340 lex
934 285 1040 339 vitiata.
1381 289 1424 353 43

188 461 633 537 causamentum.
678 462 848 545 Remigius
877 484 953 528 reus
982 462 1066 546 legis
1089 462 1234 528 violatae
1263 484 1328 528 non
1356 468 1468 531 escas

96 569 173 614 nam
197 549 253 616 lex
276 550 422 617 invalida
444 572 510 616 non
532 554 585 616 est
607 551 672 618 lex.
708 551 784 617 Sive
808 572 888 633 ergo
910 551 1080 617 relaxandi
1100 551 1199 617 animi
1223 572 1331 630 causa,
1355 551 1425 618 sive

95 644 234 722 propter
249 639 421 724 spirituale
443 639 580 706 aliorum
604 640 762 706 auxilium
784 640 817 705 in
841 639 982 725 patriam
1005 640 1112 718 rediit,
1136 641 1227 707 nulla
1249 641 1365 708 aderat
1391 641 1425 706 in

96 727 299 795 conscientia
326 728 410 812 legis
439 729 669 811 transgressio.
717 729 877 795 Gaudium
906 729 1008 811 igitur
1038 730 1077 794 de
1107 750 1213 813 poena
1242 752 1262 795 a
1294 751 1330 795 se
1359 751 1424 795 non

95 817 240 900 repetita
263 821 315 884 est
336 819 434 903 plane
457 817 624 884 innoxium
647 818 745 902 idque
768 840 806 884 eo
829 818 945 901 magis,
966 820 1051 902 quod
1066 840 1108 885 ne
1123 818 1278 902 gaudium
1294 819 1424 902 quidem

96 904 137 970 de
167 906 267 972 laesis
296 907 361 973 illis
390 906 518 990 legibus
547 907 697 973 inanibus
727 907 771 975 sit
801 908 965 974 ullatenus
995 928 1038 973 ex
1067 929 1103 972 ee
1130 908 1261 974 malum.
1309 908 1424 991 Neque

95 994 182 1059 enim
206 1016 320 1061 verum
352 1002 403 1062 est
432 995 713 1063 indiscriminatim
744 996 778 1062 in
808 997 955 1063 omnibus
985 996 1083 1063 licitis
1113 996 1270 1080 superiori
1299 996 1424 1064 iubenti

94 1084 149 1148 vel
173 1085 359 1168 prohibenti
383 1085 615 1151 oboediendum
641 1106 713 1152 esse
737 1108 780 1152 ex
803 1086 1017 1168 obligatione:
1050 1086 1082 1151 id
1107 1087 1211 1151 solum
1235 1085 1370 1166 obtinet,
1395 1087 1422 1151 si

93 1171 128 1236 in
158 1172 221 1239 hac
250 1196 286 1239 re
309 1195 388 1240 vere
411 1174 559 1258 superior
588 1179 640 1242 est
669 1178 704 1240 et
730 1175 816 1241 iuste
847 1175 1018 1259 praecipit.
1066 1175 1157 1241 Alias
1188 1175 1362 1259 obligatio,
1394 1176 1423 1241 ei

94 1282 161 1343 qua
185 1265 247 1340 est,
272 1267 323 1330 est
346 1284 405 1348 per
420 1264 581 1342 accidens,
604 1284 647 1328 ne
670 1264 794 1329 maiora
810 1265 891 1330 fiant
907 1265 994 1330 mala
1008 1264 1063 1328 vel
1079 1265 1245 1330 scandala.
1261 1265 1423 1329 —Immo

93 1350 123 1416 si
145 1351 316 1435 Remigius
346 1356 399 1418 est
427 1353 581 1418 sacerdos
613 1353 646 1417 in
670 1374 749 1419 cura
772 1353 964 1430 animarum,
989 1375 1020 1419 v.
1044 1374 1076 1435 g.
1101 1358 1139 1421 ut
1160 1355 1323 1437 parochus
1347 1376 1423 1420 con-

93 1438 243 1521 stitutus,
267 1441 376 1526 potius
400 1442 521 1519 debuit,
545 1445 704 1525 quantum
727 1443 844 1527 potuit,
869 1441 972 1508 sacris
996 1441 1215 1509 functionibus
1238 1442 1423 1525 incognitus

84 1549 225 1598 meare.

184 1627 224 1694 R.
250 1630 279 1695 2.
327 1628 523 1694 Scandalum
546 1629 648 1711 igitur
671 1628 765 1695 Pauli
788 1650 853 1693 non
884 1632 935 1695 eat
958 1628 1139 1696 fundatum.
1186 1628 1302 1711 Neque
1326 1650 1423 1711 gene·

93 1715 193 1781 ratim
218 1716 401 1782 hominibus
424 1718 594 1784 catholicis
623 1718 702 1783 talis
730 1718 848 1800 agendi
872 1719 957 1783 ratio
988 1719 1153 1796 scandalo,
1184 1719 1240 1783 sed
1272 1719 1423 1784 aedifica·

92 1805 175 1871 tioni
200 1809 261 1873 est.
309 1806 343 1872 Si
366 1806 488 1873 Paulus
511 1808 555 1885 id,
580 1807 665 1889 quod
689 1806 837 1873 homines
860 1807 958 1873 etiam
983 1806 1097 1873 inculti
1122 1806 1265 1890 capiunt,
1290 1813 1425 1892 propter

92 1894 213 1959 falsam
237 1895 336 1960 animi
360 1897 522 1962 culturam
545 1917 609 1961 non
634 1896 731 1979 capit,
763 1896 880 1962 instrui
905 1896 1010 1974 debet,
1043 1902 1080 1962 ut
1109 1896 1299 1962 scandalum
1323 1898 1424 1980 pusil-

91 1984 200 2048 lorum
223 1983 381 2067 deponat;
407 1986 493 2068 quod
523 1985 550 2051 si
573 1985 656 2050 nolit
679 1985 850 2070 deponere,
876 1985 1026 2052 aritiam
1050 1985 1239 2051 scandalum
1263 1985 1423 2068 pharisai-

92 2094 177 2150 cum,
202 2078 337 2157 propter
361 2076 446 2157 quud
470 2075 660 2140 evitandum
684 2073 901 2140 reconvenit
925 2074 1064 2156 quidem,
1090 2079 1125 2141 ut
1149 2075 1296 2140 actiones
1320 2076 1424 2142 bonae

94 2165 302 2229 omittantur.

184 2259 223 2326 R.
248 2263 278 2327 3.
325 2260 453 2326 Poenas
476 2261 578 2343 igitur
602 2261 722 2326 Paulus
745 2260 865 2326 iniuste
888 2260 1040 2327 minatur.
1083 2261 1185 2325 Recte
1214 2259 1282 2343 egit
1305 2261 1423 2326 hucus-

93 2369 157 2430 que
180 2349 424 2426 dissimulande,
449 2351 525 2432 quia
547 2350 655 2432 legum
680 2350 874 2415 iniustarum
898 2355 1123 2415 exsecutorem
1152 2370 1188 2414 se
1220 2349 1328 2415 facere
1359 2371 1423 2415 non

92 2441 224 2503 tantum
247 2459 312 2503 non
337 2443 388 2505 est
411 2438 578 2522 obligatio,
602 2440 660 2504 sed
683 2459 742 2522 per
765 2460 801 2504 se
825 2459 866 2504 ne
889 2439 967 2505 licet
990 2439 1128 2521 quidem.
1176 2438 1288 2503 Potuit
1311 2444 1422 2504 tamen

92 2547 227 2592 monere
250 2531 285 2593 et
308 2549 426 2611 rogare
449 2528 652 2610 Remigium,
677 2532 714 2593 ut
738 2529 806 2605 vel,
832 2528 859 2592 si
884 2531 1014 2611 posset,
1045 2528 1226 2594 abstineret
1250 2528 1302 2593 vel
1327 2533 1423 2596 cauto

93 2619 220 2697 ageret,
244 2636 285 2681 ne
308 2617 379 2700 ipse
402 2617 524 2682 Paulus
547 2617 580 2681 in
604 2617 817 2682 difficultates
841 2618 1053 2684 coniceretur.

184 2731 237 2795 An
267 2752 459 2807 quansrruu
490 2734 538 2800 3¹².
594 2730 749 2807 Quaestio
781 2731 950 2814 proposita
985 2731 1093 2815 potius
1128 2730 1175 2796 sio
1209 2731 1467 2797 reformetur:84

92 2819 128 2900 a)
153 2819 257 2886 Estne
280 2820 411 2898 Paulus,
440 2821 468 2886 si
491 2820 640 2903 Remigio
664 2821 820 2886 mulctam
843 2820 999 2904 imponat,
1024 2824 1158 2905 propter
1182 2821 1303 2886 laesam
1327 2821 1422 2887 iusti·

91 2909 175 2975 tiam
206 2909 407 2975 restitutioni
437 2909 620 2975 obnoxius?
666 2910 700 2989 b)
730 2909 888 2975 Potestne
912 2909 1090 2991 Remigius,
1122 2909 1150 2974 si
1179 2913 1357 2992 quaeratur
1381 2910 1422 2975 ad

92 2999 297 3082 capiendum,
321 2999 463 3084 positive
487 2998 665 3065 resistere?
711 2998 818 3076 Quare

183 3105 222 3172 R.
250 3109 277 3172 1.
325 3105 377 3171 Ad
400 3106 434 3186 a)
459 3106 652 3189 affirmative
681 3104 940 3188 respondendum
972 3108 1040 3181 est,
1071 3103 1099 3168 si
1130 3102 1216 3169 actio
1245 3102 1341 3168 Pauli
1371 3109 1422 3169 est

95 3196 128 3277 1)
152 3194 275 3260 iniusta
299 3194 476 3272 obiective,
510 3196 543 3276 2)
567 3195 663 3275 idque
688 3216 760 3259 cum
784 3193 865 3258 reali
888 3194 1022 3270 effectu,
1057 3192 1091 3273 3)
1116 3196 1214 3275 atque
1238 3192 1422 3274 theologice

92 3284 244 3367 graviter
266 3283 446 3367 culpabilis.
493 3282 540 3348 At
563 3292 607 3348 est
630 3303 666 3347 re
689 3284 760 3367 ipsa
786 3283 818 3364 1)
843 3282 1003 3348 obiective
1025 3281 1157 3359 iniusta,
1187 3282 1221 3363 2)
1245 3303 1317 3346 oum
1341 3281 1421 3347 reali

93 3374 223 3449 effectu,
249 3393 346 3455 quam
362 3373 501 3456 primum
517 3371 685 3454 Remigius
701 3372 829 3437 solvere
846 3375 979 3437 coactus
1003 3375 1063 3445 est,
1089 3372 1123 3452 3)
1146 3372 1186 3436 de
1210 3372 1306 3454 culpa
1328 3370 1422 3436 theo·

93 3462 202 3544 logica
226 3485 264 3527 ac
286 3484 319 3526 ae
341 3461 470 3544 quidem
496 3461 636 3527 dubitari
662 3460 775 3542 nequit
798 3459 853 3542 (cl.
876 3462 931 3527 Th.
949 3483 989 3526 m.
1007 3461 1031 3534 I,
1050 3460 1139 3540 962).
1174 3460 1288 3526 Potuit
1311 3465 1421 3526 autem

93 3552 216 3616 Paulus
246 3555 382 3635 propter
406 3553 605 3615 subiectiuum
636 3549 856 3632 ignorantiam
881 3549 1042 3618 excusari.
1089 3550 1126 3614 In
1150 3571 1214 3631 quo
1244 3571 1321 3615 casu
1351 3549 1422 3633 ipse

93 3661 153 3725 per
176 3661 212 3705 se
235 3639 364 3722 quidem
388 3639 628 3706 restitutionem
654 3638 764 3704 facere
789 3660 853 3702 non
878 3638 1095 3721 obligaretur;
1120 3660 1235 3705 verum
1254 3638 1422 3720 Remigius

92 3730 127 3794 in
156 3729 307 3794 habendo
336 3751 470 3795 recursu
501 3729 541 3794 ad
576 3728 711 3794 Paulum
742 3750 807 3792 non
831 3728 961 3794 videtur
990 3749 1173 3812 supponere
1196 3728 1314 3794 debere
1338 3728 1422 3793 hanc

93 3819 213 3884 bonam
236 3819 342 3885 fidem.
389 3818 592 3900 Quamquam
616 3818 702 3883 enim
733 3817 980 3884 convenientius
1004 3817 1044 3883 ad
1075 3817 1322 3900 principaliores
1345 3838 1422 3883 suos

94 3907 368 3984 damnificatores,
392 3908 434 3974 ad
459 3913 610 3974 auctores
626 3906 767 3973 iniustae
789 3906 871 3989 legis
887 3906 969 3985 dico,
994 3927 1160 3972 recursum
1177 3907 1286 3983 sumit,
1310 3905 1422 3973 licebit

92 4003 206 4064 tamen
230 3996 392 4078 quaslibet
422 4017 538 4062 causas
567 3997 709 4062 maxime
739 3995 913 4079 primarias
942 3995 1051 4061 iniusti
1083 3996 1134 4059 sni
1165 3995 1290 4072 damni,
1321 3995 1349 4060 si
1380 3995 1421 4062 ad

92 4085 177 4152 alios
201 4085 333 4151 difficile
355 4089 406 4152 est
429 4107 607 4159 recurrere,
631 4107 690 4169 pro
715 4084 981 4168 compensatione
1005 4084 1188 4151 convenire.

183 4192 222 4258 R.
248 4194 278 4257 2.
317 4192 368 4256 Ad
388 4191 422 4272 b)
442 4192 593 4276 respondi
610 4191 793 4257 debetcum
810 4193 1020 4257 distinctione.
1056 4190 1135 4255 Cum
1152 4211 1252 4256 causa
1267 4188 1422 4273 puniendi

92 4280 235 4364 Remigii
250 4280 295 4347 sit
311 4285 424 4364 aperte
439 4280 570 4359 iniusta,
587 4280 684 4363 idque
701 4280 848 4345 omnibus
865 4280 1076 4364 prudentibus
1092 4283 1216 4363 pateat,
1233 4277 1422 4344 resistentia

92 4372 194 4439 etiam
219 4369 371 4455 positiva,
395 4370 464 4435 sine
481 4370 612 4453 proprie
628 4370 716 4437 dicta
731 4370 876 4436 laesione
892 4368 1124 4444 ministrorum,
1148 4390 1213 4433 non
1230 4373 1281 4433 est
1296 4367 1421 4442 illicita,

92 4462 120 4527 si
144 4460 216 4527 fieri
240 4463 351 4543 potest
365 4460 492 4525 efficax.
534 4459 568 4524 si
591 4480 669 4525 vero
686 4459 839 4525 inefficax
863 4479 935 4524 esse
959 4458 1179 4541 praevidetur,
1204 4461 1262 4522 aut
1280 4455 1308 4519 si
1327 4476 1422 4519 scan-

93 4551 204 4616 dalum
229 4548 440 4625 excitaretur,
463 4549 573 4633 potius
596 4549 702 4615 omitti
727 4549 870 4613 deberet.
910 4546 1052 4613 Cruenta
1076 4550 1186 4611 autem
1206 4544 1351 4609 defensio
1368 4545 1419 4608 vel

93 4641 318 4705 ministrorum
334 4659 414 4704 vera
432 4638 534 4703 laesio
558 4659 655 4703 exeo
678 4637 820 4703 maxime
843 4635 1025 4719 generatim
1049 4635 1165 4700 illicita
1181 4633 1310 4708 evadet,
1335 4632 1421 4714 quod
