3106 5168
303 277 457 333 Dominium
476 282 504 334 et
521 281 581 334 iura
599 281 767 350 singulorum
786 281 921 336 hominum
944 311 978 320 -
999 284 1208 338 timendorum.
1351 289 1415 352 295

94 459 168 520 tore
190 454 312 532 invito,
345 456 425 522 illud
447 457 567 540 publici
589 457 668 522 iuris
690 457 801 525 faciat.
847 457 934 524 Nam
958 458 1014 524 vix
1038 459 1214 542 quidquam
1237 466 1305 537 est,
1330 461 1416 542 quod

94 543 178 608 adeo
201 544 245 610 sit
268 545 328 610 sub
344 545 485 611 dominio
506 546 644 611 hominis
660 567 755 628 quern
772 547 881 613 foetus
897 547 947 613 sui
971 548 1105 630 ingenii;
1130 570 1231 631 quere
1253 549 1332 633 ipse,
1357 571 1415 614 ex-

94 633 195 697 clusis
218 633 301 713 aliis,
326 635 366 699 de
389 655 428 700 eo
451 634 585 718 eiusque
609 656 669 701 usu
693 636 790 704 debet
812 657 908 720 posse
931 637 1111 722 disponere.

184 738 224 806 R.
250 742 280 806 2.
326 740 427 805 Plane
456 746 536 824 puto
565 741 651 806 idem
674 741 844 807 dicendum
872 743 1007 808 essedo
1037 742 1238 808 sermonibus
1267 743 1416 808 lectioni·

94 828 198 891 busve
228 828 328 894 etiarn
357 829 485 912 publice
515 830 635 896 habitis
665 831 722 908 iis,
754 851 834 914 quos
858 836 970 897 orator
992 832 1045 897 vel
1072 833 1175 898 lector
1198 832 1283 899 solet
1305 853 1415 898 coram

93 917 226 982 diverso
249 917 398 984 auditore
421 924 586 1002 repetere:
614 918 764 984 nimirum
788 920 984 1004 prohibitum
1008 942 1080 986 esse
1103 920 1172 986 iure
1195 926 1350 997 naturae,
1375 943 1415 986 ne

94 1005 168 1086 quis
199 1011 334 1073 auctore
365 1006 469 1074 invito
497 1028 553 1073 eos
584 1007 727 1092 excipiet
756 1013 857 1091 atque
881 1010 1025 1096 divulget.
1072 1009 1159 1075 Nam
1189 1009 1216 1074 si
1248 1009 1282 1075 id
1311 1012 1415 1087 fieret,

93 1099 211 1160 auctor
233 1095 303 1179 ipse
326 1097 463 1162 multum
486 1096 707 1181 impediretur,
731 1097 902 1179 quominus
924 1099 1021 1164 rebus
1044 1098 1112 1165 suis
1135 1098 1235 1164 libere
1258 1102 1296 1164 ut
1317 1104 1416 1165 antea

92 1185 254 1250 uteretur.

184 1273 224 1340 R..
242 1277 273 1339 3.
312 1273 484 1340 Probabile
500 1277 552 1340 est
574 1274 680 1358 ipsum
702 1274 752 1340 ius
771 1280 911 1342 naturae
934 1275 1114 1360 prohibere,
1140 1275 1311 1359 quominus
1333 1276 1416 1341 liber

93 1362 219 1439 editus,
250 1362 354 1428 invito
377 1367 511 1429 auctore
533 1363 586 1428 vel
616 1363 757 1442 editore,
787 1365 964 1432 recudatur
986 1365 1040 1430 vel
1066 1364 1166 1432 etiam
1190 1401 1233 1408 -
1263 1365 1289 1430 si
1319 1366 1415 1431 modo

93 1450 263 1535 probabile
286 1450 438 1517 damnum
469 1451 595 1518 auctori
618 1453 672 1518 vel
695 1452 812 1519 editori
834 1455 909 1519 inde
933 1452 1009 1519 oriri
1038 1453 1144 1538 possit
1172 1490 1216 1498 —
1246 1454 1415 1536 quominus

92 1542 128 1605 in
144 1540 244 1606 aliem
266 1539 411 1623 linguam
434 1541 616 1607 translatus
632 1542 736 1607 denuo
753 1542 878 1610 edatur.
914 1543 1073 1608 Nimirum
1097 1543 1158 1608 hoc
1181 1543 1277 1608 modo
1301 1548 1416 1608 auctor

93 1629 244 1694 editorve
259 1629 366 1713 operis
381 1630 556 1714 impeditur
571 1651 591 1695 a
607 1631 697 1696 lucro
714 1631 930 1709 convenienti,
954 1633 1039 1714 quod
1058 1632 1254 1699 naturaliter
1269 1632 1417 1714 sequitur

93 1718 200 1801 ipsum
215 1739 297 1802 opus
313 1717 446 1801 eiusque
461 1718 727 1800 divulgationem,
752 1724 851 1803 atque
874 1721 979 1804 ipsum
996 1742 1077 1804 opus
1093 1723 1180 1788 ultra
1203 1721 1416 1788 intentionem

93 1806 239 1872 auctoris
263 1806 460 1890 divulgatur.
511 1808 690 1890 Utrumque
712 1809 839 1875 invadit
865 1810 915 1874 ius
938 1810 1081 1876 auctoris
1105 1809 1246 1888 eteius,
1278 1831 1417 1892 quocum

93 1896 145 1960 ius
164 1895 245 1960 illud
261 1895 521 1974 communicavit,
546 1896 699 1964 videlicet
722 1898 856 1963 editoris
872 1899 926 1964 vel
948 1898 1154 1981 impresseris
1173 1899 1257 1965 libri.
1301 1900 1356 1966 To.
1373 1923 1415 1966 m.

92 1984 119 2063 l,
144 1985 210 2050 904
229 2005 300 2067 sqq.

184 2082 224 2148 R.
248 2089 278 2148 4.
325 2081 483 2159 Quoniam
507 2104 585 2148 vero
609 2082 708 2165 aliqui
730 2082 792 2149 hoo
815 2084 965 2149 naturale
994 2083 1045 2149 ius
1073 2083 1106 2148 in
1130 2083 1260 2149 dubium
1284 2090 1415 2162 vocant,

94 2176 195 2253 atque
225 2192 261 2236 re
286 2191 366 2236 vera
396 2172 513 2237 saltem
544 2172 576 2237 id
601 2171 733 2237 dubium
762 2177 829 2250 est,
861 2172 1014 2254 quamdiu
1044 2173 1143 2240 etiarn
1172 2178 1248 2256 post
1277 2179 1414 2240 mortem

94 2259 240 2326 auctoris
263 2260 323 2325 hoc
346 2260 432 2325 illius
455 2261 505 2325 ius
528 2260 560 2325 in
579 2260 752 2326 heredibus
774 2262 1010 2346 protegendum
1034 2262 1087 2338 sit,
1111 2261 1416 2329 convenientissime

96 2349 262 2432 perleges
285 2349 444 2433 positivae
468 2354 558 2415 certa
581 2349 653 2416 iura
676 2350 820 2432 certique
843 2351 963 2417 limites
980 2351 1102 2418 deliniti
1126 2356 1213 2429 sunt,
1237 2351 1334 2416 immo
1359 2372 1417 2436 per

94 2438 327 2504 conventiones
350 2438 620 2505 internatiouales
642 2439 682 2504 iis
705 2441 804 2505 robur
827 2443 879 2506 cst
905 2440 1078 2507 adiectum.
1125 2440 1216 2505 Haec
1240 2441 1414 2534 secundum

94 2527 253 2611 positivae
277 2527 564 2594 determinationes
587 2529 730 2594 locorum
754 2530 854 2594 etiam
876 2529 910 2594 in
933 2528 1132 2595 conscientia
1155 2529 1311 2611 obligant.

183 2642 235 2707 An
259 2663 448 2718 qunnsrruu
473 2647 512 2707 2¹²
535 2644 574 2710 R.
594 2647 622 2709 l.
661 2643 824 2729 inprime
848 2665 925 2709 casu
950 2644 1119 2709 Emericus
1143 2647 1232 2709 certe
1254 2644 1415 2727 peccavit,
1426 2659 1478 2715 580

93 2731 155 2795 nisi
179 2731 365 2813 ignorantia
388 2753 509 2814 magna
533 2737 717 2799 excusetur.
764 2732 880 2815 Neque
903 2734 1007 2799 solum
1031 2733 1157 2799 ratione
1181 2732 1305 2811 damni,
1330 2732 1416 2814 qnod

94 2821 220 2885 auctori
244 2821 455 2903 probabiliter
478 2821 598 2897 intulit,
624 2821 693 2904 egit
716 2822 845 2888 omnino
869 2827 984 2888 contre
1007 2822 1183 2898 iustitiam;
1207 2821 1264 2886 sed
1289 2821 1416 2887 ratione

92 2910 194 2974 solius
210 2910 437 2992 publicationis
453 2910 647 2977 iniustitiam
663 2915 779 2977 contra
793 2916 959 2977 auctorem
976 2910 1146 2989 commisit,
1167 2910 1258 2976 cuius
1274 2910 1416 2976 fortasse

95 2998 197 3063 multo
222 2999 327 3082 magis
350 2999 489 3066 interest
512 3021 565 3066 res
588 3022 664 3066 suae
688 3000 833 3067 occultas
856 3005 969 3066 tenere
992 3022 1088 3082 quarn
1113 3001 1202 3065 lucro
1226 3021 1347 3066 carere.

184 3105 221 3170 R.
248 3108 277 3170 2.
324 3105 445 3170 Censeo
470 3105 568 3172 etiam
598 3107 631 3171 in
662 3109 797 3172 secundo
828 3127 906 3172 casu
929 3106 1113 3172 Emericum
1137 3105 1336 3170 commisisse
1366 3105 1415 3169 in·

94 3193 271 3259 iustitiam:
296 3196 382 3275 quod
404 3199 516 3259 tamen
539 3195 683 3278 practice
706 3196 906 3260 solummodo
931 3199 1066 3262 eatenus
1090 3195 1269 3276 urgendum
1293 3198 1357 3269 est,
1381 3193 1414 3257 in

94 3287 252 3364 quantum
276 3283 366 3365 leges
389 3284 562 3367 positivae,
587 3283 713 3350 auctori
729 3283 891 3361 faventes,
916 3285 1025 3349 laesae
1045 3288 1138 3348 sunt:
1163 3303 1205 3348 ex
1228 3282 1301 3365 lege
1324 3283 1415 3347 laesa

94 3376 209 3437 auctor
231 3377 400 3454 tamquam
423 3373 463 3437 de
486 3372 646 3438 iniustitia
669 3377 784 3439 contra
808 3394 843 3438 se
867 3373 1038 3438 commisse
1065 3371 1181 3437 merito
1206 3375 1314 3455 potest
1338 3392 1416 3436 con·

94 3461 186 3544 queri
209 3461 532 3544 satisfactionemque
556 3461 731 3545 postulare.
748 3498 791 3507 —
817 3462 849 3528 si
873 3464 982 3527 eutem
1006 3461 1116 3543 agitur
1132 3463 1171 3525 de
1194 3459 1234 3525 iis
1257 3459 1416 3525 sennoni·

97 3553 172 3627 bus,
204 3550 276 3632 qui,
311 3556 467 3632 utquam
491 3550 649 3616 latissime
673 3550 897 3633 divulgentur,
929 3553 1041 3616 orator
1062 3550 1133 3633 ipse
1156 3549 1337 3627 desiderat,
1362 3550 1415 3615 vel

94 3661 176 3722 quos
199 3641 398 3706 consuetudo
421 3640 487 3706 fert
510 3640 551 3705 ab
568 3639 826 3724 ephemeridibus
849 3640 1024 3723 publicari:
1048 3641 1124 3705 boec
1140 3638 1321 3721 divulgatio
1345 3639 1416 3704 sive

95 3730 170 3812 lege
193 3728 263 3793 sive
287 3729 520 3796 consuetudine
543 3728 702 3814 permissa
726 3729 767 3793 ab
790 3727 952 3795 iniustitia
974 3728 1125 3793 immunis
1148 3733 1210 3794 est.

184 3835 223 3902 R.
248 3838 278 3903 3.
325 3835 362 3901 ln
386 3840 543 3918 quantum
573 3835 693 3901 limites
722 3835 831 3918 legum
861 3835 1076 3919 positivorum
1107 3839 1148 3901 et.
1164 3833 1415 3901 conventionum

96 3925 264 3990 Emericus
287 3925 386 3991 etiam
409 3925 442 3988 in
466 3928 556 3989 tertio
587 3946 665 3989 casu
695 3929 921 4007 transgressus
949 3930 1015 4000 est,
1046 3923 1078 3989 in
1102 3925 1163 3990 boc
1185 3945 1313 4006 quoque
1338 3944 1416 3988 casu

94 4013 287 4081 iniust'tiam
312 4013 488 4088 commisit;
513 4014 555 4078 od
578 4012 819 4080 restitutionem
844 4035 915 4079 earn
939 4018 1086 4090 tenetur,
1111 4034 1206 4095 quarn
1233 4011 1416 4078 definiverit

95 4103 209 4181 iudex,
240 4102 268 4167 si
297 4103 330 4167 in
360 4103 410 4167 ius
441 4109 588 4170 vocatur.
635 4102 668 4168 Si
699 4107 815 4170 auctor
845 4125 913 4168 rem
942 4103 975 4167 in
1004 4102 1123 4168 iudicio
1152 4101 1304 4186 prosequi
1334 4099 1416 4165 nolit

95 4212 199 4274 neque
229 4199 341 4259 temen
370 4192 570 4257 restitutioni
600 4192 782 4271 renuntiet,
814 4192 846 4257 id
877 4191 1114 4258 restituendum
1144 4195 1196 4256 est
1226 4189 1350 4255 auctori
1382 4193 1416 4254 et

94 4281 228 4357 editori,
259 4281 292 4345 in
316 4302 379 4363 quo
409 4282 585 4346 secundum
617 4303 754 4363 aequam
778 4280 1037 4347 aestimationem
1062 4281 1214 4344 damnum
1245 4278 1332 4361 pessi
1357 4298 1415 4342 seu

95 4370 184 4435 lucro
201 4371 344 4437 fraudati
360 4370 435 4436 sint.
475 4370 595 4447 Quodsi
612 4371 766 4436 eiusmodi
785 4370 936 4436 damnum
960 4375 1093 4435 nonest
1116 4367 1292 4452 probabile,
1317 4366 1415 4430 Erne-

95 4461 181 4525 ricue
198 4460 239 4525 ad
256 4459 552 4542 compensationem
576 4461 795 4542 pecuniariam
810 4481 875 4525 non
891 4461 1031 4526 tenetur.
1068 4456 1216 4522 Praetice
1232 4454 1413 4537 generatim

95 4549 269 4614 videndum
294 4555 361 4626 est,
393 4570 468 4613 num
500 4548 606 4613 soleat
629 4549 725 4613 vendi
755 4549 788 4612 in
815 4549 970 4613 eiusmodi
1001 4547 1092 4614 libris
1122 4550 1156 4612 et
1180 4544 1294 4628 quanti
1318 4543 1414 4607 vendi

93 4639 201 4705 soleat
224 4639 274 4704 ius
297 4638 445 4703 vertendi
470 4637 503 4701 in
527 4636 666 4702 alienam
689 4637 844 4720 linguam.
