3106 5168
172 286 234 350 196
327 281 368 335 De
387 278 534 334 virtutibus
553 282 582 333 et
599 278 697 334 officiis
715 294 782 347 erga
799 277 930 333 homines.
948 308 984 316 -
1004 277 1110 333 Caritas
1127 277 1156 333 in
1173 278 1335 351 proximum.

170 457 256 523 curri
286 456 408 541 possit,
439 459 544 522 irioior
573 456 749 520 coniunctio
778 454 906 521 attendi
929 454 1036 521 debet.
1061 493 1105 504 -
1128 454 1219 521 Idem
1241 454 1312 522 fere
1342 455 1435 523 valet
1460 455 1492 521 in

170 552 321 614 extrema
343 545 542 611 necessitate
565 544 737 628 corporali.

259 652 298 718 R.
317 655 347 719 2.
386 651 424 716 In
444 654 538 736 proed
559 649 757 717 necessitate
781 650 893 732 gravis
908 649 1064 734 obligatio
1088 649 1152 716 erit
1172 650 1320 735 proxime
1336 649 1494 735 cognatis,

170 742 255 820 filiis,
281 740 472 825 parentibus
496 743 530 806 et
552 739 720 817 fratribus,
745 761 825 823 prae
848 739 921 804 aliis
944 740 1128 806 subvenire.

259 848 298 914 R.
324 849 355 914 3.
405 846 443 911 In
472 845 672 911 necessitate
702 848 874 911 ordinario
906 854 933 911 et
962 849 1021 912 levi
1051 845 1135 912 aliae
1165 844 1409 912 coniunctiones
1438 866 1495 912 seu

170 937 363 1013 relationes,
393 939 431 1001 ut
454 934 633 1019 spiritualis
666 933 919 1013 coniunctionis,
951 934 1115 1001 amicitiae
1145 939 1226 1010 etc,
1256 935 1327 1001 sine
1359 939 1494 1020 peccato

170 1026 412 1110 praeferuntur.
459 1023 507 1088 uf.
535 1024 592 1090 ab.
617 1045 658 1090 ru.
682 1023 714 1101 I,
739 1026 803 1089 603
820 1044 908 1106 sqq.;
940 1024 971 1091 S.
989 1023 1122 1090 Thom.
1147 1025 1193 1102 II,
1217 1023 1259 1102 II,
1284 1045 1314 1106 q.
1340 1026 1393 1102 26,
1419 1045 1449 1091 a.
1467 1026 1495 1090 8.

110 1161 161 1216 382
259 1148 313 1215 Ao
336 1169 528 1226 ouausmuu
556 1150 595 1211 2¹¹¹
618 1147 657 1212 R.
685 1151 713 1213 1.
759 1146 834 1212 Non
862 1146 992 1212 omnino
1015 1151 1105 1213 recte
1128 1147 1197 1231 egit
1219 1146 1417 1225 Quadratus.
1464 1147 1496 1213 Si

171 1238 293 1306 tratres
316 1238 417 1304 habet
436 1240 532 1322 provi
554 1235 752 1304 necessitate
775 1257 916 1320 pressos,
941 1236 981 1301 iis
1003 1257 1083 1320 prae
1113 1236 1187 1301 aliis
1210 1236 1243 1301 in
1267 1239 1397 1303 tantum
1421 1236 1496 1302 sub·

170 1329 284 1395 venire
308 1327 429 1405 debuit,
454 1329 491 1391 ut
513 1325 626 1408 gravis
649 1346 714 1391 non
738 1325 877 1409 amplius
900 1330 989 1392 esset
1011 1325 1201 1392 necessitas.
1241 1324 1342 1404 Quod,
1368 1327 1496 1408 quando

171 1418 212 1484 de
241 1416 336 1483 bonis
365 1419 565 1483 testamento
596 1413 815 1496 relinquendis
846 1413 973 1496 agitur,
1002 1437 1129 1501 procem
1161 1435 1234 1480 esse
1265 1414 1496 1497 obligationem

170 1508 272 1574 habes
296 1527 338 1571 ex
354 1504 385 1570 S.
404 1504 602 1587 Alphons.
626 1503 683 1581 III,
709 1505 790 1577 946;
815 1505 900 1568 unde
922 1503 1070 1569 concludi
1093 1502 1191 1569 debet
1214 1502 1314 1571 etiam
1333 1504 1368 1569 in
1384 1507 1496 1570 nostro

172 1618 261 1673 casu,
286 1615 349 1677 quo
365 1593 552 1670 Quadratus
574 1592 668 1657 bonis
687 1592 754 1656 suis
778 1614 813 1657 se
830 1613 951 1658 exuere
974 1592 1055 1669 vult,
1079 1593 1163 1658 hanc
1179 1612 1252 1659 esse
1267 1592 1498 1677 obligationem

172 1706 318 1769 gravem.
342 1719 386 1729 -
409 1682 578 1748 Fundatns
601 1681 708 1757 timor,
734 1681 760 1745 si
777 1681 927 1758 exsistat,
952 1702 994 1746 ne
1017 1681 1084 1747 sint
1106 1681 1237 1765 ingrati,
1260 1682 1345 1749 ratio
1369 1681 1498 1765 quidem

173 1796 245 1840 esse
275 1776 404 1857 potest,
436 1792 494 1837 cur
525 1770 614 1837 ultra
643 1770 829 1836 necessaria
852 1768 1038 1846 Quadratus
1070 1770 1150 1835 nihil
1174 1771 1246 1849 det,
1278 1772 1335 1836 sed
1360 1771 1394 1836 in
1419 1772 1499 1837 alias

174 1884 290 1928 causas
313 1861 385 1946 pias
408 1860 585 1944 impendat,
609 1880 673 1924 non
698 1863 808 1925 autern
831 1858 927 1938 ratio,
951 1880 1010 1924 cur
1031 1857 1110 1924 nihil
1135 1860 1293 1927 conferat.

262 1969 301 2037 R.
327 1972 356 2034 2.
403 1965 549 2049 Reliquis
580 1965 730 2048 cognatis
759 1986 823 2030 non
853 1966 1029 2032 tenebatur
1059 1968 1118 2032 sub
1141 1966 1236 2047 gravi
1261 1965 1383 2050 aliquid
1406 1967 1497 2041 dare;

173 2059 271 2124 immo
302 2057 372 2122 sine
402 2059 537 2140 peccato
562 2055 627 2120 ullo
656 2054 765 2138 potuit
794 2054 877 2120 alias
908 2076 1025 2121 causas
1054 2055 1263 2122 necessitatis
1294 2056 1433 2139 eligere,
1464 2061 1499 2122 ut

174 2148 268 2225 tecit,
300 2145 471 2212 conferens
501 2145 588 2209 bona
617 2165 677 2208 sna
706 2143 912 2209 missionibus
945 2142 1084 2223 exteris,
1118 2166 1182 2227 quo
1209 2144 1375 2211 sublevari
1397 2145 1499 2230 possit

174 2235 353 2302 necessitas
385 2239 455 2301 tum
479 2232 756 2298 missionariorum
786 2233 993 2318 temporaliS,
1025 2237 1096 2300 tum
1126 2232 1289 2317 spirituali
1311 2234 1499 2300 necessitati

173 2325 350 2391 infidelium
373 2323 455 2389 satis
478 2322 573 2406 gravi
596 2326 814 2388 succurratur.

263 2432 303 2497 R.
328 2434 358 2497 3.
404 2429 521 2511 Neque
544 2426 725 2512 culpandus
752 2432 803 2494 est
825 2426 1027 2506 Quadratus,
1060 2428 1145 2511 quod
1168 2428 1265 2495 titulo
1289 2429 1498 2512 gratitudinis

176 2521 318 2602 aliquam
350 2523 478 2604 partem
510 2516 624 2583 amicis
657 2517 841 2584 contulerit.
895 2520 1052 2584 Attamen
1085 2518 1113 2583 si
1143 2522 1216 2584 erat
1245 2539 1373 2584 summa
1405 2519 1498 2585 valde

176 2610 345 2687 notabilis,
375 2629 440 2673 non
471 2606 539 2690 egit
568 2605 745 2672 secundum
775 2606 966 2689 evangelica
990 2606 1141 2687 consilia,
1173 2628 1257 2690 quae
1280 2608 1429 2692 profiteri
1452 2609 1498 2674 in·

176 2699 298 2773 tendit;
322 2698 404 2763 haec
428 2697 513 2762 enirn
536 2694 733 2780 pauperibus
756 2716 814 2760 seu
836 2695 1057 2778 indigentibus
1080 2696 1166 2762 bona
1181 2696 1406 2763 distribuenda
1427 2718 1499 2763 sua·

177 2788 264 2856 dent.
321 2786 423 2851 Immo
456 2785 541 2868 quod
574 2783 712 2862 amicos,
755 2783 883 2851 etiamsi
920 2784 1016 2851 titulo
1048 2785 1276 2868 gratitudinis,
1312 2790 1499 2872 praetulerit

177 2877 327 2960 cognatis
350 2875 578 2941 remotioribus
600 2873 695 2955 gravi
719 2873 916 2940 necessitate
939 2874 1070 2959 pressis
1094 2875 1143 2941 ita
1159 2878 1195 2940 ut
1218 2877 1268 2940 lis
1290 2877 1375 2941 nibil
1397 2875 1498 2954 daret,

178 2972 357 3051 apeccato
380 2964 501 3029 veniali
524 2985 589 3029 non
613 2967 685 3029 erat
707 2961 859 3030 immune.
906 2962 954 3030 Os.
979 2964 1010 3030 S.
1036 2963 1151 3048 Alplr.
1176 2964 1197 3030 l.
1222 2985 1249 3030 c.

580 3206 821 3272 calcaneum
848 3206 1096 3274 FRATERNA.

735 3381 845 3447 Casus.
873 3389 948 3457 (106)

142 3609 144 3612 y
268 3533 357 3591 Caius
384 3532 415 3590 in
444 3533 561 3607 publico
590 3531 720 3607 hospitio
742 3531 823 3589 videt
844 3532 1010 3607 complures
1032 3532 1112 3591 viros
1138 3552 1176 3590 ex
1196 3533 1304 3592 itinere
1325 3553 1361 3594 eo
1384 3555 1502 3612 congre·

180 3618 267 3687 gatos
295 3632 413 3671 mensae
442 3613 590 3682 assidere,
621 3631 693 3687 quos
722 3631 760 3668 cx
787 3612 873 3687 signo
902 3612 999 3670 crucis
1021 3613 1096 3688 quod
1124 3613 1239 3672 faciunt
1266 3634 1319 3690 pro
1348 3617 1502 3676 catholicis

180 3693 335 3768 agnoscit,
371 3698 402 3750 at
431 3712 504 3768 quos
539 3712 576 3749 ex
611 3691 731 3750 inscitia
765 3692 860 3767 legem
895 3692 1095 3751 abstinentiae
1129 3713 1189 3752 non
1219 3713 1340 3753 servare
1374 3696 1502 3756 iudicare

180 3774 282 3831 debet:
311 3791 429 3830 monere
457 3792 495 3830 ex
522 3777 658 3847 respectu
686 3772 813 3830 humano
841 3791 901 3830 non
933 3773 1038 3844 audet3
1074 3773 1151 3832 sicut
1178 3793 1272 3849 neque
1301 3778 1503 3836 contradicere

181 3854 287 3919 audet,
323 3852 374 3910 sed
406 3871 470 3910 cum
505 3852 590 3925 signo
625 3852 859 3928 complacentiae
890 3859 1043 3928 acceptat,
1080 3872 1144 3911 cum
1174 3854 1206 3912 hi
1235 3853 1292 3912 viri
1322 3856 1352 3914 in
1385 3876 1503 3917 conver·

181 3934 309 4001 satione,
331 3952 418 4008 quam
440 3952 504 3990 oum
525 3933 563 3990 iis
584 3933 682 4002 habet,
704 3952 753 3990 res
775 3933 989 3992 diffamatorias
1009 3940 1134 3991 narrant
1154 3940 1185 3991 et
1206 3940 1310 3993 contra
1331 3937 1504 4013 religionem

181 4019 210 4071 et
240 4016 331 4071 bonos
359 4032 456 4070 mores
484 4013 651 4087 loquuntur.
692 4013 790 4070 Etiam
819 4013 937 4073 silentio
966 4015 1090 4089 premit,
1119 4033 1185 4072 cum
1214 4034 1251 4073 ex
1276 4019 1504 4078 conversatione

181 4100 343 4167 cognoscat
365 4093 489 4167 aliquem
512 4114 549 4150 ex
570 4093 736 4168 hospitibus
757 4093 788 4150 in
810 4113 844 4151 eo
866 4113 941 4161 esse,
965 4103 997 4151 ut
1018 4095 1108 4152 filiam
1127 4114 1211 4153 suam
1233 4095 1312 4154 locet
1332 4097 1364 4156 in
1380 4119 1504 4174 magnae

181 4176 261 4232 urbis
283 4174 373 4232 nobili
394 4173 524 4248 hospitio
547 4173 603 4248 ipsi
626 4174 840 4243 commendato,
864 4175 939 4249 quod
964 4175 1052 4233 Caius
1074 4180 1155 4232 certo
1177 4175 1261 4234 norit
1282 4196 1351 4236 esse
1373 4180 1505 4256 lupanar.

182 4254 290 4312 Postea
312 4254 416 4324 Calue,
445 4273 511 4311 cum
533 4254 705 4322 confitetur,
732 4274 764 4311 sc
786 4263 909 4314 accusat
931 4256 966 4313 de
988 4255 1171 4313 correctione
1192 4257 1327 4317 fraterna
1349 4260 1504 4336 aliquoties

180 4336 326 4409 neglecta.

181 4450 358 4520 Quaamrun
381 4451 409 4507 1⁰
435 4468 510 4525 quae
532 4449 572 4506 sit
593 4449 734 4523 obligatio
757 4450 950 4509 correctionis
972 4452 1130 4510 fraternae.

380 4550 409 4606 2⁰
436 4567 590 4623 quamnam
613 4548 643 4604 in
665 4548 790 4622 singulis
813 4548 930 4606 casibus
953 4549 1040 4606 Caius
1061 4550 1199 4608 habuerit
1219 4551 1439 4627 obligationem.

381 4648 411 4706 3⁰
437 4666 506 4704 num
528 4645 709 4705 satisfecerit
729 4646 780 4703 illa
802 4647 992 4705 accusatione
1014 4647 1043 4704 in
1066 4649 1285 4710 confessionali.
