<?xml version="1.0" encoding="UTF-8"?>
<!DOCTYPE html PUBLIC "-//W3C//DTD XHTML 1.0 Transitional//EN"
    "http://www.w3.org/TR/xhtml1/DTD/xhtml1-transitional.dtd">
<html xmlns="http://www.w3.org/1999/xhtml" xml:lang="en" lang="en">
 <head>
  <title>
</title>
<meta http-equiv="Content-Type" content="text/html;charset=utf-8" />
  <meta name='ocr-system' content='tesseract 3.04.00' />
  <meta name='ocr-capabilities' content='ocr_page ocr_carea ocr_par ocr_line ocrx_word'/>
</head>
<body>
  <div class='ocr_page' id='page_1' title='image "./casusconscienti01lehmgoog_0141.png"; bbox 0 0 3106 5168; ppageno 0'>
   <div class='ocr_carea' id='block_1_1' title="bbox 315 290 1400 364">
    <p class='ocr_par' dir='ltr' id='par_1_1' title="bbox 315 290 1400 364">
     <span class='ocr_line' id='line_1_1' title="bbox 315 290 1400 364; baseline 0.005 -18"><span class='ocrx_word' id='word_1_1' title='bbox 315 316 317 319; x_wconf 95' lang='lat'>·</span> <span class='ocrx_word' id='word_1_2' title='bbox 414 292 613 348; x_wconf 84' lang='lat' dir='ltr'>Iuramautum:</span> <span class='ocrx_word' id='word_1_3' title='bbox 632 292 691 348; x_wconf 85' lang='lat' dir='ltr'>eiua</span> <span class='ocrx_word' id='word_1_4' title='bbox 707 292 905 364; x_wconf 65' lang='lat' dir='ltr'><strong>interpretatio,</strong></span> <span class='ocrx_word' id='word_1_5' title='bbox 923 290 1065 347; x_wconf 72' lang='lat' dir='ltr'><strong>relaxatio.</strong></span> <span class='ocrx_word' id='word_1_6' title='bbox 1337 295 1400 359; x_wconf 80' lang='lat'>125</span> 
     </span>
    </p>
   </div>
   <div class='ocr_carea' id='block_1_2' title="bbox 71 467 1402 1088">
    <p class='ocr_par' dir='ltr' id='par_1_2' title="bbox 71 467 1402 1088">
     <span class='ocr_line' id='line_1_2' title="bbox 74 467 1401 554; baseline -0.001 -20"><span class='ocrx_word' id='word_1_7' title='bbox 74 489 161 552; x_wconf 91' lang='lat' dir='ltr'>quae</span> <span class='ocrx_word' id='word_1_8' title='bbox 190 489 250 553; x_wconf 89' lang='lat' dir='ltr'>per</span> <span class='ocrx_word' id='word_1_9' title='bbox 279 489 315 534; x_wconf 92' lang='lat' dir='ltr'>se</span> <span class='ocrx_word' id='word_1_10' title='bbox 344 470 404 535; x_wconf 92' lang='lat' dir='ltr'>sub</span> <span class='ocrx_word' id='word_1_11' title='bbox 434 468 500 535; x_wconf 91' lang='lat' dir='ltr'>levi</span> <span class='ocrx_word' id='word_1_12' title='bbox 529 473 657 536; x_wconf 88' lang='lat' dir='ltr'>tantum</span> <span class='ocrx_word' id='word_1_13' title='bbox 682 467 846 551; x_wconf 87' lang='lat' dir='ltr'>obligant,</span> <span class='ocrx_word' id='word_1_14' title='bbox 871 469 925 534; x_wconf 92' lang='lat' dir='ltr'>vel</span> <span class='ocrx_word' id='word_1_15' title='bbox 952 470 1013 535; x_wconf 93' lang='lat' dir='ltr'>sub</span> <span class='ocrx_word' id='word_1_16' title='bbox 1043 470 1114 534; x_wconf 89' lang='lat' dir='ltr'>sola</span> <span class='ocrx_word' id='word_1_17' title='bbox 1144 489 1251 554; x_wconf 90' lang='lat' dir='ltr'>poena</span> <span class='ocrx_word' id='word_1_18' title='bbox 1272 469 1327 535; x_wconf 88' lang='lat' dir='ltr'>vel</span> <span class='ocrx_word' id='word_1_19' title='bbox 1359 489 1401 534; x_wconf 88' lang='lat' dir='ltr'>ex</span> 
     </span>
     <span class='ocr_line' id='line_1_3' title="bbox 73 557 1402 643; baseline 0.001 -20"><span class='ocrx_word' id='word_1_20' title='bbox 73 579 167 624; x_wconf 90' lang='lat' dir='ltr'>mera</span> <span class='ocrx_word' id='word_1_21' title='bbox 190 557 340 624; x_wconf 88' lang='lat' dir='ltr'>decentia</span> <span class='ocrx_word' id='word_1_22' title='bbox 364 559 569 624; x_wconf 87' lang='lat' dir='ltr'>observanda</span> <span class='ocrx_word' id='word_1_23' title='bbox 592 559 811 624; x_wconf 88' lang='lat' dir='ltr'>constituunt:</span> <span class='ocrx_word' id='word_1_24' title='bbox 835 558 935 624; x_wconf 90' lang='lat' dir='ltr'>etiam</span> <span class='ocrx_word' id='word_1_25' title='bbox 959 561 1034 643; x_wconf 93' lang='lat' dir='ltr'>post</span> <span class='ocrx_word' id='word_1_26' title='bbox 1057 559 1276 626; x_wconf 87' lang='lat' dir='ltr'>iuramentum</span> <span class='ocrx_word' id='word_1_27' title='bbox 1296 559 1402 624; x_wconf 90' lang='lat' dir='ltr'>solum</span> 
     </span>
     <span class='ocr_line' id='line_1_4' title="bbox 72 647 1399 732; baseline 0 -19"><span class='ocrx_word' id='word_1_28' title='bbox 72 649 135 713; x_wconf 90' lang='lat' dir='ltr'>sub</span> <span class='ocrx_word' id='word_1_29' title='bbox 150 647 216 713; x_wconf 91' lang='lat' dir='ltr'>levi</span> <span class='ocrx_word' id='word_1_30' title='bbox 232 651 368 730; x_wconf 88' lang='lat' dir='ltr'>peccato</span> <span class='ocrx_word' id='word_1_31' title='bbox 392 649 443 714; x_wconf 93' lang='lat' dir='ltr'>vel</span> <span class='ocrx_word' id='word_1_32' title='bbox 463 648 523 713; x_wconf 94' lang='lat' dir='ltr'>sub</span> <span class='ocrx_word' id='word_1_33' title='bbox 547 647 619 713; x_wconf 90' lang='lat' dir='ltr'>sola</span> <span class='ocrx_word' id='word_1_34' title='bbox 641 668 747 732; x_wconf 89' lang='lat' dir='ltr'>poena</span> <span class='ocrx_word' id='word_1_35' title='bbox 770 649 823 713; x_wconf 93' lang='lat' dir='ltr'>vel</span> <span class='ocrx_word' id='word_1_36' title='bbox 847 669 889 713; x_wconf 89' lang='lat' dir='ltr'>ex</span> <span class='ocrx_word' id='word_1_37' title='bbox 912 647 1062 715; x_wconf 87' lang='lat' dir='ltr'>decentia</span> <span class='ocrx_word' id='word_1_38' title='bbox 1085 652 1162 714; x_wconf 91' lang='lat' dir='ltr'>suut</span> <span class='ocrx_word' id='word_1_39' title='bbox 1178 648 1399 723; x_wconf 88' lang='lat' dir='ltr'>observanda;</span> 
     </span>
     <span class='ocr_line' id='line_1_5' title="bbox 165 735 1401 821; baseline 0.001 -20"><span class='ocrx_word' id='word_1_40' title='bbox 165 735 200 818; x_wconf 85' lang='lat'>2)</span> <span class='ocrx_word' id='word_1_41' title='bbox 230 756 271 802; x_wconf 92' lang='lat' dir='ltr'>ea</span> <span class='ocrx_word' id='word_1_42' title='bbox 300 757 384 819; x_wconf 89' lang='lat' dir='ltr'>quae</span> <span class='ocrx_word' id='word_1_43' title='bbox 414 736 627 802; x_wconf 77' lang='lat' dir='ltr'>desuetudine</span> <span class='ocrx_word' id='word_1_44' title='bbox 650 736 716 802; x_wconf 91' lang='lat' dir='ltr'>vim</span> <span class='ocrx_word' id='word_1_45' title='bbox 745 756 838 802; x_wconf 90' lang='lat' dir='ltr'>suam</span> <span class='ocrx_word' id='word_1_46' title='bbox 869 737 1065 816; x_wconf 91' lang='lat' dir='ltr'>amiserunt,</span> <span class='ocrx_word' id='word_1_47' title='bbox 1095 757 1155 821; x_wconf 91' lang='lat' dir='ltr'>per</span> <span class='ocrx_word' id='word_1_48' title='bbox 1182 737 1401 804; x_wconf 89' lang='lat' dir='ltr'>iuramentum</span> 
     </span>
     <span class='ocr_line' id='line_1_6' title="bbox 72 824 815 910; baseline 0 -19"><span class='ocrx_word' id='word_1_49' title='bbox 72 847 140 891; x_wconf 91' lang='lat' dir='ltr'>nou</span> <span class='ocrx_word' id='word_1_50' title='bbox 163 824 325 910; x_wconf 90' lang='lat' dir='ltr'>recipiunt</span> <span class='ocrx_word' id='word_1_51' title='bbox 347 825 519 910; x_wconf 85' lang='lat' dir='ltr'>pristinam</span> <span class='ocrx_word' id='word_1_52' title='bbox 543 825 708 909; x_wconf 90' lang='lat' dir='ltr'>obligandi</span> <span class='ocrx_word' id='word_1_53' title='bbox 731 825 815 903; x_wconf 90' lang='lat' dir='ltr'>vim;</span> 
     </span>
     <span class='ocr_line' id='line_1_7' title="bbox 165 913 1399 998; baseline 0.002 -19"><span class='ocrx_word' id='word_1_54' title='bbox 165 914 200 997; x_wconf 84' lang='lat'>3)</span> <span class='ocrx_word' id='word_1_55' title='bbox 231 934 272 981; x_wconf 88' lang='lat' dir='ltr'>ea</span> <span class='ocrx_word' id='word_1_56' title='bbox 301 935 385 998; x_wconf 87' lang='lat' dir='ltr'>quae</span> <span class='ocrx_word' id='word_1_57' title='bbox 415 936 458 982; x_wconf 88' lang='lat' dir='ltr'>ex</span> <span class='ocrx_word' id='word_1_58' title='bbox 487 936 691 998; x_wconf 90' lang='lat' dir='ltr'>quacumque</span> <span class='ocrx_word' id='word_1_59' title='bbox 721 915 849 980; x_wconf 88' lang='lat' dir='ltr'>ratione</span> <span class='ocrx_word' id='word_1_60' title='bbox 878 913 994 981; x_wconf 88' lang='lat' dir='ltr'>illicita</span> <span class='ocrx_word' id='word_1_61' title='bbox 1022 916 1100 980; x_wconf 92' lang='lat' dir='ltr'>sunt</span> <span class='ocrx_word' id='word_1_62' title='bbox 1130 915 1183 980; x_wconf 91' lang='lat' dir='ltr'>vel</span> <span class='ocrx_word' id='word_1_63' title='bbox 1213 919 1399 993; x_wconf 85' lang='lat' dir='ltr'>evaserunt,</span> 
     </span>
     <span class='ocr_line' id='line_1_8' title="bbox 71 1003 1399 1088; baseline 0 -19"><span class='ocrx_word' id='word_1_64' title='bbox 71 1024 155 1070; x_wconf 90' lang='lat' dir='ltr'>sane</span> <span class='ocrx_word' id='word_1_65' title='bbox 178 1024 244 1069; x_wconf 91' lang='lat' dir='ltr'>non</span> <span class='ocrx_word' id='word_1_66' title='bbox 266 1008 404 1088; x_wconf 89' lang='lat' dir='ltr'>possunt</span> <span class='ocrx_word' id='word_1_67' title='bbox 426 1025 537 1070; x_wconf 90' lang='lat' dir='ltr'>secum</span> <span class='ocrx_word' id='word_1_68' title='bbox 560 1004 647 1070; x_wconf 87' lang='lat' dir='ltr'>ferre</span> <span class='ocrx_word' id='word_1_69' title='bbox 671 1003 920 1087; x_wconf 79' lang='lat' dir='ltr'>obligationem:</span> <span class='ocrx_word' id='word_1_70' title='bbox 950 1003 1049 1070; x_wconf 90' lang='lat' dir='ltr'>immo</span> <span class='ocrx_word' id='word_1_71' title='bbox 1073 1025 1113 1069; x_wconf 90' lang='lat' dir='ltr'>ea</span> <span class='ocrx_word' id='word_1_72' title='bbox 1142 1025 1162 1070; x_wconf 93' lang='lat' dir='ltr'>a</span> <span class='ocrx_word' id='word_1_73' title='bbox 1187 1003 1319 1070; x_wconf 89' lang='lat' dir='ltr'>iurante</span> <span class='ocrx_word' id='word_1_74' title='bbox 1341 1025 1399 1088; x_wconf 88' lang='lat' dir='ltr'>pro</span> 
     </span>
    </p>
   </div>
   <div class='ocr_carea' id='block_1_3' title="bbox 72 1091 1399 1262">
    <p class='ocr_par' dir='ltr' id='par_1_3' title="bbox 72 1091 1399 1262">
     <span class='ocr_line' id='line_1_9' title="bbox 72 1091 1399 1249; baseline 0.002 -91"><span class='ocrx_word' id='word_1_75' title='bbox 72 1091 340 1249; x_wconf 39' lang='lat' dir='ltr'>gi&#39;plcumstlaupigs0</span> <span class='ocrx_word' id='word_1_76' title='bbox 363 1093 535 1248; x_wconf 52' lang='grc' dir='ltr'>θῖἕῙΙίοἰιθ,</span> <span class='ocrx_word' id='word_1_77' title='bbox 571 1114 701 1177; x_wconf 87' lang='lat' dir='ltr'>semper</span> <span class='ocrx_word' id='word_1_78' title='bbox 734 1094 853 1160; x_wconf 87' lang='lat' dir='ltr'>saltem</span> <span class='ocrx_word' id='word_1_79' title='bbox 884 1093 1042 1177; x_wconf 83' lang='lat' dir='ltr'>implicite</span> <span class='ocrx_word' id='word_1_80' title='bbox 1074 1092 1194 1159; x_wconf 88' lang='lat' dir='ltr'>debent</span> <span class='ocrx_word' id='word_1_81' title='bbox 1225 1093 1399 1177; x_wconf 80' lang='lat' dir='ltr'>repudiari.</span> 
     </span>
     <span class='ocr_line' id='line_1_10' title="bbox 128 1205 452 1262; baseline 0.012 -15"><span class='ocrx_word' id='word_1_82' title='bbox 128 1205 201 1249; x_wconf 86' lang='lat' dir='ltr'>.m.</span> <span class='ocrx_word' id='word_1_83' title='bbox 243 1232 251 1262; x_wconf 97' lang='lat'>,</span> <span class='ocrx_word' id='word_1_84' title='bbox 343 1235 350 1250; x_wconf 89' lang='lat'><em>.</em></span> <span class='ocrx_word' id='word_1_85' title='bbox 444 1235 452 1251; x_wconf 91' lang='lat'><strong>.</strong></span> 
     </span>
    </p>
   </div>
   <div class='ocr_carea' id='block_1_4' title="bbox 71 1295 1461 1719">
    <p class='ocr_par' dir='ltr' id='par_1_4' title="bbox 71 1295 1461 1719">
     <span class='ocr_line' id='line_1_11' title="bbox 163 1295 1461 1380; baseline 0.002 -20"><span class='ocrx_word' id='word_1_86' title='bbox 163 1295 218 1360; x_wconf 87' lang='lat' dir='ltr'>An</span> <span class='ocrx_word' id='word_1_87' title='bbox 242 1315 434 1373; x_wconf 79' lang='lat' dir='ltr'>ouansrruu</span> <span class='ocrx_word' id='word_1_88' title='bbox 458 1297 498 1360; x_wconf 81' lang='lat'>2¹¹²</span> <span class='ocrx_word' id='word_1_89' title='bbox 520 1295 559 1361; x_wconf 91' lang='lat' dir='ltr'>R.</span> <span class='ocrx_word' id='word_1_90' title='bbox 582 1298 610 1361; x_wconf 95' lang='lat'>1.</span> <span class='ocrx_word' id='word_1_91' title='bbox 652 1295 853 1375; x_wconf 88' lang='lat' dir='ltr'>Iuramenta,</span> <span class='ocrx_word' id='word_1_92' title='bbox 877 1315 961 1377; x_wconf 89' lang='lat' dir='ltr'>quae</span> <span class='ocrx_word' id='word_1_93' title='bbox 984 1295 1054 1361; x_wconf 91' lang='lat' dir='ltr'>sive</span> <span class='ocrx_word' id='word_1_94' title='bbox 1077 1295 1171 1361; x_wconf 89' lang='lat' dir='ltr'>unice</span> <span class='ocrx_word' id='word_1_95' title='bbox 1194 1295 1264 1362; x_wconf 91' lang='lat' dir='ltr'>sive</span> <span class='ocrx_word' id='word_1_96' title='bbox 1281 1295 1461 1380; x_wconf 83' lang='lat' dir='ltr'>princi-249</span> 
     </span>
     <span class='ocr_line' id='line_1_12' title="bbox 71 1383 1399 1470; baseline 0.002 -20"><span class='ocrx_word' id='word_1_97' title='bbox 71 1383 196 1470; x_wconf 89' lang='lat' dir='ltr'>paliter</span> <span class='ocrx_word' id='word_1_98' title='bbox 216 1384 252 1451; x_wconf 91' lang='lat' dir='ltr'>iu</span> <span class='ocrx_word' id='word_1_99' title='bbox 274 1385 430 1451; x_wconf 91' lang='lat' dir='ltr'>honorem</span> <span class='ocrx_word' id='word_1_100' title='bbox 452 1384 514 1450; x_wconf 91' lang='lat' dir='ltr'>Dei</span> <span class='ocrx_word' id='word_1_101' title='bbox 537 1386 635 1462; x_wconf 91' lang='lat' dir='ltr'>fiunt,</span> <span class='ocrx_word' id='word_1_102' title='bbox 666 1384 779 1451; x_wconf 89' lang='lat' dir='ltr'>statim</span> <span class='ocrx_word' id='word_1_103' title='bbox 804 1385 987 1452; x_wconf 91' lang='lat' dir='ltr'>sortiuntur</span> <span class='ocrx_word' id='word_1_104' title='bbox 1009 1385 1160 1451; x_wconf 86' lang='lat' dir='ltr'>effectum</span> <span class='ocrx_word' id='word_1_105' title='bbox 1183 1406 1295 1464; x_wconf 90' lang='lat' dir='ltr'>suum,</span> <span class='ocrx_word' id='word_1_106' title='bbox 1326 1385 1346 1452; x_wconf 89' lang='lat' dir='ltr'>i.</span> <span class='ocrx_word' id='word_1_107' title='bbox 1371 1405 1399 1453; x_wconf 88' lang='lat' dir='ltr'>e.</span> 
     </span>
     <span class='ocr_line' id='line_1_13' title="bbox 72 1473 1399 1558; baseline 0.005 -20"><span class='ocrx_word' id='word_1_108' title='bbox 72 1473 307 1557; x_wconf 77' lang='lat' dir='ltr'>obligationem</span> <span class='ocrx_word' id='word_1_109' title='bbox 331 1474 374 1540; x_wconf 90' lang='lat' dir='ltr'>ad</span> <span class='ocrx_word' id='word_1_110' title='bbox 397 1474 607 1558; x_wconf 89' lang='lat' dir='ltr'>praestanda,</span> <span class='ocrx_word' id='word_1_111' title='bbox 631 1495 715 1556; x_wconf 87' lang='lat' dir='ltr'>quae</span> <span class='ocrx_word' id='word_1_112' title='bbox 731 1474 803 1556; x_wconf 85' lang='lat' dir='ltr'>quis</span> <span class='ocrx_word' id='word_1_113' title='bbox 827 1494 863 1539; x_wconf 97' lang='lat' dir='ltr'>se</span> <span class='ocrx_word' id='word_1_114' title='bbox 886 1473 1049 1540; x_wconf 88' lang='lat' dir='ltr'>facturum</span> <span class='ocrx_word' id='word_1_115' title='bbox 1070 1473 1203 1551; x_wconf 85' lang='lat' dir='ltr'>iuravit,</span> <span class='ocrx_word' id='word_1_116' title='bbox 1225 1473 1399 1545; x_wconf 86' lang='lat' dir='ltr'>inducunt:</span> 
     </span>
     <span class='ocr_line' id='line_1_14' title="bbox 71 1562 1399 1648; baseline 0.002 -20"><span class='ocrx_word' id='word_1_117' title='bbox 71 1563 219 1629; x_wconf 87' lang='lat' dir='ltr'>relaxari</span> <span class='ocrx_word' id='word_1_118' title='bbox 246 1567 355 1629; x_wconf 88' lang='lat' dir='ltr'>autem</span> <span class='ocrx_word' id='word_1_119' title='bbox 385 1567 524 1648; x_wconf 84' lang='lat' dir='ltr'>possunt</span> <span class='ocrx_word' id='word_1_120' title='bbox 553 1583 596 1629; x_wconf 84' lang='lat' dir='ltr'>ex</span> <span class='ocrx_word' id='word_1_121' title='bbox 624 1562 713 1629; x_wconf 88' lang='lat' dir='ltr'>iusta</span> <span class='ocrx_word' id='word_1_122' title='bbox 742 1584 843 1629; x_wconf 87' lang='lat' dir='ltr'>causa</span> <span class='ocrx_word' id='word_1_123' title='bbox 871 1563 914 1630; x_wconf 91' lang='lat' dir='ltr'>ab</span> <span class='ocrx_word' id='word_1_124' title='bbox 941 1562 1140 1630; x_wconf 85' lang='lat' dir='ltr'>auctoritate</span> <span class='ocrx_word' id='word_1_125' title='bbox 1168 1563 1399 1643; x_wconf 89' lang='lat' dir='ltr'>ecclesiastica,</span> 
     </span>
     <span class='ocr_line' id='line_1_15' title="bbox 71 1651 733 1719; baseline 0 -1"><span class='ocrx_word' id='word_1_126' title='bbox 71 1651 159 1719; x_wconf 91' lang='lat' dir='ltr'>sicut</span> <span class='ocrx_word' id='word_1_127' title='bbox 183 1657 262 1719; x_wconf 91' lang='lat' dir='ltr'>vota</span> <span class='ocrx_word' id='word_1_128' title='bbox 283 1652 317 1716; x_wconf 94' lang='lat' dir='ltr'>in</span> <span class='ocrx_word' id='word_1_129' title='bbox 341 1651 402 1717; x_wconf 89' lang='lat' dir='ltr'>Dei</span> <span class='ocrx_word' id='word_1_130' title='bbox 424 1653 580 1718; x_wconf 86' lang='lat' dir='ltr'>honorem</span> <span class='ocrx_word' id='word_1_131' title='bbox 604 1651 733 1718; x_wconf 88' lang='lat' dir='ltr'>emissa.</span> 
     </span>
    </p>
   </div>
   <div class='ocr_carea' id='block_1_5' title="bbox 69 1748 1401 2277">
    <p class='ocr_par' dir='ltr' id='par_1_5' title="bbox 69 1748 1401 2277">
     <span class='ocr_line' id='line_1_16' title="bbox 163 1748 1400 1834; baseline 0.002 -19"><span class='ocrx_word' id='word_1_132' title='bbox 163 1750 203 1816; x_wconf 86' lang='lat' dir='ltr'>R.</span> <span class='ocrx_word' id='word_1_133' title='bbox 228 1753 258 1817; x_wconf 83' lang='lat'>2.</span> <span class='ocrx_word' id='word_1_134' title='bbox 305 1749 511 1829; x_wconf 90' lang='lat' dir='ltr'>Iuramenta,</span> <span class='ocrx_word' id='word_1_135' title='bbox 542 1770 626 1833; x_wconf 85' lang='lat' dir='ltr'>quae</span> <span class='ocrx_word' id='word_1_136' title='bbox 649 1749 874 1834; x_wconf 80' lang='lat' dir='ltr'>principaliter</span> <span class='ocrx_word' id='word_1_137' title='bbox 902 1749 935 1814; x_wconf 93' lang='lat' dir='ltr'>in</span> <span class='ocrx_word' id='word_1_138' title='bbox 966 1748 1114 1816; x_wconf 83' lang='lat' dir='ltr'>favorem</span> <span class='ocrx_word' id='word_1_139' title='bbox 1144 1749 1281 1816; x_wconf 88' lang='lat' dir='ltr'>alterius</span> <span class='ocrx_word' id='word_1_140' title='bbox 1304 1752 1400 1817; x_wconf 92' lang='lat' dir='ltr'>emit-</span> 
     </span>
     <span class='ocr_line' id='line_1_17' title="bbox 70 1838 1400 1923; baseline 0 -18"><span class='ocrx_word' id='word_1_141' title='bbox 70 1843 199 1917; x_wconf 89' lang='lat' dir='ltr'>tuntur,</span> <span class='ocrx_word' id='word_1_142' title='bbox 232 1838 464 1922; x_wconf 87' lang='lat' dir='ltr'>obligationem</span> <span class='ocrx_word' id='word_1_143' title='bbox 498 1860 562 1904; x_wconf 90' lang='lat' dir='ltr'>non</span> <span class='ocrx_word' id='word_1_144' title='bbox 593 1839 752 1906; x_wconf 87' lang='lat' dir='ltr'>inducunt</span> <span class='ocrx_word' id='word_1_145' title='bbox 782 1839 845 1904; x_wconf 90' lang='lat' dir='ltr'>nisi</span> <span class='ocrx_word' id='word_1_146' title='bbox 877 1843 992 1905; x_wconf 88' lang='lat' dir='ltr'>secuta</span> <span class='ocrx_word' id='word_1_147' title='bbox 1023 1839 1266 1922; x_wconf 84' lang='lat' dir='ltr'>acceptatione,</span> <span class='ocrx_word' id='word_1_148' title='bbox 1300 1844 1400 1923; x_wconf 89' lang='lat' dir='ltr'>atque</span> 
     </span>
     <span class='ocr_line' id='line_1_18' title="bbox 69 1927 1401 2013; baseline 0.002 -19"><span class='ocrx_word' id='word_1_149' title='bbox 69 1933 190 2012; x_wconf 90' lang='lat' dir='ltr'>postea</span> <span class='ocrx_word' id='word_1_150' title='bbox 213 1928 348 2013; x_wconf 90' lang='lat' dir='ltr'>abipso</span> <span class='ocrx_word' id='word_1_151' title='bbox 371 1927 428 1993; x_wconf 94' lang='lat' dir='ltr'>illo</span> <span class='ocrx_word' id='word_1_152' title='bbox 451 1928 595 1994; x_wconf 88' lang='lat' dir='ltr'>relaxari</span> <span class='ocrx_word' id='word_1_153' title='bbox 618 1932 772 2012; x_wconf 89' lang='lat' dir='ltr'>possunt,</span> <span class='ocrx_word' id='word_1_154' title='bbox 802 1927 962 2011; x_wconf 89' lang='lat' dir='ltr'>siquidem</span> <span class='ocrx_word' id='word_1_155' title='bbox 991 1927 1020 1992; x_wconf 90' lang='lat' dir='ltr'>is</span> <span class='ocrx_word' id='word_1_156' title='bbox 1042 1928 1150 1995; x_wconf 83' lang='lat' dir='ltr'>favori</span> <span class='ocrx_word' id='word_1_157' title='bbox 1179 1929 1241 1994; x_wconf 88' lang='lat' dir='ltr'>sibi</span> <span class='ocrx_word' id='word_1_158' title='bbox 1264 1929 1343 1996; x_wconf 89' lang='lat' dir='ltr'>dato</span> <span class='ocrx_word' id='word_1_159' title='bbox 1366 1934 1401 1996; x_wconf 89' lang='lat' dir='ltr'>et</span> 
     </span>
     <span class='ocr_line' id='line_1_19' title="bbox 70 2016 1400 2101; baseline 0.001 -18"><span class='ocrx_word' id='word_1_160' title='bbox 70 2019 143 2083; x_wconf 90' lang='lat' dir='ltr'>iure</span> <span class='ocrx_word' id='word_1_161' title='bbox 167 2016 328 2101; x_wconf 83' lang='lat' dir='ltr'>acquisito</span> <span class='ocrx_word' id='word_1_162' title='bbox 351 2021 463 2101; x_wconf 90' lang='lat' dir='ltr'>potest</span> <span class='ocrx_word' id='word_1_163' title='bbox 485 2016 684 2083; x_wconf 89' lang='lat' dir='ltr'>renuntiare.</span> <span class='ocrx_word' id='word_1_164' title='bbox 730 2016 910 2083; x_wconf 88' lang='lat' dir='ltr'>Iuramenti</span> <span class='ocrx_word' id='word_1_165' title='bbox 936 2016 1022 2083; x_wconf 90' lang='lat' dir='ltr'>enim</span> <span class='ocrx_word' id='word_1_166' title='bbox 1045 2017 1213 2100; x_wconf 83' lang='lat' dir='ltr'>obligatio,</span> <span class='ocrx_word' id='word_1_167' title='bbox 1237 2023 1400 2101; x_wconf 87' lang='lat' dir='ltr'>quatenus</span> 
     </span>
     <span class='ocr_line' id='line_1_20' title="bbox 70 2105 1400 2191; baseline 0.002 -18"><span class='ocrx_word' id='word_1_168' title='bbox 70 2111 124 2173; x_wconf 88' lang='lat' dir='ltr'>est</span> <span class='ocrx_word' id='word_1_169' title='bbox 147 2106 312 2189; x_wconf 90' lang='lat' dir='ltr'>religiosa,</span> <span class='ocrx_word' id='word_1_170' title='bbox 337 2105 520 2173; x_wconf 88' lang='lat' dir='ltr'>accessoria</span> <span class='ocrx_word' id='word_1_171' title='bbox 543 2111 594 2173; x_wconf 91' lang='lat' dir='ltr'>est</span> <span class='ocrx_word' id='word_1_172' title='bbox 618 2110 652 2173; x_wconf 90' lang='lat' dir='ltr'>et</span> <span class='ocrx_word' id='word_1_173' title='bbox 675 2106 836 2190; x_wconf 85' lang='lat' dir='ltr'>dependet</span> <span class='ocrx_word' id='word_1_174' title='bbox 859 2107 901 2172; x_wconf 92' lang='lat' dir='ltr'>ab</span> <span class='ocrx_word' id='word_1_175' title='bbox 924 2106 1124 2189; x_wconf 88' lang='lat' dir='ltr'>obligatione</span> <span class='ocrx_word' id='word_1_176' title='bbox 1140 2106 1296 2187; x_wconf 88' lang='lat' dir='ltr'>iustitiae,</span> <span class='ocrx_word' id='word_1_177' title='bbox 1316 2129 1400 2191; x_wconf 87' lang='lat' dir='ltr'>quae</span> 
     </span>
     <span class='ocr_line' id='line_1_21' title="bbox 70 2197 1329 2277; baseline -0.001 -15"><span class='ocrx_word' id='word_1_178' title='bbox 70 2216 153 2277; x_wconf 89' lang='lat' dir='ltr'>erga</span> <span class='ocrx_word' id='word_1_179' title='bbox 177 2197 317 2263; x_wconf 87' lang='lat' dir='ltr'>alterum</span> <span class='ocrx_word' id='word_1_180' title='bbox 341 2199 393 2261; x_wconf 89' lang='lat' dir='ltr'>est</span> <span class='ocrx_word' id='word_1_181' title='bbox 418 2199 599 2262; x_wconf 87' lang='lat' dir='ltr'>contracta.</span> <span class='ocrx_word' id='word_1_182' title='bbox 1325 2202 1329 2213; x_wconf 91' lang='lat'>&#39;</span> 
     </span>
    </p>
   </div>
   <div class='ocr_carea' id='block_1_6' title="bbox 69 2291 1400 2556">
    <p class='ocr_par' dir='ltr' id='par_1_6' title="bbox 69 2291 1400 2556">
     <span class='ocr_line' id='line_1_22' title="bbox 162 2291 1400 2362; baseline 0.002 -4"><span class='ocrx_word' id='word_1_183' title='bbox 162 2292 201 2360; x_wconf 85' lang='lat' dir='ltr'>R.</span> <span class='ocrx_word' id='word_1_184' title='bbox 226 2296 257 2361; x_wconf 84' lang='lat'>3.</span> <span class='ocrx_word' id='word_1_185' title='bbox 299 2292 435 2358; x_wconf 92' lang='lat' dir='ltr'>Publica</span> <span class='ocrx_word' id='word_1_186' title='bbox 458 2293 639 2360; x_wconf 83' lang='lat' dir='ltr'>auctoritas</span> <span class='ocrx_word' id='word_1_187' title='bbox 663 2293 715 2358; x_wconf 91' lang='lat' dir='ltr'>vel</span> <span class='ocrx_word' id='word_1_188' title='bbox 748 2291 972 2358; x_wconf 88' lang='lat' dir='ltr'>ecclesiastica</span> <span class='ocrx_word' id='word_1_189' title='bbox 995 2293 1049 2357; x_wconf 91' lang='lat' dir='ltr'>vel</span> <span class='ocrx_word' id='word_1_190' title='bbox 1080 2291 1185 2357; x_wconf 91' lang='lat' dir='ltr'>civilis</span> <span class='ocrx_word' id='word_1_191' title='bbox 1215 2292 1400 2362; x_wconf 88' lang='lat' dir='ltr'>iuramenta</span> 
     </span>
     <span class='ocr_line' id='line_1_23' title="bbox 69 2381 1400 2467; baseline 0.001 -19"><span class='ocrx_word' id='word_1_192' title='bbox 69 2383 225 2448; x_wconf 87' lang='lat' dir='ltr'>relaxare</span> <span class='ocrx_word' id='word_1_193' title='bbox 248 2386 359 2467; x_wconf 89' lang='lat' dir='ltr'>potest</span> <span class='ocrx_word' id='word_1_194' title='bbox 382 2381 469 2448; x_wconf 91' lang='lat' dir='ltr'>circa</span> <span class='ocrx_word' id='word_1_195' title='bbox 493 2403 550 2448; x_wconf 88' lang='lat' dir='ltr'>eas</span> <span class='ocrx_word' id='word_1_196' title='bbox 572 2403 626 2447; x_wconf 87' lang='lat' dir='ltr'>res</span> <span class='ocrx_word' id='word_1_197' title='bbox 649 2381 827 2460; x_wconf 87' lang='lat' dir='ltr'>versantia,</span> <span class='ocrx_word' id='word_1_198' title='bbox 852 2402 937 2464; x_wconf 92' lang='lat' dir='ltr'>quae</span> <span class='ocrx_word' id='word_1_199' title='bbox 959 2382 1097 2448; x_wconf 88' lang='lat' dir='ltr'>subsunt</span> <span class='ocrx_word' id='word_1_200' title='bbox 1118 2381 1332 2450; x_wconf 87' lang='lat' dir='ltr'>iurisdictioni</span> <span class='ocrx_word' id='word_1_201' title='bbox 1347 2385 1400 2450; x_wconf 88' lang='lat' dir='ltr'>vel</span> 
     </span>
     <span class='ocr_line' id='line_1_24' title="bbox 70 2471 714 2556; baseline 0 -18"><span class='ocrx_word' id='word_1_202' title='bbox 70 2471 215 2539; x_wconf 90' lang='lat' dir='ltr'>dominio</span> <span class='ocrx_word' id='word_1_203' title='bbox 237 2472 333 2538; x_wconf 90' lang='lat' dir='ltr'>huius</span> <span class='ocrx_word' id='word_1_204' title='bbox 355 2472 506 2556; x_wconf 91' lang='lat' dir='ltr'>publicae</span> <span class='ocrx_word' id='word_1_205' title='bbox 528 2471 714 2556; x_wconf 83' lang='lat' dir='ltr'>potestatis.</span> 
     </span>
    </p>
   </div>
   <div class='ocr_carea' id='block_1_7' title="bbox 69 2585 1460 2921">
    <p class='ocr_par' dir='ltr' id='par_1_7' title="bbox 69 2585 1460 2921">
     <span class='ocr_line' id='line_1_25' title="bbox 161 2585 1460 2671; baseline -0.001 -20"><span class='ocrx_word' id='word_1_206' title='bbox 161 2587 214 2651; x_wconf 86' lang='lat' dir='ltr'>Au</span> <span class='ocrx_word' id='word_1_207' title='bbox 230 2606 422 2663; x_wconf 79' lang='lat' dir='ltr'>ouansmum</span> <span class='ocrx_word' id='word_1_208' title='bbox 441 2588 481 2652; x_wconf 80' lang='lat'>3¹²²</span> <span class='ocrx_word' id='word_1_209' title='bbox 503 2586 542 2652; x_wconf 86' lang='lat' dir='ltr'>R.</span> <span class='ocrx_word' id='word_1_210' title='bbox 566 2588 594 2653; x_wconf 88' lang='lat'>1.</span> <span class='ocrx_word' id='word_1_211' title='bbox 633 2586 855 2653; x_wconf 80' lang='lat' dir='ltr'>linamentum</span> <span class='ocrx_word' id='word_1_212' title='bbox 872 2589 1013 2671; x_wconf 71' lang='lat' dir='ltr'>priosum</span> <span class='ocrx_word' id='word_1_213' title='bbox 1028 2585 1162 2652; x_wconf 91' lang='lat' dir='ltr'>consilia</span> <span class='ocrx_word' id='word_1_214' title='bbox 1178 2607 1243 2652; x_wconf 91' lang='lat' dir='ltr'>non</span> <span class='ocrx_word' id='word_1_215' title='bbox 1258 2587 1400 2655; x_wconf 88' lang='lat' dir='ltr'>mutavit</span> <span class='ocrx_word' id='word_1_216' title='bbox 1408 2595 1460 2651; x_wconf 78' lang='lat'>250</span> 
     </span>
     <span class='ocr_line' id='line_1_26' title="bbox 69 2675 1400 2761; baseline 0.001 -20"><span class='ocrx_word' id='word_1_217' title='bbox 69 2676 103 2741; x_wconf 90' lang='lat' dir='ltr'>in</span> <span class='ocrx_word' id='word_1_218' title='bbox 127 2675 262 2742; x_wconf 89' lang='lat' dir='ltr'>strictas</span> <span class='ocrx_word' id='word_1_219' title='bbox 277 2676 378 2758; x_wconf 88' lang='lat' dir='ltr'>leges,</span> <span class='ocrx_word' id='word_1_220' title='bbox 403 2676 493 2757; x_wconf 88' lang='lat' dir='ltr'>leges</span> <span class='ocrx_word' id='word_1_221' title='bbox 509 2676 664 2759; x_wconf 89' lang='lat' dir='ltr'>poenales</span> <span class='ocrx_word' id='word_1_222' title='bbox 686 2696 750 2740; x_wconf 90' lang='lat' dir='ltr'>non</span> <span class='ocrx_word' id='word_1_223' title='bbox 775 2675 807 2739; x_wconf 91' lang='lat' dir='ltr'>in</span> <span class='ocrx_word' id='word_1_224' title='bbox 831 2676 922 2758; x_wconf 87' lang='lat' dir='ltr'>leges</span> <span class='ocrx_word' id='word_1_225' title='bbox 944 2695 1004 2759; x_wconf 90' lang='lat' dir='ltr'>per</span> <span class='ocrx_word' id='word_1_226' title='bbox 1026 2696 1062 2740; x_wconf 88' lang='lat' dir='ltr'>se</span> <span class='ocrx_word' id='word_1_227' title='bbox 1086 2676 1279 2759; x_wconf 87' lang='lat' dir='ltr'>obligantes,</span> <span class='ocrx_word' id='word_1_228' title='bbox 1303 2698 1400 2761; x_wconf 88' lang='lat' dir='ltr'>prae·</span> 
     </span>
     <span class='ocr_line' id='line_1_27' title="bbox 70 2764 1398 2849; baseline 0.001 -18"><span class='ocrx_word' id='word_1_229' title='bbox 70 2770 169 2849; x_wconf 88' lang='lat' dir='ltr'>cepta</span> <span class='ocrx_word' id='word_1_230' title='bbox 184 2764 272 2830; x_wconf 90' lang='lat' dir='ltr'>levia</span> <span class='ocrx_word' id='word_1_231' title='bbox 286 2786 352 2830; x_wconf 92' lang='lat' dir='ltr'>nou</span> <span class='ocrx_word' id='word_1_232' title='bbox 368 2765 510 2830; x_wconf 86' lang='lat' dir='ltr'>mutavit</span> <span class='ocrx_word' id='word_1_233' title='bbox 532 2764 567 2829; x_wconf 94' lang='lat' dir='ltr'>in</span> <span class='ocrx_word' id='word_1_234' title='bbox 589 2764 715 2847; x_wconf 86' lang='lat' dir='ltr'>gravia.</span> <span class='ocrx_word' id='word_1_235' title='bbox 751 2765 840 2848; x_wconf 86' lang='lat' dir='ltr'>Ergo</span> <span class='ocrx_word' id='word_1_236' title='bbox 856 2764 955 2831; x_wconf 91' lang='lat' dir='ltr'>timor</span> <span class='ocrx_word' id='word_1_237' title='bbox 970 2768 1105 2849; x_wconf 89' lang='lat' dir='ltr'>propter</span> <span class='ocrx_word' id='word_1_238' title='bbox 1119 2766 1398 2849; x_wconf 85' lang='lat' dir='ltr'>transgressiones</span> 
     </span>
     <span class='ocr_line' id='line_1_28' title="bbox 69 2853 725 2921; baseline 0.002 -1"><span class='ocrx_word' id='word_1_239' title='bbox 69 2858 271 2921; x_wconf 86' lang='lat' dir='ltr'>statutorum</span> <span class='ocrx_word' id='word_1_240' title='bbox 294 2876 359 2919; x_wconf 90' lang='lat' dir='ltr'>uon</span> <span class='ocrx_word' id='word_1_241' title='bbox 383 2853 480 2920; x_wconf 90' lang='lat' dir='ltr'>debet</span> <span class='ocrx_word' id='word_1_242' title='bbox 503 2874 576 2919; x_wconf 88' lang='lat' dir='ltr'>esse</span> <span class='ocrx_word' id='word_1_243' title='bbox 598 2853 725 2921; x_wconf 90' lang='lat' dir='ltr'>nimius.</span> 
     </span>
    </p>
   </div>
   <div class='ocr_carea' id='block_1_8' title="bbox 69 2957 1398 4722">
    <p class='ocr_par' dir='ltr' id='par_1_8' title="bbox 69 2957 1398 3311">
     <span class='ocr_line' id='line_1_29' title="bbox 160 2957 1398 3041; baseline 0.001 -17"><span class='ocrx_word' id='word_1_244' title='bbox 160 2959 200 3024; x_wconf 84' lang='lat' dir='ltr'>R.</span> <span class='ocrx_word' id='word_1_245' title='bbox 221 2962 251 3026; x_wconf 86' lang='lat'>2.</span> <span class='ocrx_word' id='word_1_246' title='bbox 290 2959 513 3024; x_wconf 88' lang='lat' dir='ltr'>Iuramentum</span> <span class='ocrx_word' id='word_1_247' title='bbox 530 2961 665 3024; x_wconf 78' lang='lat' dir='ltr'>alterum</span> <span class='ocrx_word' id='word_1_248' title='bbox 687 2958 734 3024; x_wconf 90' lang='lat' dir='ltr'>sic</span> <span class='ocrx_word' id='word_1_249' title='bbox 754 2957 967 3041; x_wconf 88' lang='lat' dir='ltr'>intellegitur,</span> <span class='ocrx_word' id='word_1_250' title='bbox 993 2962 1029 3024; x_wconf 91' lang='lat' dir='ltr'>ut</span> <span class='ocrx_word' id='word_1_251' title='bbox 1049 2958 1161 3023; x_wconf 88' lang='lat' dir='ltr'>iurans</span> <span class='ocrx_word' id='word_1_252' title='bbox 1176 2958 1257 3024; x_wconf 90' lang='lat' dir='ltr'>velit</span> <span class='ocrx_word' id='word_1_253' title='bbox 1272 2960 1398 3041; x_wconf 88' lang='lat' dir='ltr'>legibus</span> 
     </span>
     <span class='ocr_line' id='line_1_30' title="bbox 70 3047 1398 3131; baseline 0 -17"><span class='ocrx_word' id='word_1_254' title='bbox 70 3049 242 3115; x_wconf 88' lang='lat' dir='ltr'>subiacere</span> <span class='ocrx_word' id='word_1_255' title='bbox 271 3069 376 3131; x_wconf 89' lang='lat' dir='ltr'>neque</span> <span class='ocrx_word' id='word_1_256' title='bbox 404 3053 519 3115; x_wconf 90' lang='lat' dir='ltr'>contra</span> <span class='ocrx_word' id='word_1_257' title='bbox 542 3048 722 3131; x_wconf 89' lang='lat' dir='ltr'>legitimam</span> <span class='ocrx_word' id='word_1_258' title='bbox 747 3048 977 3114; x_wconf 88' lang='lat' dir='ltr'>auctoritatem</span> <span class='ocrx_word' id='word_1_259' title='bbox 1001 3048 1177 3130; x_wconf 88' lang='lat' dir='ltr'>quidquam</span> <span class='ocrx_word' id='word_1_260' title='bbox 1200 3047 1319 3126; x_wconf 87' lang='lat' dir='ltr'>moliri,</span> <span class='ocrx_word' id='word_1_261' title='bbox 1345 3050 1398 3114; x_wconf 91' lang='lat' dir='ltr'>vel</span> 
     </span>
     <span class='ocr_line' id='line_1_31' title="bbox 70 3136 1397 3220; baseline 0 -17"><span class='ocrx_word' id='word_1_262' title='bbox 70 3138 103 3203; x_wconf 94' lang='lat' dir='ltr'>in</span> <span class='ocrx_word' id='word_1_263' title='bbox 126 3158 262 3202; x_wconf 89' lang='lat' dir='ltr'>munere</span> <span class='ocrx_word' id='word_1_264' title='bbox 286 3159 343 3203; x_wconf 92' lang='lat' dir='ltr'>suo</span> <span class='ocrx_word' id='word_1_265' title='bbox 367 3137 544 3203; x_wconf 91' lang='lat' dir='ltr'>secundum</span> <span class='ocrx_word' id='word_1_266' title='bbox 563 3138 653 3219; x_wconf 89' lang='lat' dir='ltr'>leges</span> <span class='ocrx_word' id='word_1_267' title='bbox 669 3136 821 3202; x_wconf 89' lang='lat' dir='ltr'>iudicare.</span> <span class='ocrx_word' id='word_1_268' title='bbox 858 3137 921 3202; x_wconf 89' lang='lat' dir='ltr'>Sed</span> <span class='ocrx_word' id='word_1_269' title='bbox 944 3158 1008 3201; x_wconf 92' lang='lat' dir='ltr'>non</span> <span class='ocrx_word' id='word_1_270' title='bbox 1031 3136 1220 3214; x_wconf 90' lang='lat' dir='ltr'>intenditur,</span> <span class='ocrx_word' id='word_1_271' title='bbox 1246 3142 1282 3204; x_wconf 90' lang='lat' dir='ltr'>ut</span> <span class='ocrx_word' id='word_1_272' title='bbox 1298 3139 1397 3220; x_wconf 91' lang='lat' dir='ltr'>quod-</span> 
     </span>
     <span class='ocr_line' id='line_1_32' title="bbox 69 3225 1280 3311; baseline 0.001 -19"><span class='ocrx_word' id='word_1_273' title='bbox 69 3228 152 3293; x_wconf 89' lang='lat' dir='ltr'>libet</span> <span class='ocrx_word' id='word_1_274' title='bbox 174 3226 258 3308; x_wconf 90' lang='lat' dir='ltr'>legis</span> <span class='ocrx_word' id='word_1_275' title='bbox 281 3231 493 3311; x_wconf 90' lang='lat' dir='ltr'>praeceptum</span> <span class='ocrx_word' id='word_1_276' title='bbox 516 3247 601 3291; x_wconf 92' lang='lat' dir='ltr'>nunc</span> <span class='ocrx_word' id='word_1_277' title='bbox 624 3226 723 3293; x_wconf 89' lang='lat' dir='ltr'>etiam</span> <span class='ocrx_word' id='word_1_278' title='bbox 748 3225 780 3290; x_wconf 91' lang='lat' dir='ltr'>vi</span> <span class='ocrx_word' id='word_1_279' title='bbox 803 3225 976 3292; x_wconf 90' lang='lat' dir='ltr'>iuramenti</span> <span class='ocrx_word' id='word_1_280' title='bbox 1000 3225 1128 3310; x_wconf 89' lang='lat' dir='ltr'>impleri</span> <span class='ocrx_word' id='word_1_281' title='bbox 1151 3226 1280 3293; x_wconf 89' lang='lat' dir='ltr'>debeat.</span> 
     </span>
    </p>

    <p class='ocr_par' dir='ltr' id='par_1_9' title="bbox 69 3314 1398 3934">
     <span class='ocr_line' id='line_1_33' title="bbox 162 3314 1397 3399; baseline -0.001 -17"><span class='ocrx_word' id='word_1_282' title='bbox 162 3315 226 3382; x_wconf 89' lang='lat' dir='ltr'>Sed</span> <span class='ocrx_word' id='word_1_283' title='bbox 250 3337 354 3398; x_wconf 89' lang='lat' dir='ltr'>neque</span> <span class='ocrx_word' id='word_1_284' title='bbox 382 3314 416 3379; x_wconf 95' lang='lat' dir='ltr'>in</span> <span class='ocrx_word' id='word_1_285' title='bbox 445 3315 575 3399; x_wconf 90' lang='lat' dir='ltr'>publica</span> <span class='ocrx_word' id='word_1_286' title='bbox 604 3315 714 3398; x_wconf 90' lang='lat' dir='ltr'>legum</span> <span class='ocrx_word' id='word_1_287' title='bbox 737 3315 949 3381; x_wconf 89' lang='lat' dir='ltr'>observantia</span> <span class='ocrx_word' id='word_1_288' title='bbox 972 3336 1029 3380; x_wconf 87' lang='lat' dir='ltr'>seu</span> <span class='ocrx_word' id='word_1_289' title='bbox 1056 3315 1089 3379; x_wconf 94' lang='lat' dir='ltr'>in</span> <span class='ocrx_word' id='word_1_290' title='bbox 1112 3335 1246 3381; x_wconf 88' lang='lat' dir='ltr'>munere</span> <span class='ocrx_word' id='word_1_291' title='bbox 1268 3314 1397 3399; x_wconf 90' lang='lat' dir='ltr'>publico</span> 
     </span>
     <span class='ocr_line' id='line_1_34' title="bbox 69 3403 1398 3487; baseline 0 -17"><span class='ocrx_word' id='word_1_292' title='bbox 69 3405 166 3471; x_wconf 89' lang='lat' dir='ltr'>iuxta</span> <span class='ocrx_word' id='word_1_293' title='bbox 188 3405 280 3487; x_wconf 90' lang='lat' dir='ltr'>leges</span> <span class='ocrx_word' id='word_1_294' title='bbox 295 3404 438 3487; x_wconf 87' lang='lat' dir='ltr'>gerendo</span> <span class='ocrx_word' id='word_1_295' title='bbox 455 3403 548 3486; x_wconf 89' lang='lat' dir='ltr'>quasi</span> <span class='ocrx_word' id='word_1_296' title='bbox 564 3425 660 3470; x_wconf 89' lang='lat' dir='ltr'>casce</span> <span class='ocrx_word' id='word_1_297' title='bbox 683 3404 753 3470; x_wconf 89' lang='lat' dir='ltr'>sinc</span> <span class='ocrx_word' id='word_1_298' title='bbox 773 3403 947 3487; x_wconf 91' lang='lat' dir='ltr'>prudentia</span> <span class='ocrx_word' id='word_1_299' title='bbox 963 3404 1201 3487; x_wconf 89' lang='lat' dir='ltr'>procedendum</span> <span class='ocrx_word' id='word_1_300' title='bbox 1225 3409 1286 3471; x_wconf 90' lang='lat' dir='ltr'>est.</span> <span class='ocrx_word' id='word_1_301' title='bbox 1322 3405 1398 3470; x_wconf 87' lang='lat' dir='ltr'>Non</span> 
     </span>
     <span class='ocr_line' id='line_1_35' title="bbox 70 3492 1398 3576; baseline -0.002 -14"><span class='ocrx_word' id='word_1_302' title='bbox 70 3516 148 3562; x_wconf 89' lang='lat' dir='ltr'>raro</span> <span class='ocrx_word' id='word_1_303' title='bbox 178 3494 262 3559; x_wconf 92' lang='lat' dir='ltr'>enim</span> <span class='ocrx_word' id='word_1_304' title='bbox 293 3496 407 3560; x_wconf 87' lang='lat' dir='ltr'>nostra</span> <span class='ocrx_word' id='word_1_305' title='bbox 436 3497 549 3559; x_wconf 88' lang='lat' dir='ltr'>aetate</span> <span class='ocrx_word' id='word_1_306' title='bbox 579 3494 744 3559; x_wconf 88' lang='lat' dir='ltr'>exsistunt</span> <span class='ocrx_word' id='word_1_307' title='bbox 773 3494 864 3576; x_wconf 87' lang='lat' dir='ltr'>leges</span> <span class='ocrx_word' id='word_1_308' title='bbox 888 3492 1010 3573; x_wconf 89' lang='lat' dir='ltr'>civiles,</span> <span class='ocrx_word' id='word_1_309' title='bbox 1042 3514 1126 3576; x_wconf 90' lang='lat' dir='ltr'>quae</span> <span class='ocrx_word' id='word_1_310' title='bbox 1157 3492 1219 3558; x_wconf 91' lang='lat' dir='ltr'>sibi</span> <span class='ocrx_word' id='word_1_311' title='bbox 1241 3493 1398 3560; x_wconf 87' lang='lat' dir='ltr'>maiorem</span> 
     </span>
     <span class='ocr_line' id='line_1_36' title="bbox 71 3581 1396 3669; baseline -0.002 -19"><span class='ocrx_word' id='word_1_312' title='bbox 71 3586 272 3669; x_wconf 90' lang='lat' dir='ltr'>potestatem</span> <span class='ocrx_word' id='word_1_313' title='bbox 296 3586 469 3666; x_wconf 85' lang='lat' dir='ltr'>arrogant,</span> <span class='ocrx_word' id='word_1_314' title='bbox 501 3581 671 3666; x_wconf 91' lang='lat' dir='ltr'>superiora</span> <span class='ocrx_word' id='word_1_315' title='bbox 700 3582 772 3646; x_wconf 90' lang='lat' dir='ltr'>iura</span> <span class='ocrx_word' id='word_1_316' title='bbox 801 3583 1014 3665; x_wconf 88' lang='lat' dir='ltr'>neglegentes</span> <span class='ocrx_word' id='word_1_317' title='bbox 1044 3583 1097 3649; x_wconf 90' lang='lat' dir='ltr'>vel</span> <span class='ocrx_word' id='word_1_318' title='bbox 1128 3582 1313 3663; x_wconf 86' lang='lat' dir='ltr'>laedentes,</span> <span class='ocrx_word' id='word_1_319' title='bbox 1344 3584 1396 3650; x_wconf 92' lang='lat' dir='ltr'>vel</span> 
     </span>
     <span class='ocr_line' id='line_1_37' title="bbox 70 3670 1398 3755; baseline 0 -16"><span class='ocrx_word' id='word_1_320' title='bbox 70 3678 248 3754; x_wconf 89' lang='lat' dir='ltr'>utcumque</span> <span class='ocrx_word' id='word_1_321' title='bbox 281 3673 368 3738; x_wconf 90' lang='lat' dir='ltr'>ultra</span> <span class='ocrx_word' id='word_1_322' title='bbox 399 3672 520 3738; x_wconf 87' lang='lat' dir='ltr'>limites</span> <span class='ocrx_word' id='word_1_323' title='bbox 552 3675 774 3737; x_wconf 83' lang='lat' dir='ltr'>excurrentes.</span> <span class='ocrx_word' id='word_1_324' title='bbox 814 3670 918 3748; x_wconf 83' lang='lat' dir='ltr'>¹Quas</span> <span class='ocrx_word' id='word_1_325' title='bbox 949 3671 1039 3755; x_wconf 90' lang='lat' dir='ltr'>ipsas</span> <span class='ocrx_word' id='word_1_326' title='bbox 1071 3671 1292 3755; x_wconf 90' lang='lat' dir='ltr'>neglegendas</span> <span class='ocrx_word' id='word_1_327' title='bbox 1325 3694 1398 3739; x_wconf 90' lang='lat' dir='ltr'>esse</span> 
     </span>
     <span class='ocr_line' id='line_1_38' title="bbox 70 3760 1398 3848; baseline 0 -19"><span class='ocrx_word' id='word_1_328' title='bbox 70 3766 182 3848; x_wconf 89' lang='lat' dir='ltr'>patet,</span> <span class='ocrx_word' id='word_1_329' title='bbox 214 3761 314 3828; x_wconf 89' lang='lat' dir='ltr'>etiam</span> <span class='ocrx_word' id='word_1_330' title='bbox 337 3761 520 3827; x_wconf 86' lang='lat' dir='ltr'>iuramento</span> <span class='ocrx_word' id='word_1_331' title='bbox 550 3782 615 3826; x_wconf 91' lang='lat' dir='ltr'>non</span> <span class='ocrx_word' id='word_1_332' title='bbox 645 3761 807 3827; x_wconf 89' lang='lat' dir='ltr'>obstante.</span> <span class='ocrx_word' id='word_1_333' title='bbox 854 3760 1076 3828; x_wconf 90' lang='lat' dir='ltr'>Iuramentum</span> <span class='ocrx_word' id='word_1_334' title='bbox 1105 3761 1190 3827; x_wconf 92' lang='lat' dir='ltr'>enim</span> <span class='ocrx_word' id='word_1_335' title='bbox 1221 3761 1262 3827; x_wconf 94' lang='lat' dir='ltr'>ad</span> <span class='ocrx_word' id='word_1_336' title='bbox 1293 3783 1332 3829; x_wconf 91' lang='lat' dir='ltr'>ea</span> <span class='ocrx_word' id='word_1_337' title='bbox 1361 3784 1398 3828; x_wconf 90' lang='lat' dir='ltr'>se</span> 
     </span>
     <span class='ocr_line' id='line_1_39' title="bbox 70 3849 890 3934; baseline -0.002 -16"><span class='ocrx_word' id='word_1_338' title='bbox 70 3871 248 3934; x_wconf 89' lang='lat' dir='ltr'>numquam</span> <span class='ocrx_word' id='word_1_339' title='bbox 272 3850 421 3917; x_wconf 88' lang='lat' dir='ltr'>extendit</span> <span class='ocrx_word' id='word_1_340' title='bbox 444 3871 549 3932; x_wconf 89' lang='lat' dir='ltr'>neque</span> <span class='ocrx_word' id='word_1_341' title='bbox 572 3849 750 3917; x_wconf 84' lang='lat' dir='ltr'>extendere</span> <span class='ocrx_word' id='word_1_342' title='bbox 773 3849 890 3934; x_wconf 88' lang='lat' dir='ltr'>potuit.</span> 
     </span>
    </p>

    <p class='ocr_par' dir='ltr' id='par_1_10' title="bbox 70 3938 1398 4722">
     <span class='ocr_line' id='line_1_40' title="bbox 162 3938 1398 4024; baseline 0 -18"><span class='ocrx_word' id='word_1_343' title='bbox 162 3940 195 4006; x_wconf 88' lang='lat' dir='ltr'>Si</span> <span class='ocrx_word' id='word_1_344' title='bbox 219 3939 321 4022; x_wconf 90' lang='lat' dir='ltr'>igitur</span> <span class='ocrx_word' id='word_1_345' title='bbox 345 3941 553 4023; x_wconf 80' lang='lat' dir='ltr'>,Constitutio</span> <span class='ocrx_word' id='word_1_346' title='bbox 576 3943 685 4024; x_wconf 78' lang='lat' dir='ltr'>repni“</span> <span class='ocrx_word' id='word_1_347' title='bbox 713 3938 872 4021; x_wconf 86' lang='lat' dir='ltr'>quaedam</span> <span class='ocrx_word' id='word_1_348' title='bbox 903 3938 1049 4005; x_wconf 83' lang='lat' dir='ltr'>continet</span> <span class='ocrx_word' id='word_1_349' title='bbox 1072 3959 1156 4021; x_wconf 88' lang='lat' dir='ltr'>quae</span> <span class='ocrx_word' id='word_1_350' title='bbox 1186 3939 1253 4005; x_wconf 89' lang='lat' dir='ltr'>sint</span> <span class='ocrx_word' id='word_1_351' title='bbox 1282 3945 1398 4007; x_wconf 89' lang='lat' dir='ltr'>contra</span> 
     </span>
     <span class='ocr_line' id='line_1_41' title="bbox 70 4027 1397 4106; baseline 0.001 -12"><span class='ocrx_word' id='word_1_352' title='bbox 70 4029 144 4096; x_wconf 86' lang='lat' dir='ltr'>iura</span> <span class='ocrx_word' id='word_1_353' title='bbox 168 4028 286 4095; x_wconf 91' lang='lat' dir='ltr'>civium</span> <span class='ocrx_word' id='word_1_354' title='bbox 311 4034 369 4096; x_wconf 91' lang='lat' dir='ltr'>aut</span> <span class='ocrx_word' id='word_1_355' title='bbox 392 4032 508 4094; x_wconf 88' lang='lat' dir='ltr'>contra</span> <span class='ocrx_word' id='word_1_356' title='bbox 531 4028 603 4095; x_wconf 91' lang='lat' dir='ltr'>iura</span> <span class='ocrx_word' id='word_1_357' title='bbox 619 4028 730 4094; x_wconf 90' lang='lat' dir='ltr'>divina</span> <span class='ocrx_word' id='word_1_358' title='bbox 745 4029 798 4093; x_wconf 90' lang='lat' dir='ltr'>vel</span> <span class='ocrx_word' id='word_1_359' title='bbox 816 4027 1048 4106; x_wconf 88' lang='lat' dir='ltr'>ecclesiastica,</span> <span class='ocrx_word' id='word_1_360' title='bbox 1074 4049 1139 4093; x_wconf 91' lang='lat' dir='ltr'>non</span> <span class='ocrx_word' id='word_1_361' title='bbox 1154 4028 1232 4095; x_wconf 90' lang='lat' dir='ltr'>licet</span> <span class='ocrx_word' id='word_1_362' title='bbox 1247 4028 1397 4097; x_wconf 90' lang='lat' dir='ltr'>absolute</span> 
     </span>
     <span class='ocr_line' id='line_1_42' title="bbox 72 4116 1397 4195; baseline -0.002 -10"><span class='ocrx_word' id='word_1_363' title='bbox 72 4124 105 4185; x_wconf 89' lang='lat' dir='ltr'>et</span> <span class='ocrx_word' id='word_1_364' title='bbox 128 4117 295 4184; x_wconf 90' lang='lat' dir='ltr'>illimitate</span> <span class='ocrx_word' id='word_1_365' title='bbox 317 4117 350 4183; x_wconf 91' lang='lat' dir='ltr'>iu</span> <span class='ocrx_word' id='word_1_366' title='bbox 374 4117 640 4183; x_wconf 88' lang='lat' dir='ltr'>constitutionem</span> <span class='ocrx_word' id='word_1_367' title='bbox 656 4116 774 4195; x_wconf 90' lang='lat' dir='ltr'>iurare,</span> <span class='ocrx_word' id='word_1_368' title='bbox 799 4118 856 4183; x_wconf 89' lang='lat' dir='ltr'>sed</span> <span class='ocrx_word' id='word_1_369' title='bbox 877 4119 981 4183; x_wconf 90' lang='lat' dir='ltr'>solum</span> <span class='ocrx_word' id='word_1_370' title='bbox 998 4138 1071 4182; x_wconf 90' lang='lat' dir='ltr'>cum</span> <span class='ocrx_word' id='word_1_371' title='bbox 1088 4117 1249 4183; x_wconf 91' lang='lat' dir='ltr'>clausula:</span> <span class='ocrx_word' id='word_1_372' title='bbox 1280 4119 1397 4195; x_wconf 88' lang='lat' dir='ltr'>,salvis</span> 
     </span>
     <span class='ocr_line' id='line_1_43' title="bbox 72 4206 1397 4292; baseline -0.002 -18"><span class='ocrx_word' id='word_1_373' title='bbox 72 4208 200 4292; x_wconf 90' lang='lat' dir='ltr'>legibus</span> <span class='ocrx_word' id='word_1_374' title='bbox 214 4206 276 4273; x_wconf 90' lang='lat' dir='ltr'>Dei</span> <span class='ocrx_word' id='word_1_375' title='bbox 299 4212 334 4274; x_wconf 89' lang='lat' dir='ltr'>et</span> <span class='ocrx_word' id='word_1_376' title='bbox 351 4207 536 4273; x_wconf 85' lang='lat' dir='ltr'>Ecclesiae“</span> <span class='ocrx_word' id='word_1_377' title='bbox 562 4207 615 4272; x_wconf 91' lang='lat' dir='ltr'>vel</span> <span class='ocrx_word' id='word_1_378' title='bbox 639 4206 752 4283; x_wconf 79' lang='lat' dir='ltr'>sinrili3</span> <span class='ocrx_word' id='word_1_379' title='bbox 776 4206 900 4272; x_wconf 87' lang='lat' dir='ltr'>sufficit</span> <span class='ocrx_word' id='word_1_380' title='bbox 914 4210 1036 4284; x_wconf 91' lang='lat' dir='ltr'>tamen,</span> <span class='ocrx_word' id='word_1_381' title='bbox 1060 4206 1088 4271; x_wconf 90' lang='lat' dir='ltr'>si</span> <span class='ocrx_word' id='word_1_382' title='bbox 1106 4207 1157 4271; x_wconf 91' lang='lat' dir='ltr'>vel</span> <span class='ocrx_word' id='word_1_383' title='bbox 1175 4207 1305 4291; x_wconf 87' lang='lat' dir='ltr'>publica</span> <span class='ocrx_word' id='word_1_384' title='bbox 1321 4228 1397 4272; x_wconf 90' lang='lat' dir='ltr'>auc·</span> 
     </span>
     <span class='ocr_line' id='line_1_44' title="bbox 71 4295 1397 4379; baseline -0.004 -14"><span class='ocrx_word' id='word_1_385' title='bbox 71 4297 201 4374; x_wconf 86' lang='lat' dir='ltr'>toritas,</span> <span class='ocrx_word' id='word_1_386' title='bbox 227 4317 311 4379; x_wconf 89' lang='lat' dir='ltr'>quae</span> <span class='ocrx_word' id='word_1_387' title='bbox 333 4296 550 4362; x_wconf 88' lang='lat' dir='ltr'>iuramentum</span> <span class='ocrx_word' id='word_1_388' title='bbox 575 4295 689 4377; x_wconf 88' lang='lat' dir='ltr'>exigit,</span> <span class='ocrx_word' id='word_1_389' title='bbox 714 4297 814 4361; x_wconf 89' lang='lat' dir='ltr'>semel</span> <span class='ocrx_word' id='word_1_390' title='bbox 839 4295 1056 4361; x_wconf 84' lang='lat' dir='ltr'>declaraverit</span> <span class='ocrx_word' id='word_1_391' title='bbox 1077 4316 1112 4360; x_wconf 90' lang='lat' dir='ltr'>se</span> <span class='ocrx_word' id='word_1_392' title='bbox 1135 4297 1184 4362; x_wconf 91' lang='lat' dir='ltr'>ita</span> <span class='ocrx_word' id='word_1_393' title='bbox 1205 4296 1397 4377; x_wconf 90' lang='lat' dir='ltr'>intellegere</span> 
     </span>
     <span class='ocr_line' id='line_1_45' title="bbox 70 4383 1397 4463; baseline -0.005 -10"><span class='ocrx_word' id='word_1_394' title='bbox 70 4385 248 4453; x_wconf 90' lang='lat' dir='ltr'>iuramenti</span> <span class='ocrx_word' id='word_1_395' title='bbox 264 4385 479 4463; x_wconf 90' lang='lat' dir='ltr'>exactionem,</span> <span class='ocrx_word' id='word_1_396' title='bbox 503 4385 556 4450; x_wconf 89' lang='lat' dir='ltr'>vel</span> <span class='ocrx_word' id='word_1_397' title='bbox 580 4385 608 4450; x_wconf 92' lang='lat' dir='ltr'>si</span> <span class='ocrx_word' id='word_1_398' title='bbox 632 4383 694 4450; x_wconf 89' lang='lat' dir='ltr'>viri</span> <span class='ocrx_word' id='word_1_399' title='bbox 718 4385 870 4450; x_wconf 90' lang='lat' dir='ltr'>catholici</span> <span class='ocrx_word' id='word_1_400' title='bbox 893 4385 994 4449; x_wconf 90' lang='lat' dir='ltr'>semel</span> <span class='ocrx_word' id='word_1_401' title='bbox 1014 4384 1255 4450; x_wconf 87' lang='lat' dir='ltr'>declaraverint</span> <span class='ocrx_word' id='word_1_402' title='bbox 1277 4404 1313 4448; x_wconf 92' lang='lat' dir='ltr'>se</span> <span class='ocrx_word' id='word_1_403' title='bbox 1336 4384 1397 4448; x_wconf 91' lang='lat' dir='ltr'>hoc</span> 
     </span>
     <span class='ocr_line' id='line_1_46' title="bbox 71 4471 1396 4558; baseline -0.007 -14"><span class='ocrx_word' id='word_1_404' title='bbox 71 4480 202 4544; x_wconf 87' lang='lat' dir='ltr'>tantum</span> <span class='ocrx_word' id='word_1_405' title='bbox 232 4495 329 4540; x_wconf 88' lang='lat' dir='ltr'>seusu</span> <span class='ocrx_word' id='word_1_406' title='bbox 359 4475 577 4540; x_wconf 89' lang='lat' dir='ltr'>iuramentum</span> <span class='ocrx_word' id='word_1_407' title='bbox 607 4473 839 4558; x_wconf 90' lang='lat' dir='ltr'>praestandum</span> <span class='ocrx_word' id='word_1_408' title='bbox 863 4474 1054 4554; x_wconf 88' lang='lat' dir='ltr'>intellegere</span> <span class='ocrx_word' id='word_1_409' title='bbox 1085 4493 1188 4555; x_wconf 87' lang='lat' dir='ltr'>eaque</span> <span class='ocrx_word' id='word_1_410' title='bbox 1218 4471 1396 4538; x_wconf 87' lang='lat' dir='ltr'>declaratio</span> 
     </span>
     <span class='ocr_line' id='line_1_47' title="bbox 71 4560 1396 4647; baseline -0.007 -15"><span class='ocrx_word' id='word_1_411' title='bbox 71 4567 112 4632; x_wconf 92' lang='lat' dir='ltr'>ab</span> <span class='ocrx_word' id='word_1_412' title='bbox 135 4563 337 4631; x_wconf 85' lang='lat' dir='ltr'>auctoritate</span> <span class='ocrx_word' id='word_1_413' title='bbox 359 4563 490 4647; x_wconf 92' lang='lat' dir='ltr'>publica</span> <span class='ocrx_word' id='word_1_414' title='bbox 511 4562 612 4630; x_wconf 84' lang='lat' dir='ltr'>fuerit</span> <span class='ocrx_word' id='word_1_415' title='bbox 636 4566 825 4646; x_wconf 85' lang='lat' dir='ltr'>acceptata;</span> <span class='ocrx_word' id='word_1_416' title='bbox 857 4562 977 4644; x_wconf 87' lang='lat' dir='ltr'>alioqui</span> <span class='ocrx_word' id='word_1_417' title='bbox 1008 4561 1128 4642; x_wconf 88' lang='lat' dir='ltr'>singuli</span> <span class='ocrx_word' id='word_1_418' title='bbox 1158 4562 1191 4625; x_wconf 95' lang='lat' dir='ltr'>in</span> <span class='ocrx_word' id='word_1_419' title='bbox 1213 4560 1396 4625; x_wconf 87' lang='lat' dir='ltr'>iuramento</span> 
     </span>
     <span class='ocr_line' id='line_1_48' title="bbox 72 4648 1396 4722; baseline -0.008 0"><span class='ocrx_word' id='word_1_420' title='bbox 72 4653 253 4722; x_wconf 86' lang='lat' dir='ltr'>emittendo</span> <span class='ocrx_word' id='word_1_421' title='bbox 277 4651 455 4718; x_wconf 86' lang='lat' dir='ltr'>clausulam</span> <span class='ocrx_word' id='word_1_422' title='bbox 479 4653 599 4718; x_wconf 92' lang='lat' dir='ltr'>addere</span> <span class='ocrx_word' id='word_1_423' title='bbox 620 4652 749 4718; x_wconf 90' lang='lat' dir='ltr'>debent.</span> <span class='ocrx_word' id='word_1_424' title='bbox 785 4650 832 4717; x_wconf 77' lang='lat' dir='ltr'>Of.</span> <span class='ocrx_word' id='word_1_425' title='bbox 850 4651 1077 4717; x_wconf 80' lang='lat' dir='ltr'>declarationes</span> <span class='ocrx_word' id='word_1_426' title='bbox 1094 4651 1127 4717; x_wconf 86' lang='lat' dir='ltr'>S.</span> <span class='ocrx_word' id='word_1_427' title='bbox 1144 4649 1237 4718; x_wconf 79' lang='lat' dir='ltr'>Sedis</span> <span class='ocrx_word' id='word_1_428' title='bbox 1253 4648 1292 4712; x_wconf 85' lang='lat' dir='ltr'>do</span> <span class='ocrx_word' id='word_1_429' title='bbox 1307 4651 1396 4712; x_wconf 80' lang='lat' dir='ltr'>iuro·</span> 
     </span>
    </p>
   </div>
   <div class='ocr_carea' id='block_1_9' title="bbox 0 0 1558 5168">
    <p class='ocr_par' dir='ltr' id='par_1_11' title="bbox 0 0 1558 5168">
     <span class='ocr_line' id='line_1_49' title="bbox 0 0 1558 5168; baseline 0 0"><span class='ocrx_word' id='word_1_430' title='bbox 0 0 1558 5168; x_wconf 95' lang='lat' dir='ltr'> </span> 
     </span>
    </p>
   </div>
  </div>
 </body>
</html>
