3106 5168
232 271 303 327 Iuris
320 271 388 328 laesi
406 272 542 342 reparatio
560 288 610 327 ssu
628 272 764 326 restitutio
783 301 817 310 -
836 289 853 326 a
871 288 1027 342 possessore
1045 275 1129 328 bonos
1147 272 1218 328 fidei.
1321 277 1385 342 329

60 447 182 532 positio
206 468 375 530 exaequo
400 453 435 515 et
456 450 560 523 bono:
584 448 727 516 fortasse
749 449 850 516 etiam
872 470 926 515 res
949 449 1071 533 optime
1089 449 1173 516 solvi
1196 454 1307 534 potest
1329 472 1388 535 per

61 537 256 604 societatem
279 537 365 603 inter
389 537 552 604 Getulium
577 543 611 605 et
635 538 814 621 Evagrium
837 538 1022 604 ineundam.

152 653 206 717 An
238 671 429 727 quassrrun
460 655 499 716 2¹¹¹
533 653 572 720 R.
600 656 628 719 1.
682 652 829 719 Pretium
852 652 1024 718 locationis
1056 656 1133 718 sunt
1164 652 1292 720 fructus
1323 663 1450 720 nonme

60 741 232 807 naturales
247 740 305 806 sed
323 739 445 819 civiles,
469 741 527 807 sed
550 743 657 808 locum
680 744 796 808 tenent
818 741 1055 825 protractibus
1077 742 1291 820 naturalibus,
1315 764 1387 808 oum

61 833 259 896 censeantur
278 828 475 913 respondere
490 830 596 896 valori
619 831 794 908 fructuum,
819 851 901 913 quos
919 835 1039 897 natura
1061 835 1224 914 procreat,
1248 831 1389 898 deducta

61 918 311 1003 proportionata
339 924 435 1002 parto
464 940 524 1003 pro
553 919 719 984 laboribus
748 919 913 1003 impensis.
966 919 1138 985 Naturalis
1167 925 1278 987 autem
1308 920 1388 986 iuris

61 1012 124 1086 est,
149 1012 187 1074 ut
208 1007 336 1074 fructus
358 1008 405 1073 rei
429 1009 549 1075 cedant
572 1008 619 1073 rei
642 1008 782 1075 domino.
798 1045 843 1056 -
858 1008 944 1073 Hinc
967 1008 1144 1074 secundum
1167 1009 1218 1073 ius
1238 1011 1389 1076 naturale

62 1097 213 1163 Getulius
236 1117 293 1163 eos
311 1096 438 1162 fruetus
454 1097 627 1163 restituere
644 1097 785 1176 debebit,
810 1118 891 1180 quos
913 1117 974 1182 per
995 1097 1283 1181 praescriptionem
1307 1119 1390 1164 non·

62 1187 139 1252 dum
165 1185 340 1268 acquisivit
362 1184 566 1270 (plerumque
595 1189 733 1252 toeneio
756 1190 931 1253 censentur
959 1186 1216 1270 praescriptione
1240 1187 1388 1271 acquiri),

61 1281 98 1342 et
121 1275 191 1340 sive
214 1275 247 1340 in
271 1296 307 1340 se
330 1274 401 1340 sive
424 1275 458 1339 in
480 1275 701 1357 aequivalenti
725 1275 859 1342 detinet.

153 1364 190 1428 ln
213 1364 435 1446 aequivalenti
451 1364 570 1430 dicitur
584 1364 736 1442 retinere,
760 1364 789 1430 si
811 1368 947 1449 propter
970 1363 1096 1430 fructus
1119 1368 1292 1448 perceptos
1316 1364 1389 1430 aliis

61 1453 247 1536 sumptibus
269 1453 432 1537 pepercit;
457 1458 515 1518 aut
535 1453 563 1518 si
579 1452 735 1531 vendidit,
759 1454 965 1537 pretiumque
981 1452 1178 1519 venditionis
1203 1454 1389 1520 etiamnunc

61 1542 219 1626 possidet.

152 1640 191 1706 lt.
210 1642 240 1706 2.
271 1639 468 1705 Recentiora
492 1639 652 1723 quaedam
675 1639 748 1705 iura
770 1639 950 1723 possessori
973 1639 1079 1705 bonae
1102 1638 1177 1704 fidei
1192 1639 1293 1705 etiam
1316 1639 1389 1723 plus

62 1729 245 1795 concedunt
266 1729 373 1812 quoad
396 1729 532 1796 fructus.
565 1728 654 1806 Quae
669 1728 733 1796 etsi
747 1750 813 1794 non
828 1728 938 1794 omnia
952 1727 1027 1794 ilico
1050 1749 1109 1812 pro
1132 1727 1204 1794 foro
1223 1728 1389 1794 conscien-

61 1817 130 1884 tiae
153 1818 201 1884 ita
218 1818 330 1883 valida
352 1816 501 1895 dixerim,
527 1822 564 1884 ut
586 1817 766 1902 impediant
789 1838 903 1883 verum
927 1817 1101 1894 dominum,
1126 1816 1296 1900 quominus
1318 1817 1390 1901 ipse

62 1906 125 1971 sibi
149 1928 192 1973 ex
213 1905 254 1973 iis
277 1906 444 1973 vindicare
466 1906 581 1990 possit,
605 1911 716 1973 tamen
731 1906 765 1971 id
781 1906 937 1985 efficiunt,
961 1912 999 1973 ut
1021 1905 1111 1989 prior
1132 1927 1303 1990 possessor
1325 1927 1389 1972 uon

62 2000 155 2064 certo
180 1995 268 2078 adigi
290 1995 405 2080 possit,
429 1999 467 2063 ut
489 1999 607 2079 sponte
630 1996 739 2061 omnia
760 1995 887 2063 reddat.
939 1996 995 2062 lb.
1019 2018 1060 2061 m.
1084 1995 1110 2072 I,
1135 1997 1210 2063 948.

401 2212 642 2281 POSSESSOR
664 2212 816 2279 BONAE
839 2212 960 2279 FIDEI
983 2212 1054 2298 (Π).

619 2368 730 2435 tasas.
757 2376 834 2446 (las)

154 2510 312 2570 Caesarius
327 2510 483 2570 consuevit
497 2510 655 2587 quotannis
671 2510 787 2570 cuidam
805 2511 986 2571 monasterio
1007 2510 1125 2587 insigne
1139 2511 1246 2570 donum
1261 2510 1387 2584 donare;

61 2609 159 2668 nuper
180 2590 261 2650 dedit
279 2610 335 2649 vas
357 2609 494 2661 aureum,
523 2591 599 2667 quod
622 2590 686 2669 ipse
708 2591 784 2650 dono
806 2597 973 2669 acceperat.
1014 2591 1175 2668 Postquam
1196 2591 1268 2650 illud
1290 2609 1309 2650 a
1329 2611 1388 2651 mo·

61 2671 196 2730 nasterio
217 2672 370 2730 venditum
392 2676 423 2730 st
442 2672 540 2730 fusum
562 2675 618 2742 est,
639 2671 712 2730 illud
734 2690 788 2730 vas
810 2672 904 2731 luisse
925 2674 1003 2731 furto
1025 2672 1172 2731 sublatum
1194 2675 1322 2732 constat.

64 2778 242 2848 Quiumrun
264 2778 329 2855 quis
351 2778 419 2855 quid
441 2779 559 2839 domino
580 2779 661 2838 illius
682 2779 765 2839 vasis
786 2780 944 2839 restituere
966 2780 1080 2839 debeat.

660 2962 797 3030 Salutio.

154 3099 208 3164 Au
224 3120 415 3176 euassrrun
438 3099 477 3165 R..
498 3103 525 3166 1.
567 3099 599 3164 Si
618 3121 680 3164 vas
702 3098 782 3164 illud
805 3098 914 3164 fusum
937 3119 1002 3164 non
1025 3101 1123 3175 esset,
1147 3096 1204 3162 sed
1227 3097 1391 3179 integrum
1400 3115 1451 3170 ⁶51

63 3189 252 3266 exsisteret,
276 3188 408 3254 dubium
426 3208 491 3253 nou
508 3191 606 3266 esset,
631 3188 707 3271 quin
731 3187 861 3254 restitui
877 3188 1011 3253 deberet
1033 3208 1054 3252 a
1075 3185 1291 3263 monasterio;
1315 3185 1393 3268 quia

63 3299 118 3344 res
142 3280 264 3343 elamat
286 3277 426 3345 domino.

154 3367 251 3432 Nunc
274 3371 385 3432 autem
401 3386 461 3431 vas
477 3387 542 3449 qua
563 3387 624 3431 vas
647 3365 754 3449 periit,
779 3369 814 3431 et
829 3362 932 3429 videri
954 3362 1059 3448 possit
1082 3362 1178 3428 alicui
1198 3362 1392 3447 applicabile

63 3455 153 3522 aliud
183 3456 331 3521 axioma:
368 3455 451 3532 ,Res
475 3454 562 3538 perit
585 3455 744 3521 domino‘
770 3491 815 3502 -
838 3453 961 3519 Verum
984 3453 1155 3535 quominus
1181 3451 1230 3519 ita
1252 3451 1390 3529 dicatur,

65 3546 186 3623 obstat,
212 3545 297 3628 quod
314 3565 374 3610 vas
397 3543 476 3610 illud
500 3543 642 3610 exsistat
665 3545 852 3610 etiamnunc
875 3541 1082 3625 aliquatenus
1104 3542 1138 3607 in
1159 3540 1390 3624 aequivalenti,

65 3634 216 3699 nimirum
239 3634 274 3699 in
296 3633 430 3700 metallo
454 3633 527 3699 fuso
552 3634 604 3698 vel
628 3633 697 3698 eius
720 3633 844 3698 valore.

154 3741 193 3807 R.
219 3744 249 3808 2.
296 3740 355 3805 llle
378 3738 480 3822 igitur
501 3738 676 3805 restituere
700 3738 813 3816 debet,
843 3736 897 3819 qui
921 3757 963 3802 ex
986 3735 1094 3802 aliena
1117 3757 1153 3802 re
1176 3757 1249 3801 cum
1273 3736 1391 3802 damno

64 3831 137 3895 veri
161 3828 404 3895 domini'ditior
425 3828 535 3893 factus
558 3832 618 3894 est.
651 3827 789 3894 Videtur
811 3826 873 3892 hoo
895 3826 1000 3910 primo
1021 3825 1142 3893 intuitu
1157 3825 1392 3891 monesterium

65 3940 148 3985 esse.
194 3920 240 3986 Et
269 3919 317 3984 ita
346 3939 382 3983 re
409 3937 489 3984 vera
519 3916 660 3994 obtinet,
694 3917 721 3981 si
752 3914 925 3982 Caesarius
954 3915 1159 3998 possessione
1181 3915 1271 3980 vasis
1301 3915 1392 3980 aurei

65 4012 174 4074 motus
197 4012 280 4086 erat,
304 4011 342 4073 ut
365 4006 563 4071 monasterio
587 4006 706 4071 donum
731 4006 904 4082 conferret,
929 4004 1071 4086 alioquin
1094 4003 1174 4069 nihil
1195 4003 1391 4070 donaturus:

65 4098 98 4163 in
127 4097 189 4163 hoo
219 4118 299 4163 essu
328 4095 561 4162 monasterium
592 4095 661 4161 sine
691 4094 788 4161 dubio
819 4115 932 4160 aurum
962 4094 1043 4159 illud
1070 4094 1177 4158 fusum
1202 4113 1260 4158 seu
1282 4092 1391 4176 potius

64 4186 206 4271 pretium
237 4189 408 4269 acceptum
439 4184 613 4251 restituere
644 4183 750 4251 debet.
775 4182 962 4261 —Quodsi
992 4187 1101 4248 autem
1132 4181 1304 4248 Caesarius
1332 4183 1391 4246 ab·

65 4276 173 4342 solute
202 4279 236 4342 et
259 4275 293 4340 in
317 4273 484 4357 quibusvis
507 4273 761 4339 circumstantiis
784 4272 905 4338 donum
927 4271 1125 4337 monasterio
1149 4271 1285 4335 daturus
1308 4273 1390 4347 erat,

64 4366 135 4449 ipse
159 4364 257 4431 ditior
280 4363 396 4441 evasit,
422 4384 494 4428 oum
517 4383 583 4427 non
606 4363 673 4428 suis
697 4362 850 4446 expensis
865 4397 909 4406 -
924 4361 957 4426 id
981 4360 1066 4444 quod
1090 4359 1173 4425 alias
1195 4357 1329 4424 fecisset
1347 4397 1391 4405 —

65 4455 185 4520 donum
209 4452 394 4519 contulerit.
426 4451 533 4528 Quare
555 4451 665 4536 potius
687 4452 789 4535 ipsius
805 4454 894 4517 esset
909 4451 980 4517 loco
995 4447 1183 4515 monasterii
1199 4446 1390 4512 restituere:

65 4544 107 4610 ad
132 4543 218 4625 quod
244 4547 357 4608 tamen
380 4541 516 4626 oblipori
538 4541 667 4624 quidem
690 4541 821 4623 nequit,
852 4560 925 4604 oum
948 4540 1152 4605 voluntatem
1176 4556 1256 4618 erga
1279 4556 1391 4600 mona·

65 4633 202 4700 sterium
231 4633 427 4709 beneficam,
458 4651 556 4713 quam
585 4630 752 4712 hucusque
780 4628 900 4711 gessit,
932 4628 1037 4712 possit
1059 4627 1221 4710 deponere
1244 4627 1278 4690 et
1300 4624 1391 4690 illum
