3106 5168
174 300 243 369 468
314 292 1363 363 memuttmueffiuuergnnomma-onenmtmm

175 473 386 557 obligatione.
432 472 468 555 8)
491 469 612 549 Quodsi
634 470 768 537 Marcus
789 475 859 537 tem
881 468 935 536 diu
958 468 1054 548 vixit,
1077 468 1232 552 quamdiu
1255 467 1408 535 victurus
1429 488 1501 535 esse

177 561 399 649 praevidetur,
422 581 482 628 seu
495 580 562 626 non
584 559 682 627 citius
704 563 852 627 mortuus
873 564 943 638 est,
966 578 1065 641 quam
1086 557 1302 645 probabiliter
1324 556 1502 625 moriturus

177 657 232 719 est
254 650 355 719 etiam
377 648 462 717 alius
484 649 537 715 vir
558 647 675 716 similis
704 648 739 714 in
768 648 854 714 bona
875 647 1065 715 valetudine
1093 647 1312 725 constitutus,
1344 646 1502 731 obligatio

181 741 273 809 nulla
295 739 330 807 in
352 737 553 806 conscientia
575 736 772 822 imponenda
793 742 862 817 est,
894 736 1025 805 etiarnsi
1045 736 1190 803 societas
1211 757 1277 803 non
1307 735 1419 803 soleat
1446 757 1504 821 per

178 830 308 915 tapsum
329 828 488 913 temporis
519 830 709 895 contractus
740 826 862 893 babere
893 846 953 911 pro
979 824 1108 893 sanatis
1138 830 1174 893 et
1199 825 1321 905 firmis,
1353 846 1431 893 cnm
1464 826 1503 893 de

177 919 297 985 damno
326 916 498 1004 &macter
524 915 618 983 illato
647 936 713 981 non
735 914 819 983 satis
847 918 986 982 constet.
1032 914 1078 982 Et
1106 914 1169 981 bac
1196 914 1232 979 in
1253 934 1308 995 re,
1338 914 1370 981 si
1399 914 1502 981 solum

177 1008 262 1091 legis
283 1004 445 1073 naturalis
460 1004 662 1088 exigentiam
676 1004 852 1071 secundum
877 1024 1025 1071 normam
1038 1002 1187 1071 iustitiae
1204 1007 1407 1089 spectamus,
1430 1024 1503 1088 pro·

178 1096 296 1163 babilis
316 1094 384 1163 ista
406 1096 496 1162 vitae
526 1098 562 1161 et
587 1092 703 1161 mortis
725 1091 911 1160 aestimatio
934 1112 1089 1176 magnam
1112 1091 1243 1159 omnino
1265 1092 1367 1160 babet
1391 1092 1503 1160 latitu-

178 1185 305 1263 dinem,
335 1204 409 1250 cum
437 1181 586 1249 homines
615 1181 716 1249 etiam
742 1181 882 1249 eximiae
905 1181 1103 1249 valetudinis
1124 1181 1294 1248 sexcentis
1315 1181 1503 1249 infortuniis

178 1275 349 1342 subiacere
371 1277 407 1340 et
428 1271 596 1355 exstingui
618 1271 755 1357 possint.

643 1487 944 1557 assecularum
968 1488 1038 1573 (ΙΙ).
1163 1496 1169 1513 ·

736 1644 847 1713 (taam.
873 1638 951 1722 (aab)

271 1788 425 1859 Lenaeus,
450 1806 516 1847 cum
536 1787 628 1847 vitam
650 1805 734 1847 suam
754 1787 820 1846 vult
840 1805 1029 1860 assecurare,
1057 1786 1276 1865 interrogatus,
1304 1806 1378 1849 num
1398 1806 1502 1865 pravos

179 1871 292 1931 babeat
311 1868 446 1939 habitus,
474 1886 545 1927 num
565 1866 782 1943 aegrotaverit,
810 1866 1007 1943 chirurgicum
1033 1866 1158 1927 subierit
1184 1865 1408 1945 operationem,
1435 1870 1503 1929 baec

180 1949 327 2011 accidisse
347 1952 446 2025 negat.
480 1947 525 2007 Re
540 1967 613 2007 vera
631 1952 714 2007 caste
734 1966 793 2008 non
807 1946 935 2015 vixerat,
956 1954 1044 2023 atque
1065 1946 1156 2007 etiem
1175 1954 1247 2007 ante
1267 1966 1379 2007 annum
1393 1948 1502 2027 quidem

182 2031 282 2091 ulcere
301 2029 333 2089 in
353 2029 428 2106 pede
447 2028 646 2099 laboraverat,
668 2028 746 2104 quod
766 2026 922 2103 chirurgus
943 2028 1086 2088 debuerat
1106 2026 1260 2099 excidere3
1281 2028 1337 2087 ead
1357 2028 1446 2089 buius
1465 2028 1503 2087 rei

180 2115 331 2187 tamquam
351 2108 472 2169 minoris
492 2108 633 2169 momenti
654 2107 831 2168 mentionem
851 2127 911 2166 non
931 2107 1012 2167 fecit.
1046 2107 1155 2167 Verum
1175 2108 1272 2169 tribue
1292 2108 1383 2169 annis
1404 2114 1503 2186 postes

181 2191 213 2251 in
233 2190 336 2251 eodem
356 2190 421 2250 loco
441 2190 527 2249 ulcus
547 2188 730 2248 recrudescit
749 2192 839 2263 atque
859 2185 970 2247 Lenaei
990 2192 1114 2247 mortem
1134 2187 1264 2249 adducit

181 2296 361 2369 duramnus
382 2298 411 2354 1ο
435 2294 589 2371 possintne
610 2294 722 2355 Lenaei
740 2293 881 2366 heredes,
901 2292 983 2353 illins
1002 2293 1046 2353 rei
1067 2293 1193 2365 conscii,
1214 2314 1283 2355 eam
1302 2295 1426 2357 silentio
1444 2314 1503 2374 pre·

436 2393 516 2434 mere
537 2380 569 2433 et
588 2374 743 2451 pecuniam
763 2375 802 2433 ub
822 2373 1079 2434 assecuratoribue
1098 2373 1243 2451 accipere.

380 2463 411 2522 2⁰
435 2468 674 2533 assecuratorea,
698 2461 725 2522 si
744 2481 806 2523 rem
827 2462 1037 2539 cognoverint,
1064 2462 1219 2540 possintne
1239 2463 1306 2524 iure
1326 2483 1445 2526 omnem
1463 2484 1504 2525 eo·

437 2543 578 2602 lationem
599 2561 717 2618 negare.

776 2694 913 2762 Solutio.

120 2855 175 2911 aas
273 2836 327 2901 An
350 2857 542 2913 oumsrruu
569 2841 606 2901 1¹²
629 2837 668 2902 It.
696 2840 724 2903 1.
765 2837 844 2902 Cum
877 2836 1008 2916 modus,
1040 2858 1103 2920 quo
1127 2837 1160 2902 in
1192 2838 1264 2903 foro
1289 2840 1502 2907 conscientiae

186 2925 357 2993 diiudicari
380 2930 572 2992 contractus
595 2925 849 2992 assecurationis
872 2925 986 3009 possit,
1010 2926 1044 2992 in
1068 2947 1146 2992 casu
1170 2928 1381 2996 antecedenti
1406 2928 1503 3015 expli·

184 3020 279 3083 catus
310 3015 371 3093 sit,
403 3015 517 3081 statim
550 3016 592 3081 ad
624 3014 803 3099 practicam
837 3015 1031 3080 solutionem
1063 3015 1205 3082 transire
1237 3016 1327 3085 licet.
1383 3018 1502 3085 Solutio

184 3106 306 3190 pendet
330 3105 372 3171 ab
404 3125 461 3181 eo,
496 3107 605 3169 utrum
635 3104 755 3186 agendi
787 3103 871 3169 ratio
894 3103 1015 3171 Lenaei
1046 3105 1108 3169 dici
1139 3104 1259 3171 debeat
1286 3106 1501 3182 fraudulenta,

186 3215 306 3272 necne;
330 3194 404 3259 dein
428 3199 538 3260 utrum
561 3192 828 3259 circumstantiae
843 3192 974 3258 silentio
989 3214 1124 3277 pressae
1140 3194 1298 3260 eiusmodi
1321 3196 1402 3275 sint,
1426 3216 1502 3280 quae

185 3304 207 3350 a
228 3283 442 3368 prudentibus
465 3283 648 3348 habeantur
663 3303 722 3366 pro
739 3283 820 3347 adeo
837 3282 1045 3360 notabilibus,
1069 3287 1107 3348 ut
1129 3288 1305 3367 propterea
1329 3286 1503 3368 praemium

183 3394 328 3438 annuum
352 3371 606 3437 assecurationis
630 3370 743 3454 augeri
760 3371 876 3438 soleat.
909 3370 939 3437 U
970 3371 1073 3455 igitur
1088 3372 1129 3436 de
1152 3373 1215 3437 hac
1237 3393 1274 3438 re
1289 3373 1409 3453 dicam,
1433 3372 1502 3457 quid

184 3483 244 3546 pro
269 3483 346 3527 casu
370 3460 537 3545 proposito
560 3459 716 3526 sentiam:

276 3567 313 3631 R.
340 3569 369 3633 2.
417 3565 586 3648 Inquisitio
610 3565 650 3631 de
673 3564 796 3631 intimis
819 3564 963 3631 moribus
986 3569 1038 3632 est
1060 3566 1142 3631 adeo
1158 3565 1361 3647 exorbitans,
1386 3574 1504 3636 utnon

187 3654 361 3720 videantur
376 3654 522 3720 homines
537 3654 644 3720 teneri
659 3655 700 3719 ad
717 3654 846 3721 occulta
861 3655 944 3721 vitia
956 3675 1059 3737 eaque
1074 3656 1232 3739 probrosa
1248 3657 1504 3731 manifestanda

188 3745 245 3808 sed
269 3745 411 3810 societas
434 3744 697 3822 assecurationis,
722 3744 749 3809 ei
773 3743 1006 3810 indifferentia
1028 3765 1153 3809 morum
1176 3746 1319 3813 notabile
1337 3747 1505 3814 discrimen

187 3832 279 3917 ponit
302 3855 360 3917 pro
377 3833 579 3898 aestimando
603 3834 709 3917 pretio
725 3833 977 3899 assecurationis
993 3832 1092 3909 vitae,
1116 3834 1233 3899 sistere
1248 3835 1382 3902 videtur
1404 3838 1440 3902 in
1461 3836 1505 3912 iis,

188 3943 272 4005 quae
295 3922 446 3987 iudicium
470 3922 639 4005 prudentis
662 3922 777 3988 medici
801 3922 887 3988 circa
909 3926 1033 3988 statum
1051 3922 1247 3988 valetudinis
1271 3945 1314 3989 ex
1330 3924 1393 3992 irae
1419 3930 1506 4010 parte

188 4012 274 4077 male
297 4013 434 4077 affectae
458 4012 648 4078 notabiliter
663 4016 791 4077 mutare
810 4011 945 4095 possint.
982 4010 1071 4088 Quae
1094 4012 1121 4076 si
1145 4013 1293 4091 aberant,
1318 4036 1506 4099 responsum

188 4101 309 4166 Lenaei
333 4100 419 4164 circa
442 4101 527 4165 banc
550 4123 619 4166 rem
642 4121 747 4183 neque
771 4100 971 4164 mendacium
989 4105 1062 4167 erat
1084 4102 1142 4166 sed
1162 4102 1328 4168 restrictio
1351 4126 1418 4170 non
1434 4123 1506 4188 pure

189 4189 351 4267 mentalis,
376 4211 481 4271 neque
503 4189 625 4256 iniusta
647 4191 739 4254 fraus
763 4210 843 4271 erga
866 4189 1068 4257 societatem.

127 4316 180 4370 924
280 4296 317 4362 It.
344 4299 373 4361 3.
408 4296 499 4374 Quod
522 4296 665 4380 pertinet
687 4294 729 4360 ad
753 4296 844 4361 ulcus
868 4296 957 4374 illud,
983 4317 1045 4378 quo
1062 4297 1209 4362 Lenaeus
1232 4297 1266 4362 in
1282 4298 1367 4381 pede
1384 4299 1507 4366 labora·

191 4389 303 4464 verat,
336 4406 416 4450 sane
446 4407 510 4450 non
543 4390 615 4450 erat
647 4384 732 4450 tanti
762 4386 935 4462 momenti,
964 4391 1001 4451 ut
1028 4386 1219 4468 praeteritio
1250 4386 1348 4452 huius
1379 4390 1427 4454 rei
1451 4388 1507 4453 dici

191 4475 294 4555 possit
317 4474 518 4540 malafrena
543 4474 595 4538 vel
626 4474 722 4556 culpa
751 4475 863 4555 gravis
887 4496 907 4540 a
929 4476 1059 4539 Lenaeo
1089 4476 1272 4542 commissa.
1319 4477 1410 4544 Nam
1433 4479 1508 4544 baec

190 4583 245 4625 res
268 4570 420 4630 censetur
443 4564 512 4627 iure
536 4563 629 4646 parvi
653 4564 819 4640 momenti,
844 4585 949 4645 neque
973 4565 1040 4629 nlla
1064 4570 1151 4630 esset
1174 4563 1318 4631 societas
1342 4588 1509 4633 sescum

190 4650 307 4729 tionis,
341 4673 424 4734 quae
447 4660 623 4736 propterea
652 4652 794 4734 aliquem
816 4673 836 4718 a
860 4657 1031 4718 contractu
1064 4675 1171 4719 secum
1207 4653 1350 4721 ineundo
1375 4658 1510 4724 reiceret
