<?xml version="1.0" encoding="UTF-8"?>
<!DOCTYPE html PUBLIC "-//W3C//DTD XHTML 1.0 Transitional//EN"
    "http://www.w3.org/TR/xhtml1/DTD/xhtml1-transitional.dtd">
<html xmlns="http://www.w3.org/1999/xhtml" xml:lang="en" lang="en">
 <head>
  <title>
</title>
<meta http-equiv="Content-Type" content="text/html;charset=utf-8" />
  <meta name='ocr-system' content='tesseract 3.04.00' />
  <meta name='ocr-capabilities' content='ocr_page ocr_carea ocr_par ocr_line ocrx_word'/>
</head>
<body>
  <div class='ocr_page' id='page_1' title='image "./casusconscienti01lehmgoog_0422.png"; bbox 0 0 3106 5168; ppageno 0'>
   <div class='ocr_carea' id='block_1_1' title="bbox 154 287 1341 358">
    <p class='ocr_par' dir='ltr' id='par_1_1' title="bbox 154 287 1341 358">
     <span class='ocr_line' id='line_1_1' title="bbox 154 287 1341 358; baseline 0.004 -16"><span class='ocrx_word' id='word_1_1' title='bbox 154 293 220 355; x_wconf 79' lang='grc'><strong>406</strong></span> <span class='ocrx_word' id='word_1_2' title='bbox 295 287 336 341; x_wconf 88' lang='lat' dir='ltr'><strong>De</strong></span> <span class='ocrx_word' id='word_1_3' title='bbox 354 287 501 342; x_wconf 84' lang='lat' dir='ltr'><strong>virtutibus</strong></span> <span class='ocrx_word' id='word_1_4' title='bbox 519 292 548 342; x_wconf 86' lang='lat' dir='ltr'><strong>et</strong></span> <span class='ocrx_word' id='word_1_5' title='bbox 565 288 663 343; x_wconf 78' lang='lat' dir='ltr'><strong>officiis</strong></span> <span class='ocrx_word' id='word_1_6' title='bbox 681 306 746 358; x_wconf 79' lang='lat' dir='ltr'><strong>erga</strong></span> <span class='ocrx_word' id='word_1_7' title='bbox 764 290 893 344; x_wconf 88' lang='lat' dir='ltr'><strong>homines.</strong></span> <span class='ocrx_word' id='word_1_8' title='bbox 914 321 947 328; x_wconf 89' lang='lat'>-</span> <span class='ocrx_word' id='word_1_9' title='bbox 966 290 1018 345; x_wconf 81' lang='lat' dir='ltr'><strong>Off.</strong></span> <span class='ocrx_word' id='word_1_10' title='bbox 1037 293 1109 346; x_wconf 84' lang='lat' dir='ltr'><strong>circa</strong></span> <span class='ocrx_word' id='word_1_11' title='bbox 1127 292 1197 346; x_wconf 87' lang='lat' dir='ltr'><strong>bona</strong></span> <span class='ocrx_word' id='word_1_12' title='bbox 1215 297 1341 347; x_wconf 82' lang='lat' dir='ltr'><strong>externa.</strong></span> 
     </span>
    </p>
   </div>
   <div class='ocr_carea' id='block_1_2' title="bbox 515 509 1111 595">
    <p class='ocr_par' dir='ltr' id='par_1_2' title="bbox 515 509 1111 595">
     <span class='ocr_line' id='line_1_2' title="bbox 515 509 1111 595; baseline 0.007 -21"><span class='ocrx_word' id='word_1_13' title='bbox 515 509 663 575; x_wconf 85' lang='lat' dir='ltr'>ERROR</span> <span class='ocrx_word' id='word_1_14' title='bbox 687 510 735 575; x_wconf 74' lang='lat' dir='ltr'><strong>[x</strong></span> <span class='ocrx_word' id='word_1_15' title='bbox 758 511 1017 578; x_wconf 73' lang='lat' dir='ltr'><strong>CONTRAcTt&#39;</strong></span> <span class='ocrx_word' id='word_1_16' title='bbox 1042 512 1111 595; x_wconf 81' lang='lat' dir='ltr'><strong>(Il).</strong></span> 
     </span>
    </p>
   </div>
   <div class='ocr_carea' id='block_1_3' title="bbox 708 677 921 750">
    <p class='ocr_par' dir='ltr' id='par_1_3' title="bbox 708 677 921 750">
     <span class='ocr_line' id='line_1_3' title="bbox 708 677 921 750; baseline -0.014 -8"><span class='ocrx_word' id='word_1_17' title='bbox 708 677 818 742; x_wconf 75' lang='lat' dir='ltr'><strong>Casus.</strong></span> <span class='ocrx_word' id='word_1_18' title='bbox 846 686 921 750; x_wconf 64' lang='lat'><strong>1245)</strong></span> 
     </span>
    </p>
   </div>
   <div class='ocr_carea' id='block_1_4' title="bbox 152 825 1478 1703">
    <p class='ocr_par' dir='ltr' id='par_1_4' title="bbox 152 825 1478 1142">
     <span class='ocr_line' id='line_1_4' title="bbox 243 825 1478 907; baseline 0.006 -25"><span class='ocrx_word' id='word_1_19' title='bbox 243 825 352 883; x_wconf 90' lang='lat' dir='ltr'><strong>Paulus</strong></span> <span class='ocrx_word' id='word_1_20' title='bbox 376 845 394 882; x_wconf 90' lang='lat' dir='ltr'><strong>a</strong></span> <span class='ocrx_word' id='word_1_21' title='bbox 416 826 507 884; x_wconf 85' lang='lat' dir='ltr'><strong>Fabio</strong></span> <span class='ocrx_word' id='word_1_22' title='bbox 535 826 605 885; x_wconf 91' lang='lat' dir='ltr'><strong>smit</strong></span> <span class='ocrx_word' id='word_1_23' title='bbox 633 826 743 902; x_wconf 80' lang='lat' dir='ltr'><strong>aliquot</strong></span> <span class='ocrx_word' id='word_1_24' title='bbox 771 827 848 884; x_wconf 89' lang='lat' dir='ltr'><strong>dolia</strong></span> <span class='ocrx_word' id='word_1_25' title='bbox 877 828 955 895; x_wconf 82' lang='lat' dir='ltr'><strong>vini,</strong></span> <span class='ocrx_word' id='word_1_26' title='bbox 984 828 1059 903; x_wconf 91' lang='lat' dir='ltr'><strong>quod</strong></span> <span class='ocrx_word' id='word_1_27' title='bbox 1087 834 1240 903; x_wconf 86' lang='lat' dir='ltr'><strong>gustatum</strong></span> <span class='ocrx_word' id='word_1_28' title='bbox 1268 830 1325 888; x_wconf 86' lang='lat' dir='ltr'>sibi</span> <span class='ocrx_word' id='word_1_29' title='bbox 1355 831 1478 907; x_wconf 79' lang='lat' dir='ltr'><strong>placuit.</strong></span> 
     </span>
     <span class='ocr_line' id='line_1_5' title="bbox 153 905 1477 981; baseline 0.005 -19"><span class='ocrx_word' id='word_1_30' title='bbox 153 905 262 964; x_wconf 79' lang='lat' dir='ltr'><strong>Postea</strong></span> <span class='ocrx_word' id='word_1_31' title='bbox 284 925 349 963; x_wconf 92' lang='lat' dir='ltr'><strong>cum</strong></span> <span class='ocrx_word' id='word_1_32' title='bbox 371 905 415 962; x_wconf 89' lang='lat' dir='ltr'><strong>uti</strong></span> <span class='ocrx_word' id='word_1_33' title='bbox 436 925 471 963; x_wconf 92' lang='lat' dir='ltr'><strong>eo</strong></span> <span class='ocrx_word' id='word_1_34' title='bbox 493 906 645 981; x_wconf 81' lang='lat' dir='ltr'>inciperet,</span> <span class='ocrx_word' id='word_1_35' title='bbox 668 926 704 965; x_wconf 88' lang='lat' dir='ltr'><strong>ex</strong></span> <span class='ocrx_word' id='word_1_36' title='bbox 720 907 877 965; x_wconf 82' lang='lat' dir='ltr'><strong>affectione</strong></span> <span class='ocrx_word' id='word_1_37' title='bbox 898 909 1042 966; x_wconf 73' lang='lat' dir='ltr'><strong>stomachi</strong></span> <span class='ocrx_word' id='word_1_38' title='bbox 1064 908 1099 967; x_wconf 88' lang='lat' dir='ltr'><strong>de</strong></span> <span class='ocrx_word' id='word_1_39' title='bbox 1119 910 1179 967; x_wconf 77' lang='lat' dir='ltr'><strong>vini</strong></span> <span class='ocrx_word' id='word_1_40' title='bbox 1201 911 1336 969; x_wconf 88' lang='lat' dir='ltr'><strong>bonitate</strong></span> <span class='ocrx_word' id='word_1_41' title='bbox 1358 912 1477 970; x_wconf 90' lang='lat' dir='ltr'><strong>dubium</strong></span> 
     </span>
     <span class='ocr_line' id='line_1_6' title="bbox 152 984 1478 1063; baseline 0.006 -21"><span class='ocrx_word' id='word_1_42' title='bbox 152 984 254 1043; x_wconf 82' lang='lat' dir='ltr'><strong>hausit</strong></span> <span class='ocrx_word' id='word_1_43' title='bbox 275 991 305 1043; x_wconf 90' lang='lat' dir='ltr'><strong>et</strong></span> <span class='ocrx_word' id='word_1_44' title='bbox 326 985 515 1060; x_wconf 81' lang='lat' dir='ltr'><strong>inquisitione</strong></span> <span class='ocrx_word' id='word_1_45' title='bbox 529 987 610 1044; x_wconf 86' lang='lat' dir='ltr'><strong>facta</strong></span> <span class='ocrx_word' id='word_1_46' title='bbox 629 987 771 1062; x_wconf 91' lang='lat' dir='ltr'><strong>comperit</strong></span> <span class='ocrx_word' id='word_1_47' title='bbox 791 987 892 1045; x_wconf 84' lang='lat' dir='ltr'><strong>riuum</strong></span> <span class='ocrx_word' id='word_1_48' title='bbox 911 1007 978 1045; x_wconf 89' lang='lat' dir='ltr'><strong>esse</strong></span> <span class='ocrx_word' id='word_1_49' title='bbox 999 990 1086 1063; x_wconf 85' lang='lat' dir='ltr'><strong>plane</strong></span> <span class='ocrx_word' id='word_1_50' title='bbox 1108 989 1301 1048; x_wconf 88' lang='lat' dir='ltr'><strong>artificiosum</strong></span> <span class='ocrx_word' id='word_1_51' title='bbox 1318 993 1478 1050; x_wconf 83' lang='lat' dir='ltr'><strong>maximam</strong></span> 
     </span>
     <span class='ocr_line' id='line_1_7' title="bbox 152 1065 829 1142; baseline 0.003 -19"><span class='ocrx_word' id='word_1_52' title='bbox 152 1071 267 1141; x_wconf 85' lang='lat' dir='ltr'><strong>partem</strong></span> <span class='ocrx_word' id='word_1_53' title='bbox 289 1085 327 1123; x_wconf 88' lang='lat' dir='ltr'><strong>ex</strong></span> <span class='ocrx_word' id='word_1_54' title='bbox 348 1065 453 1124; x_wconf 88' lang='lat' dir='ltr'><strong>alienis</strong></span> <span class='ocrx_word' id='word_1_55' title='bbox 474 1067 606 1124; x_wconf 90' lang='lat' dir='ltr'><strong>materiis</strong></span> <span class='ocrx_word' id='word_1_56' title='bbox 628 1067 829 1142; x_wconf 93' lang='lat' dir='ltr'><strong>compositum.</strong></span> 
     </span>
    </p>

    <p class='ocr_par' dir='ltr' id='par_1_5' title="bbox 152 1146 1477 1703">
     <span class='ocr_line' id='line_1_8' title="bbox 242 1146 1477 1223; baseline 0.006 -20"><span class='ocrx_word' id='word_1_57' title='bbox 242 1146 328 1204; x_wconf 87' lang='lat' dir='ltr'><strong>Alias</strong></span> <span class='ocrx_word' id='word_1_58' title='bbox 349 1151 461 1204; x_wconf 86' lang='lat' dir='ltr'><strong>emerat</strong></span> <span class='ocrx_word' id='word_1_59' title='bbox 482 1146 590 1205; x_wconf 92' lang='lat' dir='ltr'><strong>dolium</strong></span> <span class='ocrx_word' id='word_1_60' title='bbox 612 1146 672 1204; x_wconf 77' lang='lat' dir='ltr'><strong>vini</strong></span> <span class='ocrx_word' id='word_1_61' title='bbox 700 1166 840 1222; x_wconf 79' lang='lat' dir='ltr'><strong>expresse</strong></span> <span class='ocrx_word' id='word_1_62' title='bbox 872 1166 941 1223; x_wconf 88' lang='lat' dir='ltr'><strong>,pro</strong></span> <span class='ocrx_word' id='word_1_63' title='bbox 962 1148 1084 1217; x_wconf 51' lang='lat' dir='ltr'><strong>Missa,</strong></span> <span class='ocrx_word' id='word_1_64' title='bbox 1114 1148 1281 1208; x_wconf 85' lang='lat' dir='ltr'><strong>intenderat</strong></span> <span class='ocrx_word' id='word_1_65' title='bbox 1311 1156 1414 1209; x_wconf 90' lang='lat' dir='ltr'><strong>tomen</strong></span> <span class='ocrx_word' id='word_1_66' title='bbox 1442 1171 1477 1211; x_wconf 90' lang='lat' dir='ltr'><strong>eo</strong></span> 
     </span>
     <span class='ocr_line' id='line_1_9' title="bbox 152 1225 1476 1303; baseline 0.006 -21"><span class='ocrx_word' id='word_1_67' title='bbox 152 1226 248 1300; x_wconf 88' lang='lat' dir='ltr'><strong>magis</strong></span> <span class='ocrx_word' id='word_1_68' title='bbox 269 1226 358 1283; x_wconf 90' lang='lat' dir='ltr'><strong>etiam</strong></span> <span class='ocrx_word' id='word_1_69' title='bbox 379 1225 422 1283; x_wconf 92' lang='lat' dir='ltr'><strong>uti</strong></span> <span class='ocrx_word' id='word_1_70' title='bbox 444 1226 480 1282; x_wconf 91' lang='lat' dir='ltr'><strong>ad</strong></span> <span class='ocrx_word' id='word_1_71' title='bbox 502 1245 642 1283; x_wconf 88' lang='lat' dir='ltr'><strong>mensam.</strong></span> <span class='ocrx_word' id='word_1_72' title='bbox 681 1225 763 1294; x_wconf 88' lang='lat' dir='ltr'><strong>Quod</strong></span> <span class='ocrx_word' id='word_1_73' title='bbox 779 1227 879 1285; x_wconf 85' lang='lat' dir='ltr'><strong>vinum</strong></span> <span class='ocrx_word' id='word_1_74' title='bbox 900 1247 958 1285; x_wconf 91' lang='lat' dir='ltr'><strong>non</strong></span> <span class='ocrx_word' id='word_1_75' title='bbox 980 1228 1065 1303; x_wconf 91' lang='lat' dir='ltr'><strong>plene</strong></span> <span class='ocrx_word' id='word_1_76' title='bbox 1087 1228 1201 1302; x_wconf 90' lang='lat' dir='ltr'><strong>quidem</strong></span> <span class='ocrx_word' id='word_1_77' title='bbox 1223 1237 1287 1287; x_wconf 88' lang='lat' dir='ltr'><strong>arte</strong></span> <span class='ocrx_word' id='word_1_78' title='bbox 1309 1231 1476 1291; x_wconf 83' lang='lat' dir='ltr'><strong>coniectum</strong></span> 
     </span>
     <span class='ocr_line' id='line_1_10' title="bbox 153 1307 1477 1383; baseline 0.005 -20"><span class='ocrx_word' id='word_1_79' title='bbox 153 1325 220 1363; x_wconf 87' lang='lat' dir='ltr'><strong>esse</strong></span> <span class='ocrx_word' id='word_1_80' title='bbox 240 1312 345 1381; x_wconf 90' lang='lat' dir='ltr'><strong>postea</strong></span> <span class='ocrx_word' id='word_1_81' title='bbox 367 1307 521 1380; x_wconf 86' lang='lat' dir='ltr'><strong>cognovit,</strong></span> <span class='ocrx_word' id='word_1_82' title='bbox 546 1307 599 1364; x_wconf 91' lang='lat' dir='ltr'><strong>sed</strong></span> <span class='ocrx_word' id='word_1_83' title='bbox 620 1307 777 1364; x_wconf 85' lang='lat' dir='ltr'><strong>maximam</strong></span> <span class='ocrx_word' id='word_1_84' title='bbox 798 1313 912 1383; x_wconf 89' lang='lat' dir='ltr'><strong>partem</strong></span> <span class='ocrx_word' id='word_1_85' title='bbox 934 1327 1034 1364; x_wconf 87' lang='lat' dir='ltr'><strong>verum</strong></span> <span class='ocrx_word' id='word_1_86' title='bbox 1056 1309 1156 1365; x_wconf 82' lang='lat' dir='ltr'><strong>vinum</strong></span> <span class='ocrx_word' id='word_1_87' title='bbox 1177 1309 1213 1366; x_wconf 91' lang='lat' dir='ltr'><strong>de</strong></span> <span class='ocrx_word' id='word_1_88' title='bbox 1235 1310 1313 1377; x_wconf 80' lang='lat' dir='ltr'><strong>rite,</strong></span> <span class='ocrx_word' id='word_1_89' title='bbox 1336 1330 1395 1369; x_wconf 90' lang='lat' dir='ltr'><strong>non</strong></span> <span class='ocrx_word' id='word_1_90' title='bbox 1418 1332 1477 1370; x_wconf 89' lang='lat' dir='ltr'><strong>mo·</strong></span> 
     </span>
     <span class='ocr_line' id='line_1_11' title="bbox 152 1385 1477 1461; baseline 0.005 -18"><span class='ocrx_word' id='word_1_91' title='bbox 152 1385 249 1443; x_wconf 86' lang='lat' dir='ltr'><strong>dicam</strong></span> <span class='ocrx_word' id='word_1_92' title='bbox 270 1393 368 1444; x_wconf 88' lang='lat' dir='ltr'><strong>tamen</strong></span> <span class='ocrx_word' id='word_1_93' title='bbox 391 1387 585 1461; x_wconf 85' lang='lat' dir='ltr'><strong>quantitatem</strong></span> <span class='ocrx_word' id='word_1_94' title='bbox 607 1386 722 1445; x_wconf 90' lang='lat' dir='ltr'><strong>alienae</strong></span> <span class='ocrx_word' id='word_1_95' title='bbox 743 1388 884 1445; x_wconf 89' lang='lat' dir='ltr'><strong>materiae</strong></span> <span class='ocrx_word' id='word_1_96' title='bbox 905 1387 1014 1445; x_wconf 88' lang='lat' dir='ltr'><strong>habere</strong></span> <span class='ocrx_word' id='word_1_97' title='bbox 1035 1387 1205 1448; x_wconf 77' lang='lat' dir='ltr'><strong>admixtam.</strong></span> <span class='ocrx_word' id='word_1_98' title='bbox 1235 1389 1349 1448; x_wconf 91' lang='lat' dir='ltr'><strong>Paulus</strong></span> <span class='ocrx_word' id='word_1_99' title='bbox 1371 1393 1477 1450; x_wconf 86' lang='lat' dir='ltr'><strong>statuit</strong></span> 
     </span>
     <span class='ocr_line' id='line_1_12' title="bbox 152 1464 1476 1546; baseline 0.005 -23"><span class='ocrx_word' id='word_1_100' title='bbox 152 1464 223 1523; x_wconf 92' lang='lat' dir='ltr'><strong>illud</strong></span> <span class='ocrx_word' id='word_1_101' title='bbox 246 1485 311 1523; x_wconf 91' lang='lat' dir='ltr'><strong>cum</strong></span> <span class='ocrx_word' id='word_1_102' title='bbox 331 1467 414 1524; x_wconf 91' lang='lat' dir='ltr'><strong>lucro</strong></span> <span class='ocrx_word' id='word_1_103' title='bbox 436 1467 580 1536; x_wconf 88' lang='lat' dir='ltr'><strong>vendere,</strong></span> <span class='ocrx_word' id='word_1_104' title='bbox 605 1485 670 1525; x_wconf 90' lang='lat' dir='ltr'><strong>cum</strong></span> <span class='ocrx_word' id='word_1_105' title='bbox 691 1467 791 1541; x_wconf 85' lang='lat' dir='ltr'><strong>gustui</strong></span> <span class='ocrx_word' id='word_1_106' title='bbox 812 1468 899 1525; x_wconf 79' lang='lat' dir='ltr'><strong>valde</strong></span> <span class='ocrx_word' id='word_1_107' title='bbox 921 1468 1037 1542; x_wconf 90' lang='lat' dir='ltr'><strong>placeat</strong></span> <span class='ocrx_word' id='word_1_108' title='bbox 1057 1487 1151 1542; x_wconf 91' lang='lat' dir='ltr'><strong>neque</strong></span> <span class='ocrx_word' id='word_1_109' title='bbox 1173 1476 1281 1528; x_wconf 87' lang='lat' dir='ltr'><strong>noceat</strong></span> <span class='ocrx_word' id='word_1_110' title='bbox 1301 1471 1476 1546; x_wconf 68' lang='lat' dir='ltr'><strong>quidquam</strong></span> 
     </span>
     <span class='ocr_line' id='line_1_13' title="bbox 153 1546 1476 1622; baseline 0.005 -19"><span class='ocrx_word' id='word_1_111' title='bbox 153 1549 284 1604; x_wconf 86' lang='lat' dir='ltr'><strong>attamen</strong></span> <span class='ocrx_word' id='word_1_112' title='bbox 306 1565 324 1603; x_wconf 90' lang='lat' dir='ltr'><strong>a</strong></span> <span class='ocrx_word' id='word_1_113' title='bbox 344 1546 436 1604; x_wconf 86' lang='lat' dir='ltr'><strong>Fabio</strong></span> <span class='ocrx_word' id='word_1_114' title='bbox 457 1547 590 1621; x_wconf 88' lang='lat' dir='ltr'><strong>postulat</strong></span> <span class='ocrx_word' id='word_1_115' title='bbox 610 1547 736 1622; x_wconf 90' lang='lat' dir='ltr'><strong>amplam</strong></span> <span class='ocrx_word' id='word_1_116' title='bbox 757 1547 844 1622; x_wconf 92' lang='lat' dir='ltr'><strong>pretii</strong></span> <span class='ocrx_word' id='word_1_117' title='bbox 865 1548 1077 1616; x_wconf 91' lang='lat' dir='ltr'><strong>reductionem,</strong></span> <span class='ocrx_word' id='word_1_118' title='bbox 1107 1548 1165 1606; x_wconf 89' lang='lat' dir='ltr'><strong>nisi</strong></span> <span class='ocrx_word' id='word_1_119' title='bbox 1187 1549 1273 1619; x_wconf 77' lang='lat' dir='ltr'><strong>velit,</strong></span> <span class='ocrx_word' id='word_1_120' title='bbox 1301 1558 1334 1609; x_wconf 91' lang='lat' dir='ltr'><strong>ut</strong></span> <span class='ocrx_word' id='word_1_121' title='bbox 1355 1551 1414 1609; x_wconf 90' lang='lat' dir='ltr'><strong>sibi</strong></span> <span class='ocrx_word' id='word_1_122' title='bbox 1435 1571 1476 1610; x_wconf 90' lang='lat' dir='ltr'><strong>re·</strong></span> 
     </span>
     <span class='ocr_line' id='line_1_14' title="bbox 152 1624 944 1703; baseline 0.004 -21"><span class='ocrx_word' id='word_1_123' title='bbox 152 1624 287 1684; x_wconf 90' lang='lat' dir='ltr'><strong>mittatur</strong></span> <span class='ocrx_word' id='word_1_124' title='bbox 308 1627 408 1684; x_wconf 88' lang='lat' dir='ltr'><strong>vinum</strong></span> <span class='ocrx_word' id='word_1_125' title='bbox 430 1646 483 1684; x_wconf 91' lang='lat' dir='ltr'><strong>suo</strong></span> <span class='ocrx_word' id='word_1_126' title='bbox 504 1626 634 1702; x_wconf 90' lang='lat' dir='ltr'><strong>periculo</strong></span> <span class='ocrx_word' id='word_1_127' title='bbox 655 1627 774 1702; x_wconf 89' lang='lat' dir='ltr'><strong>suisque</strong></span> <span class='ocrx_word' id='word_1_128' title='bbox 796 1627 944 1703; x_wconf 90' lang='lat' dir='ltr'><strong>expensis.</strong></span> 
     </span>
    </p>
   </div>
   <div class='ocr_carea' id='block_1_5' title="bbox 154 1737 1315 1915">
    <p class='ocr_par' dir='ltr' id='par_1_6' title="bbox 154 1737 1315 1915">
     <span class='ocr_line' id='line_1_15' title="bbox 154 1737 1210 1818; baseline 0.004 -21"><span class='ocrx_word' id='word_1_129' title='bbox 154 1737 330 1808; x_wconf 82' lang='lat' dir='ltr'><strong>Quauarrua</strong></span> <span class='ocrx_word' id='word_1_130' title='bbox 352 1741 381 1798; x_wconf 76' lang='lat'><strong>1⁰</strong></span> <span class='ocrx_word' id='word_1_131' title='bbox 407 1740 505 1799; x_wconf 89' lang='lat' dir='ltr'><strong>sintne</strong></span> <span class='ocrx_word' id='word_1_132' title='bbox 527 1741 597 1799; x_wconf 90' lang='lat' dir='ltr'><strong>illae</strong></span> <span class='ocrx_word' id='word_1_133' title='bbox 618 1741 781 1818; x_wconf 88' lang='lat' dir='ltr'><strong>emptiones</strong></span> <span class='ocrx_word' id='word_1_134' title='bbox 802 1741 904 1800; x_wconf 86' lang='lat' dir='ltr'><strong>irritae</strong></span> <span class='ocrx_word' id='word_1_135' title='bbox 926 1743 973 1800; x_wconf 77' lang='lat' dir='ltr'><strong>vel</strong></span> <span class='ocrx_word' id='word_1_136' title='bbox 995 1742 1210 1811; x_wconf 65' lang='lat' dir='ltr'><strong>rescindibiles,</strong></span> 
     </span>
     <span class='ocr_line' id='line_1_16' title="bbox 350 1838 1315 1915; baseline 0.006 -20"><span class='ocrx_word' id='word_1_137' title='bbox 350 1838 380 1895; x_wconf 82' lang='grc' dir='ltr'><strong>2ο</strong></span> <span class='ocrx_word' id='word_1_138' title='bbox 406 1838 475 1913; x_wconf 92' lang='lat' dir='ltr'><strong>quid</strong></span> <span class='ocrx_word' id='word_1_139' title='bbox 496 1839 649 1897; x_wconf 91' lang='lat' dir='ltr'><strong>dicendum</strong></span> <span class='ocrx_word' id='word_1_140' title='bbox 671 1838 712 1898; x_wconf 90' lang='lat' dir='ltr'><strong>sit</strong></span> <span class='ocrx_word' id='word_1_141' title='bbox 733 1838 768 1897; x_wconf 92' lang='lat' dir='ltr'><strong>de</strong></span> <span class='ocrx_word' id='word_1_142' title='bbox 791 1839 955 1915; x_wconf 87' lang='lat' dir='ltr'><strong>posteriore</strong></span> <span class='ocrx_word' id='word_1_143' title='bbox 976 1839 1027 1897; x_wconf 90' lang='lat' dir='ltr'><strong>illa</strong></span> <span class='ocrx_word' id='word_1_144' title='bbox 1048 1840 1133 1898; x_wconf 91' lang='lat' dir='ltr'><strong>Pauli</strong></span> <span class='ocrx_word' id='word_1_145' title='bbox 1154 1841 1315 1902; x_wconf 87' lang='lat' dir='ltr'><strong>oblatione.</strong></span> 
     </span>
    </p>
   </div>
   <div class='ocr_carea' id='block_1_6' title="bbox 746 2030 881 2097">
    <p class='ocr_par' dir='ltr' id='par_1_7' title="bbox 746 2030 881 2097">
     <span class='ocr_line' id='line_1_17' title="bbox 746 2030 881 2097; baseline -0.007 0"><span class='ocrx_word' id='word_1_146' title='bbox 746 2030 881 2097; x_wconf 82' lang='lat' dir='ltr'><strong>Salutio.</strong></span> 
     </span>
    </p>
   </div>
   <div class='ocr_carea' id='block_1_7' title="bbox 88 2181 1476 2514">
    <p class='ocr_par' dir='ltr' id='par_1_8' title="bbox 88 2181 1476 2514">
     <span class='ocr_line' id='line_1_18' title="bbox 88 2181 1474 2264; baseline -0.001 -14"><span class='ocrx_word' id='word_1_147' title='bbox 88 2195 141 2250; x_wconf 79' lang='lat'><strong>805</strong></span> <span class='ocrx_word' id='word_1_148' title='bbox 241 2182 294 2246; x_wconf 86' lang='lat' dir='ltr'><strong>An</strong></span> <span class='ocrx_word' id='word_1_149' title='bbox 318 2201 509 2257; x_wconf 75' lang='lat' dir='ltr'><strong>ouansrrnn</strong></span> <span class='ocrx_word' id='word_1_150' title='bbox 536 2184 573 2244; x_wconf 84' lang='lat'>1¹¹¹</span> <span class='ocrx_word' id='word_1_151' title='bbox 590 2181 628 2246; x_wconf 90' lang='lat' dir='ltr'><strong>R.</strong></span> <span class='ocrx_word' id='word_1_152' title='bbox 649 2184 677 2247; x_wconf 92' lang='grc'><strong>1.</strong></span> <span class='ocrx_word' id='word_1_153' title='bbox 714 2181 833 2244; x_wconf 80' lang='lat' dir='ltr'><strong>Vinum</strong></span> <span class='ocrx_word' id='word_1_154' title='bbox 850 2181 1070 2258; x_wconf 85' lang='lat' dir='ltr'><strong>artificiosum,</strong></span> <span class='ocrx_word' id='word_1_155' title='bbox 1087 2181 1107 2247; x_wconf 91' lang='lat' dir='ltr'><strong>i.</strong></span> <span class='ocrx_word' id='word_1_156' title='bbox 1126 2203 1153 2247; x_wconf 93' lang='lat' dir='ltr'><strong>e.</strong></span> <span class='ocrx_word' id='word_1_157' title='bbox 1172 2183 1279 2264; x_wconf 92' lang='lat' dir='ltr'><strong>quoad</strong></span> <span class='ocrx_word' id='word_1_158' title='bbox 1296 2184 1474 2249; x_wconf 81' lang='lat' dir='ltr'><strong>maximam</strong></span> 
     </span>
     <span class='ocr_line' id='line_1_19' title="bbox 150 2269 1475 2357; baseline 0.004 -22"><span class='ocrx_word' id='word_1_159' title='bbox 150 2274 280 2353; x_wconf 88' lang='lat' dir='ltr'><strong>partem</strong></span> <span class='ocrx_word' id='word_1_160' title='bbox 309 2291 352 2335; x_wconf 88' lang='lat' dir='ltr'><strong>ex</strong></span> <span class='ocrx_word' id='word_1_161' title='bbox 383 2270 490 2334; x_wconf 89' lang='lat' dir='ltr'><strong>alinea</strong></span> <span class='ocrx_word' id='word_1_162' title='bbox 514 2269 653 2335; x_wconf 89' lang='lat' dir='ltr'><strong>materia</strong></span> <span class='ocrx_word' id='word_1_163' title='bbox 676 2270 817 2350; x_wconf 87' lang='lat' dir='ltr'><strong>factum,</strong></span> <span class='ocrx_word' id='word_1_164' title='bbox 851 2291 945 2335; x_wconf 92' lang='lat' dir='ltr'><strong>nemo</strong></span> <span class='ocrx_word' id='word_1_165' title='bbox 979 2270 1099 2336; x_wconf 81' lang='lat' dir='ltr'><strong>dixerit</strong></span> <span class='ocrx_word' id='word_1_166' title='bbox 1131 2274 1239 2336; x_wconf 75' lang='lat' dir='ltr'><strong>virtum</strong></span> <span class='ocrx_word' id='word_1_167' title='bbox 1272 2272 1475 2357; x_wconf 88' lang='lat' dir='ltr'><strong>simpliciter.</strong></span> 
     </span>
     <span class='ocr_line' id='line_1_20' title="bbox 151 2358 1476 2448; baseline 0.002 -24"><span class='ocrx_word' id='word_1_168' title='bbox 151 2361 357 2442; x_wconf 83' lang='lat' dir='ltr'><strong>Quapropter</strong></span> <span class='ocrx_word' id='word_1_169' title='bbox 388 2359 524 2436; x_wconf 89' lang='lat' dir='ltr'><strong>Paulus,</strong></span> <span class='ocrx_word' id='word_1_170' title='bbox 556 2379 627 2422; x_wconf 91' lang='lat' dir='ltr'><strong>cum</strong></span> <span class='ocrx_word' id='word_1_171' title='bbox 659 2358 770 2422; x_wconf 88' lang='lat' dir='ltr'><strong>vinnm</strong></span> <span class='ocrx_word' id='word_1_172' title='bbox 801 2359 901 2423; x_wconf 83' lang='lat' dir='ltr'><strong>vellet</strong></span> <span class='ocrx_word' id='word_1_173' title='bbox 929 2363 963 2424; x_wconf 90' lang='lat' dir='ltr'><strong>et</strong></span> <span class='ocrx_word' id='word_1_174' title='bbox 986 2360 1185 2442; x_wconf 86' lang='lat' dir='ltr'><strong>postularet,</strong></span> <span class='ocrx_word' id='word_1_175' title='bbox 1220 2361 1348 2427; x_wconf 89' lang='lat' dir='ltr'><strong>erravit</strong></span> <span class='ocrx_word' id='word_1_176' title='bbox 1371 2363 1476 2448; x_wconf 83' lang='lat' dir='ltr'><strong>quood</strong></span> 
     </span>
     <span class='ocr_line' id='line_1_21' title="bbox 151 2449 312 2514; baseline -0.012 0"><span class='ocrx_word' id='word_1_177' title='bbox 151 2449 312 2514; x_wconf 82' lang='lat' dir='ltr'><strong>obiectum.</strong></span> 
     </span>
    </p>
   </div>
   <div class='ocr_carea' id='block_1_8' title="bbox 151 2544 1475 2983">
    <p class='ocr_par' dir='ltr' id='par_1_9' title="bbox 151 2544 1475 2983">
     <span class='ocr_line' id='line_1_22' title="bbox 241 2544 1474 2624; baseline 0.002 -15"><span class='ocrx_word' id='word_1_178' title='bbox 241 2546 326 2610; x_wconf 88' lang='lat' dir='ltr'><strong>Hinc</strong></span> <span class='ocrx_word' id='word_1_179' title='bbox 356 2544 531 2610; x_wconf 89' lang='lat' dir='ltr'><strong>secundum</strong></span> <span class='ocrx_word' id='word_1_180' title='bbox 564 2544 673 2609; x_wconf 91' lang='lat' dir='ltr'><strong>omnia</strong></span> <span class='ocrx_word' id='word_1_181' title='bbox 702 2544 774 2610; x_wconf 89' lang='lat' dir='ltr'><strong>iura</strong></span> <span class='ocrx_word' id='word_1_182' title='bbox 798 2550 987 2611; x_wconf 84' lang='lat' dir='ltr'><strong>contractus</strong></span> <span class='ocrx_word' id='word_1_183' title='bbox 1017 2549 1069 2610; x_wconf 91' lang='lat' dir='ltr'><strong>est</strong></span> <span class='ocrx_word' id='word_1_184' title='bbox 1098 2545 1215 2611; x_wconf 88' lang='lat' dir='ltr'><strong>saltem</strong></span> <span class='ocrx_word' id='word_1_185' title='bbox 1247 2548 1474 2624; x_wconf 88' lang='lat' dir='ltr'><strong>rescindibilis,</strong></span> 
     </span>
     <span class='ocr_line' id='line_1_23' title="bbox 151 2633 1473 2718; baseline 0.002 -19"><span class='ocrx_word' id='word_1_186' title='bbox 151 2635 248 2717; x_wconf 89' lang='lat' dir='ltr'><strong>idque</strong></span> <span class='ocrx_word' id='word_1_187' title='bbox 283 2635 382 2699; x_wconf 89' lang='lat' dir='ltr'><strong>etiam</strong></span> <span class='ocrx_word' id='word_1_188' title='bbox 416 2655 488 2697; x_wconf 89' lang='lat' dir='ltr'><strong>cum</strong></span> <span class='ocrx_word' id='word_1_189' title='bbox 523 2633 640 2698; x_wconf 88' lang='lat' dir='ltr'><strong>damno</strong></span> <span class='ocrx_word' id='word_1_190' title='bbox 673 2634 781 2711; x_wconf 87' lang='lat' dir='ltr'><strong>Fabii,</strong></span> <span class='ocrx_word' id='word_1_191' title='bbox 816 2639 929 2718; x_wconf 87' lang='lat' dir='ltr'><strong>utpote</strong></span> <span class='ocrx_word' id='word_1_192' title='bbox 959 2635 1013 2716; x_wconf 92' lang='lat' dir='ltr'><strong>qui</strong></span> <span class='ocrx_word' id='word_1_193' title='bbox 1046 2655 1189 2699; x_wconf 90' lang='lat' dir='ltr'><strong>errorem</strong></span> <span class='ocrx_word' id='word_1_194' title='bbox 1221 2656 1279 2699; x_wconf 89' lang='lat' dir='ltr'><strong>seu</strong></span> <span class='ocrx_word' id='word_1_195' title='bbox 1311 2637 1473 2704; x_wconf 84' lang='lat' dir='ltr'><strong>defectum</strong></span> 
     </span>
     <span class='ocr_line' id='line_1_24' title="bbox 153 2722 1475 2805; baseline 0.002 -17"><span class='ocrx_word' id='word_1_196' title='bbox 153 2723 360 2789; x_wconf 87' lang='lat' dir='ltr'><strong>essentialem</strong></span> <span class='ocrx_word' id='word_1_197' title='bbox 384 2722 523 2799; x_wconf 90' lang='lat' dir='ltr'><strong>noverit,</strong></span> <span class='ocrx_word' id='word_1_198' title='bbox 548 2722 611 2799; x_wconf 89' lang='lat' dir='ltr'><strong>vel,</strong></span> <span class='ocrx_word' id='word_1_199' title='bbox 635 2723 662 2786; x_wconf 94' lang='lat' dir='ltr'><strong>si</strong></span> <span class='ocrx_word' id='word_1_200' title='bbox 686 2723 756 2805; x_wconf 85' lang='lat' dir='ltr'><strong>ipse</strong></span> <span class='ocrx_word' id='word_1_201' title='bbox 780 2723 910 2787; x_wconf 89' lang='lat' dir='ltr'><strong>aliunde</strong></span> <span class='ocrx_word' id='word_1_202' title='bbox 933 2723 988 2787; x_wconf 89' lang='lat' dir='ltr'><strong>illa</strong></span> <span class='ocrx_word' id='word_1_203' title='bbox 1011 2723 1122 2797; x_wconf 78' lang='lat' dir='ltr'><strong>,vina“</strong></span> <span class='ocrx_word' id='word_1_204' title='bbox 1150 2729 1327 2801; x_wconf 85' lang='lat' dir='ltr'><strong>coemerat,</strong></span> <span class='ocrx_word' id='word_1_205' title='bbox 1352 2748 1395 2791; x_wconf 88' lang='lat' dir='ltr'><strong>ex</strong></span> <span class='ocrx_word' id='word_1_206' title='bbox 1418 2747 1475 2791; x_wconf 89' lang='lat' dir='ltr'><strong>sna</strong></span> 
     </span>
     <span class='ocr_line' id='line_1_25' title="bbox 153 2812 1474 2894; baseline 0.002 -17"><span class='ocrx_word' id='word_1_207' title='bbox 153 2813 362 2894; x_wconf 85' lang='lat' dir='ltr'><strong>neglegentia</strong></span> <span class='ocrx_word' id='word_1_208' title='bbox 392 2817 492 2892; x_wconf 88' lang='lat' dir='ltr'><strong>atque</strong></span> <span class='ocrx_word' id='word_1_209' title='bbox 523 2813 616 2894; x_wconf 87' lang='lat' dir='ltr'><strong>culpa</strong></span> <span class='ocrx_word' id='word_1_210' title='bbox 644 2813 760 2876; x_wconf 90' lang='lat' dir='ltr'><strong>saltem</strong></span> <span class='ocrx_word' id='word_1_211' title='bbox 792 2812 926 2876; x_wconf 89' lang='lat' dir='ltr'><strong>iuridiea</strong></span> <span class='ocrx_word' id='word_1_212' title='bbox 956 2834 1019 2876; x_wconf 91' lang='lat' dir='ltr'><strong>non</strong></span> <span class='ocrx_word' id='word_1_213' title='bbox 1043 2813 1244 2893; x_wconf 83' lang='lat' dir='ltr'><strong>cognoverit.</strong></span> <span class='ocrx_word' id='word_1_214' title='bbox 1293 2813 1474 2880; x_wconf 85' lang='lat' dir='ltr'><strong>Secundum</strong></span> 
     </span>
     <span class='ocr_line' id='line_1_26' title="bbox 154 2900 1411 2983; baseline 0.001 -16"><span class='ocrx_word' id='word_1_215' title='bbox 154 2902 219 2967; x_wconf 88' lang='lat' dir='ltr'><strong>alia</strong></span> <span class='ocrx_word' id='word_1_216' title='bbox 242 2901 313 2966; x_wconf 89' lang='lat' dir='ltr'><strong>iura</strong></span> <span class='ocrx_word' id='word_1_217' title='bbox 338 2906 371 2966; x_wconf 90' lang='lat' dir='ltr'><strong>et</strong></span> <span class='ocrx_word' id='word_1_218' title='bbox 394 2901 500 2983; x_wconf 93' lang='lat' dir='ltr'><strong>ipsum</strong></span> <span class='ocrx_word' id='word_1_219' title='bbox 524 2900 573 2963; x_wconf 86' lang='lat' dir='ltr'><strong>ins</strong></span> <span class='ocrx_word' id='word_1_220' title='bbox 597 2906 735 2965; x_wconf 87' lang='lat' dir='ltr'><strong>naturae</strong></span> <span class='ocrx_word' id='word_1_221' title='bbox 759 2900 896 2964; x_wconf 81' lang='lat' dir='ltr'><strong>dixerim</strong></span> <span class='ocrx_word' id='word_1_222' title='bbox 922 2905 1123 2965; x_wconf 86' lang='lat' dir='ltr'><strong>contractum</strong></span> <span class='ocrx_word' id='word_1_223' title='bbox 1148 2922 1249 2965; x_wconf 88' lang='lat' dir='ltr'><strong>exse</strong></span> <span class='ocrx_word' id='word_1_224' title='bbox 1274 2903 1411 2970; x_wconf 88' lang='lat' dir='ltr'><strong>nullum.</strong></span> 
     </span>
    </p>
   </div>
   <div class='ocr_carea' id='block_1_9' title="bbox 154 3006 1474 3625">
    <p class='ocr_par' dir='ltr' id='par_1_10' title="bbox 154 3006 1474 3625">
     <span class='ocr_line' id='line_1_27' title="bbox 243 3006 1474 3083; baseline 0.002 -11"><span class='ocrx_word' id='word_1_225' title='bbox 243 3008 281 3072; x_wconf 89' lang='lat' dir='ltr'><strong>R.</strong></span> <span class='ocrx_word' id='word_1_226' title='bbox 307 3011 337 3072; x_wconf 88' lang='grc'><strong>2.</strong></span> <span class='ocrx_word' id='word_1_227' title='bbox 384 3006 502 3082; x_wconf 83' lang='lat' dir='ltr'><strong>Quodsi</strong></span> <span class='ocrx_word' id='word_1_228' title='bbox 520 3006 640 3070; x_wconf 89' lang='lat' dir='ltr'><strong>Paulus</strong></span> <span class='ocrx_word' id='word_1_229' title='bbox 664 3027 776 3069; x_wconf 78' lang='lat' dir='ltr'><strong>rerum</strong></span> <span class='ocrx_word' id='word_1_230' title='bbox 801 3006 911 3069; x_wconf 86' lang='lat' dir='ltr'><strong>vinum</strong></span> <span class='ocrx_word' id='word_1_231' title='bbox 936 3029 999 3071; x_wconf 89' lang='lat' dir='ltr'><strong>non</strong></span> <span class='ocrx_word' id='word_1_232' title='bbox 1016 3007 1190 3083; x_wconf 87' lang='lat' dir='ltr'><strong>curaverit,</strong></span> <span class='ocrx_word' id='word_1_233' title='bbox 1215 3012 1249 3072; x_wconf 87' lang='lat' dir='ltr'><strong>et</strong></span> <span class='ocrx_word' id='word_1_234' title='bbox 1273 3029 1316 3072; x_wconf 91' lang='lat' dir='ltr'><strong>ex</strong></span> <span class='ocrx_word' id='word_1_235' title='bbox 1341 3011 1474 3075; x_wconf 86' lang='lat' dir='ltr'><strong>circum·</strong></span> 
     </span>
     <span class='ocr_line' id='line_1_28' title="bbox 154 3095 1473 3181; baseline 0.001 -19"><span class='ocrx_word' id='word_1_236' title='bbox 154 3097 287 3163; x_wconf 87' lang='lat' dir='ltr'><strong>stantiis</strong></span> <span class='ocrx_word' id='word_1_237' title='bbox 310 3097 447 3181; x_wconf 87' lang='lat' dir='ltr'><strong>patebat</strong></span> <span class='ocrx_word' id='word_1_238' title='bbox 470 3095 604 3160; x_wconf 80' lang='lat' dir='ltr'><strong>Fabium</strong></span> <span class='ocrx_word' id='word_1_239' title='bbox 632 3116 695 3158; x_wconf 89' lang='lat' dir='ltr'><strong>non</strong></span> <span class='ocrx_word' id='word_1_240' title='bbox 719 3116 836 3160; x_wconf 87' lang='lat' dir='ltr'><strong>cavere</strong></span> <span class='ocrx_word' id='word_1_241' title='bbox 861 3095 986 3159; x_wconf 81' lang='lat' dir='ltr'><strong>devini</strong></span> <span class='ocrx_word' id='word_1_242' title='bbox 1011 3096 1168 3160; x_wconf 82' lang='lat' dir='ltr'><strong>veritate:</strong></span> <span class='ocrx_word' id='word_1_243' title='bbox 1193 3096 1290 3162; x_wconf 89' lang='lat' dir='ltr'><strong>aliter</strong></span> <span class='ocrx_word' id='word_1_244' title='bbox 1307 3098 1473 3163; x_wconf 85' lang='lat' dir='ltr'><strong>dicendum</strong></span> 
     </span>
     <span class='ocr_line' id='line_1_29' title="bbox 155 3184 1471 3266; baseline -0.001 -15"><span class='ocrx_word' id='word_1_245' title='bbox 155 3193 215 3253; x_wconf 88' lang='lat' dir='ltr'><strong>est.</strong></span> <span class='ocrx_word' id='word_1_246' title='bbox 248 3187 285 3250; x_wconf 93' lang='lat' dir='ltr'><strong>In</strong></span> <span class='ocrx_word' id='word_1_247' title='bbox 309 3208 348 3251; x_wconf 90' lang='lat' dir='ltr'><strong>eo</strong></span> <span class='ocrx_word' id='word_1_248' title='bbox 372 3207 451 3251; x_wconf 89' lang='lat' dir='ltr'><strong>casu</strong></span> <span class='ocrx_word' id='word_1_249' title='bbox 474 3206 538 3248; x_wconf 90' lang='lat' dir='ltr'><strong>non</strong></span> <span class='ocrx_word' id='word_1_250' title='bbox 562 3184 701 3249; x_wconf 89' lang='lat' dir='ltr'><strong>habetur</strong></span> <span class='ocrx_word' id='word_1_251' title='bbox 725 3205 817 3248; x_wconf 90' lang='lat' dir='ltr'><strong>error</strong></span> <span class='ocrx_word' id='word_1_252' title='bbox 840 3184 957 3249; x_wconf 89' lang='lat' dir='ltr'><strong>obiecti</strong></span> <span class='ocrx_word' id='word_1_253' title='bbox 974 3206 1077 3266; x_wconf 90' lang='lat' dir='ltr'><strong>neque</strong></span> <span class='ocrx_word' id='word_1_254' title='bbox 1095 3185 1263 3266; x_wconf 88' lang='lat' dir='ltr'><strong>qualitatis</strong></span> <span class='ocrx_word' id='word_1_255' title='bbox 1280 3189 1471 3262; x_wconf 89' lang='lat' dir='ltr'><strong>essentialis,</strong></span> 
     </span>
     <span class='ocr_line' id='line_1_30' title="bbox 155 3273 1472 3356; baseline 0.001 -16"><span class='ocrx_word' id='word_1_256' title='bbox 155 3276 216 3340; x_wconf 91' lang='lat' dir='ltr'><strong>nisi</strong></span> <span class='ocrx_word' id='word_1_257' title='bbox 240 3278 370 3340; x_wconf 88' lang='lat' dir='ltr'><strong>constet</strong></span> <span class='ocrx_word' id='word_1_258' title='bbox 393 3275 432 3338; x_wconf 88' lang='lat' dir='ltr'><strong>de</strong></span> <span class='ocrx_word' id='word_1_259' title='bbox 456 3273 613 3339; x_wconf 85' lang='lat' dir='ltr'><strong>mixtione</strong></span> <span class='ocrx_word' id='word_1_260' title='bbox 637 3277 762 3350; x_wconf 77' lang='lat' dir='ltr'><strong>noeirs,</strong></span> <span class='ocrx_word' id='word_1_261' title='bbox 794 3274 940 3354; x_wconf 90' lang='lat' dir='ltr'><strong>adeoque</strong></span> <span class='ocrx_word' id='word_1_262' title='bbox 964 3295 1068 3355; x_wconf 90' lang='lat' dir='ltr'><strong>neque</strong></span> <span class='ocrx_word' id='word_1_263' title='bbox 1090 3274 1202 3340; x_wconf 91' lang='lat' dir='ltr'><strong>irritus</strong></span> <span class='ocrx_word' id='word_1_264' title='bbox 1226 3295 1332 3356; x_wconf 90' lang='lat' dir='ltr'><strong>neque</strong></span> <span class='ocrx_word' id='word_1_265' title='bbox 1356 3277 1472 3341; x_wconf 88' lang='lat' dir='ltr'><strong>rescin-</strong></span> 
     </span>
     <span class='ocr_line' id='line_1_31' title="bbox 155 3361 1471 3440; baseline 0 -12"><span class='ocrx_word' id='word_1_266' title='bbox 155 3365 261 3429; x_wconf 86' lang='lat' dir='ltr'><strong>dibilis</strong></span> <span class='ocrx_word' id='word_1_267' title='bbox 285 3369 336 3430; x_wconf 88' lang='lat' dir='ltr'><strong>est</strong></span> <span class='ocrx_word' id='word_1_268' title='bbox 359 3368 557 3429; x_wconf 86' lang='lat' dir='ltr'><strong>contractus.</strong></span> <span class='ocrx_word' id='word_1_269' title='bbox 590 3362 662 3427; x_wconf 88' lang='lat' dir='ltr'><strong>Etsi</strong></span> <span class='ocrx_word' id='word_1_270' title='bbox 685 3361 771 3427; x_wconf 84' lang='lat' dir='ltr'><strong>forte</strong></span> <span class='ocrx_word' id='word_1_271' title='bbox 787 3363 892 3428; x_wconf 90' lang='lat' dir='ltr'><strong>subsit</strong></span> <span class='ocrx_word' id='word_1_272' title='bbox 908 3383 998 3427; x_wconf 91' lang='lat' dir='ltr'><strong>error</strong></span> <span class='ocrx_word' id='word_1_273' title='bbox 1015 3363 1095 3427; x_wconf 86' lang='lat' dir='ltr'><strong>dans</strong></span> <span class='ocrx_word' id='word_1_274' title='bbox 1119 3384 1252 3427; x_wconf 89' lang='lat' dir='ltr'><strong>causam</strong></span> <span class='ocrx_word' id='word_1_275' title='bbox 1277 3370 1471 3440; x_wconf 80' lang='lat' dir='ltr'><strong>corrtractus,</strong></span> 
     </span>
     <span class='ocr_line' id='line_1_32' title="bbox 155 3452 1473 3535; baseline -0.001 -18"><span class='ocrx_word' id='word_1_276' title='bbox 155 3454 361 3517; x_wconf 89' lang='lat' dir='ltr'><strong>nihilominus</strong></span> <span class='ocrx_word' id='word_1_277' title='bbox 388 3453 521 3529; x_wconf 90' lang='lat' dir='ltr'><strong>Paulus,</strong></span> <span class='ocrx_word' id='word_1_278' title='bbox 557 3452 610 3533; x_wconf 92' lang='lat' dir='ltr'><strong>qui</strong></span> <span class='ocrx_word' id='word_1_279' title='bbox 639 3472 707 3514; x_wconf 89' lang='lat' dir='ltr'><strong>rem</strong></span> <span class='ocrx_word' id='word_1_280' title='bbox 730 3452 878 3532; x_wconf 84' lang='lat' dir='ltr'><strong>gustavit</strong></span> <span class='ocrx_word' id='word_1_281' title='bbox 908 3457 941 3517; x_wconf 87' lang='lat' dir='ltr'><strong>et</strong></span> <span class='ocrx_word' id='word_1_282' title='bbox 964 3452 1126 3535; x_wconf 65' lang='lat' dir='ltr'><strong>probarit,</strong></span> <span class='ocrx_word' id='word_1_283' title='bbox 1151 3474 1224 3516; x_wconf 92' lang='lat' dir='ltr'><strong>eum</strong></span> <span class='ocrx_word' id='word_1_284' title='bbox 1248 3474 1393 3519; x_wconf 88' lang='lat' dir='ltr'><strong>errorem</strong></span> <span class='ocrx_word' id='word_1_285' title='bbox 1417 3455 1473 3520; x_wconf 80' lang='lat' dir='ltr'><strong>siti</strong></span> 
     </span>
     <span class='ocr_line' id='line_1_33' title="bbox 158 3542 451 3625; baseline 0.007 -20"><span class='ocrx_word' id='word_1_286' title='bbox 158 3542 254 3607; x_wconf 90' lang='lat' dir='ltr'><strong>debet</strong></span> <span class='ocrx_word' id='word_1_287' title='bbox 278 3543 451 3625; x_wconf 88' lang='lat' dir='ltr'><strong>imputare.</strong></span> 
     </span>
    </p>
   </div>
   <div class='ocr_carea' id='block_1_10' title="bbox 156 3638 1471 3882">
    <p class='ocr_par' dir='ltr' id='par_1_11' title="bbox 156 3638 1471 3882">
     <span class='ocr_line' id='line_1_34' title="bbox 246 3638 1471 3720; baseline 0.002 -16"><span class='ocrx_word' id='word_1_288' title='bbox 246 3640 307 3704; x_wconf 87' lang='lat' dir='ltr'><strong>Sed</strong></span> <span class='ocrx_word' id='word_1_289' title='bbox 332 3640 358 3703; x_wconf 93' lang='lat' dir='ltr'><strong>si</strong></span> <span class='ocrx_word' id='word_1_290' title='bbox 383 3641 492 3720; x_wconf 84' lang='lat' dir='ltr'><strong>agitur</strong></span> <span class='ocrx_word' id='word_1_291' title='bbox 515 3640 554 3703; x_wconf 90' lang='lat' dir='ltr'><strong>de</strong></span> <span class='ocrx_word' id='word_1_292' title='bbox 578 3638 736 3703; x_wconf 81' lang='lat' dir='ltr'><strong>mixtione</strong></span> <span class='ocrx_word' id='word_1_293' title='bbox 760 3638 891 3711; x_wconf 79' lang='lat' dir='ltr'><strong>nociva,</strong></span> <span class='ocrx_word' id='word_1_294' title='bbox 922 3638 1021 3703; x_wconf 88' lang='lat' dir='ltr'><strong>etiam</strong></span> <span class='ocrx_word' id='word_1_295' title='bbox 1044 3639 1178 3718; x_wconf 85' lang='lat' dir='ltr'><strong>gravius</strong></span> <span class='ocrx_word' id='word_1_296' title='bbox 1203 3643 1318 3705; x_wconf 87' lang='lat' dir='ltr'><strong>contra</strong></span> <span class='ocrx_word' id='word_1_297' title='bbox 1344 3642 1471 3706; x_wconf 87' lang='lat' dir='ltr'><strong>Fabium</strong></span> 
     </span>
     <span class='ocr_line' id='line_1_35' title="bbox 156 3727 1471 3810; baseline 0 -18"><span class='ocrx_word' id='word_1_298' title='bbox 156 3728 209 3808; x_wconf 85' lang='lat' dir='ltr'><strong>agi</strong></span> <span class='ocrx_word' id='word_1_299' title='bbox 234 3732 359 3810; x_wconf 86' lang='lat' dir='ltr'><strong>potest;</strong></span> <span class='ocrx_word' id='word_1_300' title='bbox 391 3749 491 3808; x_wconf 85' lang='lat' dir='ltr'><strong>quare</strong></span> <span class='ocrx_word' id='word_1_301' title='bbox 524 3729 642 3791; x_wconf 88' lang='lat' dir='ltr'><strong>saltem</strong></span> <span class='ocrx_word' id='word_1_302' title='bbox 666 3727 787 3791; x_wconf 87' lang='lat' dir='ltr'><strong>Paulus</strong></span> <span class='ocrx_word' id='word_1_303' title='bbox 817 3728 858 3791; x_wconf 89' lang='lat' dir='ltr'><strong>ab</strong></span> <span class='ocrx_word' id='word_1_304' title='bbox 889 3748 927 3791; x_wconf 90' lang='lat' dir='ltr'><strong>eo</strong></span> <span class='ocrx_word' id='word_1_305' title='bbox 958 3727 1124 3810; x_wconf 89' lang='lat' dir='ltr'><strong>postulare</strong></span> <span class='ocrx_word' id='word_1_306' title='bbox 1155 3732 1265 3810; x_wconf 89' lang='lat' dir='ltr'><strong>potest</strong></span> <span class='ocrx_word' id='word_1_307' title='bbox 1289 3735 1471 3796; x_wconf 88' lang='lat' dir='ltr'><strong>contractus</strong></span> 
     </span>
     <span class='ocr_line' id='line_1_36' title="bbox 156 3838 390 3882; baseline 0.009 -2"><span class='ocrx_word' id='word_1_308' title='bbox 156 3838 390 3882; x_wconf 82' lang='lat' dir='ltr'><strong>rescrssronem.</strong></span> 
     </span>
    </p>
   </div>
   <div class='ocr_carea' id='block_1_11' title="bbox 95 3921 1471 4724">
    <p class='ocr_par' dir='ltr' id='par_1_12' title="bbox 95 3921 1470 4094">
     <span class='ocr_line' id='line_1_37' title="bbox 95 3921 1470 4004; baseline -0.002 -14"><span class='ocrx_word' id='word_1_309' title='bbox 95 3938 145 3992; x_wconf 87' lang='lat'><strong>806</strong></span> <span class='ocrx_word' id='word_1_310' title='bbox 247 3923 284 3988; x_wconf 79' lang='lat' dir='ltr'><strong>lt.</strong></span> <span class='ocrx_word' id='word_1_311' title='bbox 311 3926 339 3986; x_wconf 82' lang='lat'><strong>3.</strong></span> <span class='ocrx_word' id='word_1_312' title='bbox 388 3922 498 3997; x_wconf 81' lang='lat' dir='ltr'><strong>Quoad</strong></span> <span class='ocrx_word' id='word_1_313' title='bbox 522 3921 735 4004; x_wconf 89' lang='lat' dir='ltr'><strong>posteriorem</strong></span> <span class='ocrx_word' id='word_1_314' title='bbox 761 3921 825 3984; x_wconf 83' lang='lat' dir='ltr'><strong>vini</strong></span> <span class='ocrx_word' id='word_1_315' title='bbox 850 3922 1045 4003; x_wconf 84' lang='lat' dir='ltr'><strong>emptionem</strong></span> <span class='ocrx_word' id='word_1_316' title='bbox 1070 3944 1132 3985; x_wconf 88' lang='lat' dir='ltr'><strong>non</strong></span> <span class='ocrx_word' id='word_1_317' title='bbox 1156 3922 1313 3986; x_wconf 87' lang='lat' dir='ltr'><strong>habemus</strong></span> <span class='ocrx_word' id='word_1_318' title='bbox 1336 3943 1470 3989; x_wconf 79' lang='lat' dir='ltr'><strong>errorem</strong></span> 
     </span>
     <span class='ocr_line' id='line_1_38' title="bbox 158 4010 987 4094; baseline -0.001 -19"><span class='ocrx_word' id='word_1_319' title='bbox 158 4012 197 4075; x_wconf 93' lang='lat' dir='ltr'><strong>dc</strong></span> <span class='ocrx_word' id='word_1_320' title='bbox 221 4012 291 4094; x_wconf 89' lang='lat' dir='ltr'><strong>ipso</strong></span> <span class='ocrx_word' id='word_1_321' title='bbox 316 4011 452 4085; x_wconf 81' lang='lat' dir='ltr'><strong>abiecte,</strong></span> <span class='ocrx_word' id='word_1_322' title='bbox 477 4017 587 4076; x_wconf 89' lang='lat' dir='ltr'><strong>tamen</strong></span> <span class='ocrx_word' id='word_1_323' title='bbox 612 4011 651 4074; x_wconf 91' lang='lat' dir='ltr'><strong>de</strong></span> <span class='ocrx_word' id='word_1_324' title='bbox 676 4010 793 4075; x_wconf 84' lang='lat' dir='ltr'><strong>obiecti</strong></span> <span class='ocrx_word' id='word_1_325' title='bbox 818 4011 987 4090; x_wconf 83' lang='lat' dir='ltr'><strong>qualitate.</strong></span> 
     </span>
    </p>

    <p class='ocr_par' dir='ltr' id='par_1_13' title="bbox 158 4107 1471 4724">
     <span class='ocr_line' id='line_1_39' title="bbox 247 4107 1471 4191; baseline -0.002 -17"><span class='ocrx_word' id='word_1_326' title='bbox 247 4111 299 4175; x_wconf 76' lang='lat' dir='ltr'><strong>Es</strong></span> <span class='ocrx_word' id='word_1_327' title='bbox 322 4132 354 4173; x_wconf 85' lang='lat' dir='ltr'><strong>se</strong></span> <span class='ocrx_word' id='word_1_328' title='bbox 378 4131 480 4191; x_wconf 88' lang='lat' dir='ltr'><strong>parva</strong></span> <span class='ocrx_word' id='word_1_329' title='bbox 504 4109 662 4173; x_wconf 86' lang='lat' dir='ltr'><strong>admixtio</strong></span> <span class='ocrx_word' id='word_1_330' title='bbox 680 4108 805 4171; x_wconf 88' lang='lat' dir='ltr'><strong>alienae</strong></span> <span class='ocrx_word' id='word_1_331' title='bbox 821 4107 988 4183; x_wconf 86' lang='lat' dir='ltr'><strong>materiae,</strong></span> <span class='ocrx_word' id='word_1_332' title='bbox 1014 4129 1096 4187; x_wconf 87' lang='lat' dir='ltr'><strong>quae</strong></span> <span class='ocrx_word' id='word_1_333' title='bbox 1113 4108 1289 4187; x_wconf 86' lang='lat' dir='ltr'><strong>aliquando</strong></span> <span class='ocrx_word' id='word_1_334' title='bbox 1306 4110 1471 4175; x_wconf 83' lang='lat' dir='ltr'><strong>adhibetur</strong></span> 
     </span>
     <span class='ocr_line' id='line_1_40' title="bbox 158 4196 1471 4279; baseline -0.001 -15"><span class='ocrx_word' id='word_1_335' title='bbox 158 4200 199 4264; x_wconf 87' lang='lat' dir='ltr'><strong>ad</strong></span> <span class='ocrx_word' id='word_1_336' title='bbox 223 4200 390 4263; x_wconf 87' lang='lat' dir='ltr'><strong>meliorem</strong></span> <span class='ocrx_word' id='word_1_337' title='bbox 421 4203 551 4279; x_wconf 80' lang='lat' dir='ltr'><strong>gustum</strong></span> <span class='ocrx_word' id='word_1_338' title='bbox 583 4198 787 4261; x_wconf 84' lang='lat' dir='ltr'><strong>efficiendum</strong></span> <span class='ocrx_word' id='word_1_339' title='bbox 812 4198 863 4260; x_wconf 84' lang='lat' dir='ltr'><strong>vel</strong></span> <span class='ocrx_word' id='word_1_340' title='bbox 895 4196 993 4261; x_wconf 87' lang='lat' dir='ltr'><strong>etiam</strong></span> <span class='ocrx_word' id='word_1_341' title='bbox 1028 4201 1064 4260; x_wconf 90' lang='lat' dir='ltr'><strong>ut</strong></span> <span class='ocrx_word' id='word_1_342' title='bbox 1094 4196 1209 4277; x_wconf 82' lang='lat' dir='ltr'><strong>melius</strong></span> <span class='ocrx_word' id='word_1_343' title='bbox 1240 4199 1346 4279; x_wconf 85' lang='lat' dir='ltr'><strong>possit</strong></span> <span class='ocrx_word' id='word_1_344' title='bbox 1370 4200 1471 4263; x_wconf 82' lang='lat' dir='ltr'><strong>vinum</strong></span> 
     </span>
     <span class='ocr_line' id='line_1_41' title="bbox 158 4286 1470 4363; baseline -0.003 -10"><span class='ocrx_word' id='word_1_345' title='bbox 158 4290 358 4363; x_wconf 86' lang='lat' dir='ltr'><strong>conservari,</strong></span> <span class='ocrx_word' id='word_1_346' title='bbox 393 4309 456 4351; x_wconf 88' lang='lat' dir='ltr'><strong>nou</strong></span> <span class='ocrx_word' id='word_1_347' title='bbox 488 4296 639 4352; x_wconf 84' lang='lat' dir='ltr'><strong>censetur</strong></span> <span class='ocrx_word' id='word_1_348' title='bbox 669 4287 700 4349; x_wconf 92' lang='lat' dir='ltr'><strong>in</strong></span> <span class='ocrx_word' id='word_1_349' title='bbox 725 4286 864 4350; x_wconf 87' lang='lat' dir='ltr'><strong>humano</strong></span> <span class='ocrx_word' id='word_1_350' title='bbox 889 4286 1080 4349; x_wconf 85' lang='lat' dir='ltr'><strong>conrmereio</strong></span> <span class='ocrx_word' id='word_1_351' title='bbox 1111 4286 1258 4351; x_wconf 86' lang='lat' dir='ltr'><strong>defectus</strong></span> <span class='ocrx_word' id='word_1_352' title='bbox 1283 4288 1470 4353; x_wconf 87' lang='lat' dir='ltr'><strong>essentialis.</strong></span> 
     </span>
     <span class='ocr_line' id='line_1_42' title="bbox 159 4374 1471 4456; baseline -0.002 -16"><span class='ocrx_word' id='word_1_353' title='bbox 159 4379 264 4443; x_wconf 83' lang='lat' dir='ltr'><strong>Aliter</strong></span> <span class='ocrx_word' id='word_1_354' title='bbox 287 4382 414 4454; x_wconf 87' lang='lat' dir='ltr'><strong>tamen,</strong></span> <span class='ocrx_word' id='word_1_355' title='bbox 447 4376 473 4440; x_wconf 89' lang='lat' dir='ltr'><strong>si</strong></span> <span class='ocrx_word' id='word_1_356' title='bbox 498 4376 608 4456; x_wconf 87' lang='lat' dir='ltr'><strong>agitur</strong></span> <span class='ocrx_word' id='word_1_357' title='bbox 641 4376 679 4438; x_wconf 89' lang='lat' dir='ltr'><strong>de</strong></span> <span class='ocrx_word' id='word_1_358' title='bbox 704 4375 779 4438; x_wconf 80' lang='lat' dir='ltr'><strong>vino</strong></span> <span class='ocrx_word' id='word_1_359' title='bbox 804 4397 861 4456; x_wconf 88' lang='lat' dir='ltr'><strong>pro</strong></span> <span class='ocrx_word' id='word_1_360' title='bbox 886 4396 928 4438; x_wconf 79' lang='lat' dir='ltr'><strong>ss</strong></span> <span class='ocrx_word' id='word_1_361' title='bbox 954 4374 1075 4437; x_wconf 79' lang='lat' dir='ltr'><strong>ltlissae</strong></span> <span class='ocrx_word' id='word_1_362' title='bbox 1099 4375 1274 4450; x_wconf 86' lang='lat' dir='ltr'><strong>sacrificio,</strong></span> <span class='ocrx_word' id='word_1_363' title='bbox 1307 4377 1471 4442; x_wconf 90' lang='lat' dir='ltr'><strong>dummodo</strong></span> 
     </span>
     <span class='ocr_line' id='line_1_43' title="bbox 160 4463 1471 4546; baseline -0.002 -18"><span class='ocrx_word' id='word_1_364' title='bbox 160 4488 222 4528; x_wconf 88' lang='lat' dir='ltr'><strong>non</strong></span> <span class='ocrx_word' id='word_1_365' title='bbox 246 4472 364 4546; x_wconf 83' lang='lat' dir='ltr'><strong>agatur</strong></span> <span class='ocrx_word' id='word_1_366' title='bbox 388 4467 427 4530; x_wconf 89' lang='lat' dir='ltr'><strong>da</strong></span> <span class='ocrx_word' id='word_1_367' title='bbox 452 4487 490 4529; x_wconf 90' lang='lat' dir='ltr'><strong>ea</strong></span> <span class='ocrx_word' id='word_1_368' title='bbox 515 4465 585 4528; x_wconf 88' lang='lat' dir='ltr'><strong>sola</strong></span> <span class='ocrx_word' id='word_1_369' title='bbox 609 4464 808 4528; x_wconf 87' lang='lat' dir='ltr'><strong>admixtione</strong></span> <span class='ocrx_word' id='word_1_370' title='bbox 832 4463 1005 4538; x_wconf 87' lang='lat' dir='ltr'><strong>alcoolica,</strong></span> <span class='ocrx_word' id='word_1_371' title='bbox 1038 4484 1121 4543; x_wconf 88' lang='lat' dir='ltr'><strong>quae</strong></span> <span class='ocrx_word' id='word_1_372' title='bbox 1152 4464 1193 4526; x_wconf 91' lang='lat' dir='ltr'><strong>ad</strong></span> <span class='ocrx_word' id='word_1_373' title='bbox 1218 4468 1471 4532; x_wconf 85' lang='lat' dir='ltr'><strong>conservandum</strong></span> 
     </span>
     <span class='ocr_line' id='line_1_44' title="bbox 159 4551 1471 4633; baseline 0.001 -16"><span class='ocrx_word' id='word_1_374' title='bbox 159 4559 192 4618; x_wconf 91' lang='lat' dir='ltr'><strong>et</strong></span> <span class='ocrx_word' id='word_1_375' title='bbox 216 4556 489 4620; x_wconf 84' lang='lat' dir='ltr'><strong>transvehendum</strong></span> <span class='ocrx_word' id='word_1_376' title='bbox 516 4555 626 4616; x_wconf 81' lang='lat' dir='ltr'><strong>vinum</strong></span> <span class='ocrx_word' id='word_1_377' title='bbox 651 4553 748 4617; x_wconf 88' lang='lat' dir='ltr'><strong>etiam</strong></span> <span class='ocrx_word' id='word_1_378' title='bbox 773 4574 831 4633; x_wconf 89' lang='lat' dir='ltr'><strong>pro</strong></span> <span class='ocrx_word' id='word_1_379' title='bbox 848 4553 948 4615; x_wconf 82' lang='lat' dir='ltr'><strong>Missa</strong></span> <span class='ocrx_word' id='word_1_380' title='bbox 971 4553 1011 4615; x_wconf 86' lang='lat' dir='ltr'><strong>ab</strong></span> <span class='ocrx_word' id='word_1_381' title='bbox 1036 4551 1232 4616; x_wconf 86' lang='lat' dir='ltr'><strong>auctoritate</strong></span> <span class='ocrx_word' id='word_1_382' title='bbox 1256 4556 1471 4620; x_wconf 85' lang='lat' dir='ltr'><strong>ecelesiastica</strong></span> 
     </span>
     <span class='ocr_line' id='line_1_45' title="bbox 159 4641 1470 4724; baseline 0.002 -21"><span class='ocrx_word' id='word_1_383' title='bbox 159 4644 316 4724; x_wconf 88' lang='lat' dir='ltr'><strong>permissa</strong></span> <span class='ocrx_word' id='word_1_384' title='bbox 341 4652 400 4710; x_wconf 87' lang='lat' dir='ltr'><strong>est.</strong></span> <span class='ocrx_word' id='word_1_385' title='bbox 448 4645 533 4708; x_wconf 86' lang='lat' dir='ltr'><strong>Nam</strong></span> <span class='ocrx_word' id='word_1_386' title='bbox 559 4644 585 4706; x_wconf 87' lang='lat' dir='ltr'><strong>si</strong></span> <span class='ocrx_word' id='word_1_387' title='bbox 610 4642 673 4706; x_wconf 87' lang='lat' dir='ltr'><strong>alia</strong></span> <span class='ocrx_word' id='word_1_388' title='bbox 699 4641 788 4705; x_wconf 84' lang='lat' dir='ltr'><strong>iacta</strong></span> <span class='ocrx_word' id='word_1_389' title='bbox 812 4646 863 4704; x_wconf 88' lang='lat' dir='ltr'><strong>est</strong></span> <span class='ocrx_word' id='word_1_390' title='bbox 888 4641 1054 4709; x_wconf 82' lang='lat' dir='ltr'><strong>admixtio,</strong></span> <span class='ocrx_word' id='word_1_391' title='bbox 1080 4641 1189 4704; x_wconf 82' lang='lat' dir='ltr'><strong>viuum</strong></span> <span class='ocrx_word' id='word_1_392' title='bbox 1215 4663 1274 4723; x_wconf 94' lang='lat' dir='ltr'><strong>pro</strong></span> <span class='ocrx_word' id='word_1_393' title='bbox 1293 4643 1395 4709; x_wconf 87' lang='lat' dir='ltr'><strong>Missa</strong></span> <span class='ocrx_word' id='word_1_394' title='bbox 1417 4647 1470 4717; x_wconf 90' lang='lat' dir='ltr'><strong>est,</strong></span> 
     </span>
    </p>
   </div>
   <div class='ocr_carea' id='block_1_12' title="bbox 0 0 1558 5168">
    <p class='ocr_par' dir='ltr' id='par_1_14' title="bbox 0 0 1558 5168">
     <span class='ocr_line' id='line_1_46' title="bbox 0 0 1558 5168; baseline 0 0"><span class='ocrx_word' id='word_1_395' title='bbox 0 0 1558 5168; x_wconf 95' lang='lat' dir='ltr'><strong> </strong></span> 
     </span>
    </p>
   </div>
  </div>
 </body>
</html>
