3106 5168
162 290 229 357 476
303 280 1350 353 Davirvuh‘bneetofficiiaergahominea-Off.oircehomxtem

163 462 293 531 iustitia
307 461 448 546 quadam
462 459 659 548 promiserit.
690 460 765 527 Hae
779 460 871 527 solae
884 459 1031 527 rationes
1045 463 1133 539 sunt,
1156 458 1199 528 ob
1213 480 1298 545 quas
1312 458 1366 527 ius
1379 458 1486 546 neptis

164 573 243 619 num
257 550 412 630 adiuerit,
433 548 539 636 possit
554 549 684 634 quaeri;
707 570 785 615 nam
806 568 849 615 ex
871 552 1071 617 testamento
1094 550 1142 616 illi
1163 548 1216 615 ius
1236 548 1363 615 nullum
1379 554 1486 617 ortum

164 661 239 708 esse
263 643 368 725 patet.
1202 712 1216 719 ,

257 728 509 815 chrysanthum,
533 748 608 794 cnm
629 746 791 793 summam
805 726 897 793 illam
919 727 1010 812 nepti
1025 726 1223 811 assignaret,
1246 726 1288 793 de
1311 726 1487 795 donatione

166 817 332 902 cogitasse
354 821 455 900 atque
477 815 568 902 nepti
592 816 804 895 consuluisse,
828 836 868 882 ac
883 816 912 882 si
927 822 1016 884 esset
1030 836 1113 883 vera
1134 815 1279 897 donatio,
1303 838 1348 885 ex
1370 817 1487 901 agendi

164 906 294 975 ratione
323 910 359 975 ot
387 904 642 974 circumstantiis
669 909 781 990 patet3
810 905 990 991 perlectam
1021 909 1131 973 autern
1160 926 1226 973 non
1252 906 1358 973 inisse
1387 905 1487 973 dona·

164 996 286 1064 tionem
310 996 411 1063 etiam
434 998 538 1080 patet,
562 1014 602 1061 eo
625 993 713 1078 quod
727 994 811 1061 alias
832 993 921 1061 tituli
943 993 992 1061 illi
1005 995 1185 1082 pecuniarii
1200 993 1395 1079 transcripti
1418 1014 1488 1060 esse

164 1085 355 1152 debuissent
377 1088 478 1168 atque
500 1083 623 1151 nomini
644 1083 753 1167 neptis
775 1082 944 1169 adscripti.
959 1122 1005 1133 -
1020 1084 1142 1151 Verum
1165 1082 1309 1165 eoquod
1330 1083 1489 1151 accedant

163 1173 302 1242 servitia
324 1195 346 1241 a
367 1179 466 1260 nepte
488 1172 659 1258 praestita,
682 1173 712 1238 si
733 1172 881 1251 sistimus
902 1172 937 1238 in
958 1172 1183 1257 promissione,
1199 1192 1284 1256 quae
1306 1172 1489 1240 certissime

165 1264 262 1331 adest
284 1266 384 1346 atque
406 1263 472 1329 iam
501 1261 630 1346 implori
660 1262 785 1346 coepit,
817 1262 900 1327 haec
922 1282 987 1328 non
1010 1281 1052 1327 ex
1074 1281 1166 1328 mera
1188 1260 1394 1329 liberalitate
1416 1282 1489 1347 pro-

165 1352 284 1430 oessit,
306 1351 365 1417 sed
388 1372 432 1419 ex
454 1351 595 1433 quodam
619 1350 729 1417 debito
751 1350 1073 1436 recompensationis.
1119 1348 1329 1436 Quapropter
1351 1372 1420 1417 non
1441 1357 1490 1419 est

164 1462 244 1509 vero
267 1439 426 1515 absimile,
450 1439 567 1506 adesse
589 1437 835 1525 promissionem
859 1460 933 1505 oum
956 1439 1097 1524 quadam
1119 1439 1266 1508 iustitiae
1288 1439 1489 1523 obligatione

164 1534 330 1614 suscepta.
376 1527 496 1613 Neptis
524 1528 583 1595 illa
612 1527 682 1595 iure
710 1549 769 1595 suo
799 1528 849 1595 ita
875 1528 1043 1612 negotium
1065 1528 1251 1596 consideret
1272 1532 1378 1613 atque
1399 1535 1490 1616 petat

164 1622 238 1687 tuto
261 1618 377 1686 titulos
400 1623 438 1685 ut
459 1616 522 1684 sibi
544 1616 682 1685 debitos.

102 1728 155 1785 ⁹87
254 1714 293 1781 R.
319 1717 350 1782 2.
395 1714 518 1781 Verum
549 1714 616 1781 alia
645 1713 795 1798 quaestio
826 1715 948 1795 oritur,
980 1737 1057 1782 num
1087 1713 1338 1783 administrator
1371 1737 1489 1783 musae

165 1802 240 1890 piae
262 1803 456 1887 obligationi
478 1803 653 1889 probabili,
681 1803 710 1870 si
740 1808 833 1871 certa
854 1825 919 1871 non
942 1807 1010 1881 est,
1033 1804 1139 1887 possit
1160 1802 1359 1871 mtisiacere
1381 1805 1415 1872 in
1439 1807 1489 1871 de

164 1893 355 1961 trimentum
378 1892 482 1978 ipsine
497 1911 617 1960 musae
639 1892 724 1978 piae,
748 1892 840 1960 cuius
861 1894 947 1959 bona
962 1896 1098 1976 sperata
1114 1913 1155 1959 eo
1169 1892 1242 1978 ipso
1258 1892 1488 1962 diminuantur.

165 1982 364 2067 Principium
387 1981 473 2049 enim
497 2003 539 2048 ex
561 1982 632 2048 iure
655 1982 810 2048 canonico
826 1986 861 2048 ot
875 1983 1024 2047 Romano
1038 1980 1101 2047 hoo
1115 1982 1265 2059 hahetur,
1288 1987 1339 2061 ut,
1363 1984 1490 2067 qnando

165 2070 298 2138 dubium
321 2070 464 2149 exsistit,
486 2071 521 2138 in
539 2075 683 2157 paritate
704 2070 784 2137 iuria
806 2071 919 2137 vineat
941 2091 1043 2137 causa
1064 2071 1130 2155 pia.

254 2168 293 2237 R.
318 2172 348 2237 3.
394 2167 614 2235 Nihilominus
646 2188 763 2234 censeo
791 2166 853 2233 hoc
883 2166 1076 2253 principium
1106 2170 1218 2235 valere
1247 2188 1314 2234 non
1338 2168 1488 2253 massin

36 2262 40 2271 '
137 2256 314 2331 ,levorem
337 2258 530 2325 testamenti
553 2256 790 2340 Chrysanthos.
835 2256 923 2323 Nam
952 2262 1184 2341 praeterquam
1212 2258 1303 2340 quod
1333 2258 1489 2325 auxilium

166 2346 296 2432 puellae
318 2346 479 2430 indigenti
501 2345 735 2430 praestandum
758 2348 800 2411 eit
821 2349 917 2413 aiom
940 2368 1039 2412 cocao
1061 2349 1119 2432 pie
1141 2345 1189 2422 (in
1210 2346 1283 2413 iure
1307 2347 1415 2426 onim,
1438 2346 1489 2414 ubi

166 2454 287 2501 musae
318 2434 392 2519 piae
423 2436 521 2501 lavor
539 2433 597 2500 ille
618 2434 756 2518 potioris
777 2433 858 2500 iuris
889 2433 1058 2509 tribuitur,
1092 2439 1330 2501 enumerantur
1359 2441 1492 2521 praetor

166 2523 251 2591 alias
274 2544 392 2590 causas
414 2523 486 2607 pias
508 2542 645 2589 musae:
668 2522 877 2603 matrimonii,
901 2522 997 2601 dotis,
1021 2522 1203 2601 viduarum,
1227 2524 1430 2609 pupillorum
1449 2560 1490 2573 -

167 2611 210 2678 cf.
239 2612 295 2678 lh.
318 2634 360 2679 m.
384 2612 416 2690 I,
449 2610 548 2695 808),
583 2612 768 2694 negandum
798 2618 850 2682 est
878 2613 995 2679 adesse
1025 2632 1069 2677 ex
1094 2632 1169 2679 sese
1196 2612 1279 2679 iuris
1304 2618 1490 2699 paritatem.

166 2698 273 2766 (lausa
295 2700 404 2785 neptis
427 2699 514 2766 illins
536 2721 578 2766 ex
593 2720 667 2766 sese
682 2706 734 2768 est
748 2702 885 2786 potioris
899 2700 988 2778 iuris,
1014 2722 1087 2766 enm
1103 2722 1167 2767 non
1182 2700 1216 2767 in
1232 2722 1327 2769 mora
1348 2703 1490 2772 liberali·

165 2792 238 2856 tate
260 2788 319 2854 sed
340 2790 375 2855 in
398 2790 538 2872 quadam
560 2790 775 2857 retributione
790 2790 839 2856 rei
854 2793 1007 2873 receptae
1023 2790 1158 2864 nitatur,
1181 2791 1214 2856 in
1231 2812 1326 2858 mera
1347 2791 1489 2859 liberali·

166 2882 238 2945 tate
261 2884 372 2946 autem
396 2879 528 2946 donatio
563 2900 643 2962 erga
674 2880 859 2947 institutum
889 2878 970 2943 illud
1001 2878 1091 2963 pium
1120 2880 1221 2946 faeta.
1268 2878 1398 2956 Quare,
1432 2879 1490 2947 etsi

168 2988 270 3033 causa
292 2968 360 3035 litis
383 2969 425 3034 ad
448 2968 585 3033 iudicem
603 2968 857 3034 ecclesiasticum
875 2967 993 3032 deferri
1019 2967 1132 3051 possit,
1156 2973 1236 3053 puto
1252 2990 1429 3048 summam,
1452 2969 1489 3034 de

167 3077 231 3138 qua
254 3077 361 3122 sermo
384 3060 445 3135 est,
470 3076 542 3122 esse
558 3056 646 3139 nepti
663 3055 888 3139 Chrysanthos
911 3056 1134 3137 addicendam,
1158 3057 1212 3122 vel
1227 3058 1352 3123 saltem
1367 3080 1490 3125 annuos

164 3144 290 3210 reditus
313 3145 438 3211 siesse
461 3143 643 3211 solvendos.

104 3271 157 3326 988
256 3260 308 3325 An
332 3280 523 3336 ouansmuu
547 3262 587 3323 2¹²
609 3260 648 3325 R.
674 3262 702 3325 l.
741 3258 881 3341 Propter
903 3259 1009 3323 solum
1032 3260 1210 3343 periculum
1233 3261 1430 3340 imminens,
1452 3282 1490 3327 ne

165 3346 351 3415 institutum
375 3349 463 3431 pium
494 3347 749 3413 ecclesiasticum
779 3351 852 3412 tota
874 3346 1057 3414 hereditate
1080 3349 1308 3432 Chrysanthos
1332 3352 1488 3435 privetur.

166 3436 313 3503 illicitum
338 3438 402 3504 erit
426 3436 516 3502 adire
538 3436 676 3501 iudicem
700 3434 839 3509 civilem,
864 3441 1040 3517 antequam
1063 3439 1123 3503 fiat
1144 3443 1284 3504 conatus
1307 3461 1380 3507 rem
1404 3462 1488 3508 com·

166 3526 306 3607 ponendi
329 3547 401 3591 cum
425 3524 690 3590 administratore
712 3523 855 3591 instituti
870 3525 923 3589 vel
940 3524 1162 3591 ecclesiastico
1181 3528 1364 3611 superiore,
1388 3531 1489 3598 mani·

167 3613 289 3678 testato
313 3613 490 3698 proposito,
514 3613 542 3678 si
565 3613 716 3691 adfuerit,
741 3634 836 3678 secus
859 3614 1000 3679 adeundi
1022 3615 1119 3680 civile
1141 3615 1298 3682 tribunal.

255 3717 295 3782 R.
320 3720 350 3783 2.
397 3717 522 3784 Conatu
544 3718 708 3784 incessum
733 3717 838 3795 lacto,
870 3717 896 3782 si
927 3718 1070 3800 alioquin
1100 3740 1221 3785 causae
1245 3720 1489 3790 ecclesiastieae

167 3804 280 3870 civiles
303 3827 412 3870 eoram
435 3806 540 3871 indice
562 3806 646 3872 laico
670 3805 724 3888 agi
741 3807 847 3872 solent
863 3844 906 3854 —
922 3807 1008 3888 quod
1031 3808 1148 3873 alicubi
1172 3830 1232 3893 per
1256 3811 1490 3878 conventiones

167 3894 254 3959 inter
283 3894 442 3976 gubernio
471 3899 505 3960 et
538 3895 569 3961 S.
601 3896 734 3973 Sedem,
774 3895 893 3960 alicubi
922 3915 982 3977 por
1012 3899 1281 3964 consuetudinem
1314 3901 1490 3967 toleratam

168 3983 207 4049 fit
230 4021 272 4030 —
296 3982 405 4066 puella
434 3983 475 4048 ad
505 4004 597 4048 suam
621 4006 753 4050 oausam
777 3984 990 4049 evincendam
1012 3985 1152 4051 iudicem
1175 3988 1267 4053 odire
1290 3994 1422 4072 potest,
1454 4011 1489 4054 ec

167 4072 252 4153 quod
285 4071 414 4137 omnino
446 4092 548 4153 grave
580 4073 623 4138 sit
655 4074 684 4137 ei
715 4073 773 4137 illa
804 4095 931 4138 summa
964 4095 1095 4151 carere,
1128 4076 1156 4140 si
1188 4077 1285 4142 modo
1319 4080 1488 4145 fundatam

168 4159 297 4224 omnino
330 4181 421 4243 spem
452 4160 588 4236 habeat,
619 4165 656 4226 ut
688 4161 807 4227 vineat.
861 4162 946 4227 Nam
980 4163 1041 4228 hac
1074 4185 1132 4246 spe
1163 4186 1286 4247 magna
1320 4168 1490 4234 deficiente

168 4247 237 4312 sine
267 4269 366 4313 causa
395 4248 481 4332 pium
512 4249 697 4315 institutum
728 4250 872 4332 periculo
902 4251 1015 4332 gravis
1039 4253 1148 4318 damni
1174 4262 1375 4338 exponeret:
1408 4256 1489 4340 quod

170 4336 315 4401 illicitum
341 4342 400 4403 est.
424 4376 467 4383 -
491 4338 686 4419 Ceteroquin
710 4343 804 4420 patet
827 4360 978 4404 recursus
1003 4341 1140 4406 Romam
1163 4343 1347 4412 faciendus,

107 4459 159 4512 939
256 4449 309 4513 An
333 4471 522 4525 qonusmnn
546 4455 585 4516 3²²
615 4452 654 4516 R.
681 4455 710 4516 1.
757 4452 953 4518 Consensum
977 4454 1067 4519 illum
1093 4457 1230 4538 requiri,
1259 4462 1296 4524 ut
1321 4460 1490 4546 dispositio

169 4535 393 4618 Chrysanthus
416 4539 447 4602 in
472 4539 620 4605 favorem
645 4561 763 4604 causae
792 4542 866 4624 piae
889 4544 1015 4619 valeat,
1047 4552 1163 4610 contra
1192 4546 1243 4611 ins
1275 4552 1431 4618 naturale
1460 4554 1491 4615 et

169 4625 355 4689 contraius
378 4627 633 4693 ecclesiasticum
654 4634 721 4704 est;
746 4632 797 4693 est
819 4631 924 4696 inanis
948 4634 1117 4715 usurpatio
1141 4637 1355 4705 auctoritatis
1378 4640 1490 4716 civilia,
