3106 5168
359 277 550 334 voluntarium
569 281 597 333 at
615 279 737 334 volitum.
757 309 791 318 -
810 278 1000 333 voluntarium
1018 279 1188 333 indirectum.
1416 282 1436 347 5

199 458 252 520 An
276 475 466 530 ounnsrruu
491 457 529 518 2¹²
553 455 591 522 R.
620 460 646 520 1.
693 456 829 521 Furtum
853 454 949 533 illud,
976 455 1061 537 quod
1086 455 1210 521 vicinus
1233 477 1349 539 passus
1374 459 1461 535 est,8

107 548 200 610 certe
215 547 289 610 erat
305 566 326 610 a
341 543 418 609 Caio
437 546 584 627 omitum
605 548 714 610 utrum
738 549 848 610 autem
873 543 934 610 dici
958 544 1062 627 possit
1078 545 1298 610 voluntarium
1324 566 1435 623 necne,

108 633 231 717 pendet
261 633 302 698 ab
333 633 398 698 alia
429 633 635 715 quaestione,
668 638 777 699 utrum
801 633 869 698 Caii
899 633 986 699 aetio
1010 633 1072 698 dici
1096 635 1214 700 debeat
1239 633 1319 701 furti
1349 634 1436 700 illius

108 744 219 800 causa,
244 744 287 788 an
311 742 392 787 ausa
415 726 554 787 tantum.
594 721 643 787 Re
665 723 737 806 ipsa
761 722 823 787 fuit
846 743 946 787 causa
969 743 1029 805 per
1051 723 1201 788 accidens
1224 727 1353 789 tantum
1377 745 1436 789 seu

107 833 192 877 ansa
214 811 437 895 potiusquam
461 832 577 876 causa:
601 832 677 876 nam
696 812 857 878 actionem
881 832 974 876 suam
990 810 1087 876 Caius
1110 811 1348 878 rationabiliter
1372 834 1436 877 non

107 900 217 984 potuit
240 901 282 965 ad
305 902 456 965 effectum
479 900 566 965 illius
581 900 660 966 furti
684 902 847 983 ordinare,
872 901 929 965 sed
945 922 1018 965 cum
1041 920 1081 965 ea
1105 901 1305 965 solummodo
1322 901 1436 967 vellei-

107 996 214 1056 tatem
238 989 402 1072 quandam
431 989 519 1054 illius
541 989 622 1054 furti
652 988 773 1054 habere
803 989 919 1072 potuit.
966 990 1051 1055 Hinc
1074 989 1198 1055 furtum
1228 990 1308 1054 illud
1337 999 1372 1056 ul
1401 1014 1437 1056 rc

105 1087 248 1145 secutum
272 1078 349 1144 Caio
372 1099 437 1143 non
461 1081 513 1144 est
535 1077 742 1160 imputabile,
775 1080 889 1161 affectu
913 1099 969 1143 suo
998 1099 1135 1162 peccare
1158 1078 1286 1161 quidem
1318 1078 1435 1162 potuit,

106 1167 206 1250 idque
229 1167 284 1232 vel
308 1172 423 1233 contra
446 1167 632 1245 caritatem,
664 1167 692 1232 si
723 1167 784 1232 sibi
814 1167 938 1251 placuit
960 1167 992 1231 in
1017 1168 1135 1233 damno
1159 1167 1252 1234 utin
1275 1168 1361 1233 malo
1386 1167 1436 1232 sui

106 1255 217 1334 vicini,
243 1256 297 1321 vel
318 1256 417 1321 etiam
434 1258 553 1321 affectu
576 1256 766 1334 iniustitiae,
791 1256 818 1320 si
842 1256 948 1339 ipsum
970 1257 1053 1321 furis
1078 1257 1200 1323 furtum
1223 1256 1435 1340 approbavit:

106 1345 168 1411 sed
190 1345 252 1411 hoc
275 1366 340 1411 non
363 1345 495 1423 sufficit,
520 1350 556 1410 ut
572 1345 652 1411 furti
674 1345 761 1411 illius
777 1345 876 1410 realis
893 1345 1061 1412 exsecutio
1084 1345 1132 1411 illi
1151 1346 1256 1429 possit
1270 1346 1435 1429 imputari.

199 1451 237 1516 R..
264 1453 294 1517 2.
341 1451 378 1515 In
402 1453 536 1516 aecurrdo
561 1472 638 1515 casu
662 1451 775 1516 dilatio
800 1451 928 1533 quidem
957 1453 1160 1535 reparandae
1184 1452 1298 1518 domus
1322 1453 1436 1517 volun-

105 1540 196 1606 taria
227 1544 317 1616 erat;
348 1539 406 1605 sed
430 1540 617 1606 voluntaria
647 1561 711 1606 non
736 1547 808 1607 erat
837 1539 939 1604 laesio
970 1539 1027 1606 illa
1056 1541 1178 1607 inimici
1209 1561 1268 1625 per
1290 1541 1436 1624 tegulam

105 1631 243 1707 effecta,
275 1628 432 1711 siquidem
463 1629 547 1695 hanc
577 1629 611 1692 in
635 1629 814 1694 differenda
843 1629 1051 1712 reparatione
1081 1650 1145 1694 non
1176 1630 1339 1714 praevidit
1370 1631 1436 1696 ullo

106 1718 215 1797 niodo,
239 1738 346 1799 neque
367 1718 449 1784 haec
473 1740 493 1784 a
516 1718 697 1785 deliberata
720 1718 786 1783 Caii
812 1719 984 1783 voluntate
1005 1723 1165 1804 processit.
1212 1719 1303 1796 Quod
1326 1724 1436 1786 autem

106 1808 204 1873 huius
235 1807 354 1872 inimici
385 1807 465 1872 laesi
490 1807 639 1873 nuntium
663 1807 759 1872 Caius
782 1809 889 1873 lactus
913 1808 1021 1884 audit,
1052 1811 1177 1873 uelitum
1202 1809 1330 1890 quidem
1355 1808 1437 1875 facit

106 1918 182 1962 eam
198 1897 387 1974 laesionem,
404 1897 462 1961 sed
479 1918 542 1962 non
558 1897 777 1962 voluntariam
794 1917 899 1978 nsque
914 1897 1138 1980 imputabilem
1152 1897 1257 1979 quoad
1273 1898 1436 1979 sequelae.

197 2003 236 2067 R.
263 2004 293 2068 3.
339 2001 377 2065 In
407 2005 497 2067 tertio
528 2022 608 2066 casu
638 2002 792 2084 distingui
824 2007 936 2085 potest
967 2003 1119 2070 interitus
1149 2002 1267 2068 inimici
1296 2002 1364 2068 Caii
1394 2003 1462 2068 ab9

105 2090 245 2157 interitu
269 2089 406 2155 alterius
429 2089 568 2156 hominis
591 2090 690 2156 noxii.
737 2092 843 2156 Huius
873 2092 1025 2159 interitus
1055 2113 1159 2174 neque
1183 2092 1303 2158 volitus
1331 2113 1436 2174 neque

106 2179 280 2263 praevisus
304 2183 371 2256 est;
402 2200 480 2262 ergo
511 2200 575 2244 non
599 2183 651 2245 est
674 2181 751 2245 Caio
775 2181 979 2246 voluntarius
1002 2202 1107 2263 neque
1136 2181 1352 2265 imputabilis,
1383 2186 1436 2247 ut·

104 2272 146 2357 ut
169 2277 393 2354 consequenter·
415 2268 479 2335 fuit
502 2272 621 2335 celitus.

198 2366 313 2443 Quoad
335 2365 502 2431 interitum
527 2365 645 2430 inimici
677 2367 732 2431 ille
760 2372 849 2432 certe
873 2371 924 2433 est
953 2370 1066 2434 celitus
1090 2368 1129 2433 ob
1153 2370 1244 2432 initio
1252 2393 1265 2449 ,·
1294 2367 1435 2433 dubitari

107 2459 219 2522 autem
245 2459 364 2538 potest,
390 2476 465 2519 num
490 2456 552 2520 dici
576 2455 694 2521 debeat
714 2455 791 2520 Caio
815 2459 1023 2535 volitaturiua,
1048 2456 1206 2538 siquidem
1230 2457 1262 2521 in
1286 2458 1436 2540 ponenda

105 2545 165 2609 illa
195 2565 297 2610 causa
326 2543 464 2609 fortuita
502 2565 566 2608 non
603 2549 671 2610 tam
708 2545 911 2610 voluntatem
944 2566 1041 2627 quam
1072 2546 1273 2611 velleitatem
1306 2550 1435 2613 tantum

108 2633 240 2699 videtur
263 2633 409 2716 potuisse
432 2633 561 2698 habere.

199 2732 310 2812 Atque
336 2730 384 2796 ita
408 2731 514 2812 quoad
536 2729 824 2814 imputabilitatem
850 2731 936 2796 circa
960 2731 1080 2797 damna
1103 2752 1278 2814 eorumque
1301 2732 1435 2798 restitu-

106 2819 233 2887 tionem
257 2819 386 2885 omnino
411 2819 579 2885 dicendum
604 2825 664 2886 est.
690 2856 733 2865 —
763 2820 995 2897 Nihilominus,
1027 2842 1062 2885 re
1087 2841 1177 2885 mere
1204 2820 1435 2904 psychologice

108 2908 334 2987 considerata,
366 2909 520 2975 voluntas
542 2909 599 2974 illa
623 2909 781 2974 inferendi
807 2909 915 2974 damni
939 2910 1046 2993 potuit
1068 2911 1165 2993 plane
1189 2930 1261 2975 esse
1285 2909 1436 2976 affective

107 2997 238 3075 efficax,
266 3019 463 3080 quamquam
487 2998 654 3064 exsecutio
678 2999 781 3064 volita
804 3002 856 3064 est
879 2999 1080 3063 solummodo
1104 3020 1162 3082 per
1185 3020 1316 3064 causam
1342 3020 1435 3064 occa·

106 3086 267 3152 sionalem
292 3107 350 3152 seu
367 3108 498 3152 causam
523 3109 581 3171 per
597 3087 760 3165 accidens3
786 3093 985 3171 quapropter
1001 3088 1110 3169 aliquo
1126 3109 1223 3153 sensu
1240 3087 1302 3153 dici
1326 3092 1436 3170 potest
1524 3149 1528 3159 .

107 3179 266 3241 claranum
290 3175 369 3241 illud
385 3176 462 3241 Gaio
482 3177 713 3254 voluntarium,
738 3198 810 3242 cum
834 3178 904 3241 eius
928 3177 1013 3242 actio
1037 3198 1096 3260 per
1120 3177 1269 3242 accidens
1293 3177 1436 3243 evaserit

106 3288 209 3330 carcaa
232 3264 320 3330 illius
345 3265 463 3332 damni.

201 3362 323 3427 Verum
352 3362 386 3426 in
414 3363 475 3427 hac
505 3384 541 3427 re
571 3367 682 3446 potest
705 3384 777 3428 esse
800 3363 840 3427 lis
865 3364 904 3426 de
928 3364 1038 3428 verbo.
1085 3363 1179 3428 Etsi
1204 3363 1302 3428 realis
1326 3362 1435 3427 damni

108 3453 211 3517 illatio
234 3451 383 3530 sumitur,
409 3472 492 3533 quae
514 3472 624 3516 secum
642 3452 729 3517 ferat
750 3452 983 3533 obligationem
1007 3452 1235 3529 restitutionis,
1260 3452 1322 3516 dici
1338 3452 1436 3519 debet

108 3540 196 3606 hanc
223 3543 395 3606 illationem
423 3562 488 3605 non
515 3541 616 3605 fuisse
640 3561 717 3604 vere
741 3541 977 3619 voluntariam,
1009 3541 1066 3605 sed
1091 3541 1225 3607 volitem
1250 3562 1309 3624 per
1331 3562 1436 3623 quan-

108 3630 187 3695 dam
211 3629 429 3708 velleitatem,
460 3630 618 3711 siquidem
643 3629 783 3695 noluerit
813 3651 933 3713 ponere
957 3651 1088 3694 causam
1117 3653 1177 3716 per
1206 3653 1238 3695 ae
1268 3631 1435 3714 efficacem,

106 3719 169 3784 sed
192 3718 297 3783 solum
320 3740 378 3802 per
402 3719 552 3784 accidens
575 3719 741 3783 efficacem
766 3739 822 3782 seu
847 3719 1093 3784 occasionalem.
1112 3758 1155 3766 —
1176 3720 1299 3802 Affectio
1323 3720 1434 3785 Caium

107 3828 266 3893 peccasse
289 3812 347 3890 pat
367 3812 392 3874 t.

453 3998 779 4065 VOLUNTARIUM
807 3999 1092 4067 INDIRECTUM.

684 4167 794 4235 Casus.
821 4176 861 4243 (4)

202 4314 309 4374 Gneius
324 4315 479 4390 religiosus
494 4315 603 4375 omittit
619 4323 777 4376 consuetas
790 4318 998 4394 paenitentias,
1016 4323 1050 4378 ut
1064 4319 1179 4377 fruatur
1193 4318 1294 4395 pravis
1310 4319 1435 4377 motibus

105 4395 246 4465 orituris;
264 4395 337 4470 legit
351 4414 399 4454 res
415 4396 548 4454 curiosas
565 4397 664 4455 sciens
686 4416 718 4455 ee
732 4397 799 4455 inde
814 4417 969 4473 passurum
985 4418 1051 4456 esse
1066 4418 1187 4474 pravam
1203 4398 1434 4467 commotionem,

105 4476 159 4536 cui
182 4480 280 4534 tamen
303 4475 416 4534 studuit
443 4476 598 4547 resistere3
628 4497 684 4552 quo
713 4497 744 4535 se
769 4477 798 4534 in
820 4478 884 4535 utili
906 4478 1031 4537 scicntia
1053 4478 1202 4554 perficiat,
1232 4478 1319 4536 etiam
1347 4480 1435 4535 rebus

106 4555 208 4630 nragis
223 4555 388 4614 inhonestis
402 4556 535 4631 legendis
549 4557 693 4627 inhaeret,
713 4556 798 4632 idque
814 4559 988 4634 compluries
1010 4559 1051 4617 ita
1068 4565 1101 4617 ut
1114 4559 1230 4616 nesciat
1244 4557 1435 4631 distinguere,

105 4643 210 4697 utrum
231 4655 408 4695 consensum
429 4656 540 4713 pravae
561 4637 819 4714 concupiscentiae
841 4638 954 4696 dederit
975 4657 1082 4697 annon.
