3106 5168
172 281 237 345 498
666 279 707 333 Do
725 278 832 346 legibus
850 278 998 332 Ecclesiae.

170 454 284 520 labore
300 451 477 537 spirituali:
503 455 601 533 atque
619 450 718 518 etiam
734 452 884 534 magistri
906 451 1094 517 inferiorum
1112 449 1242 527 artium,
1266 450 1295 515 si
1310 471 1371 534 per
1386 452 1492 534 plures

171 542 270 608 horas
294 543 410 608 docere
434 541 553 606 debent
581 545 682 622 atque
711 562 769 625 per
798 542 935 606 multum
964 540 1160 606 locutionem
1183 540 1237 604 vel
1266 561 1326 624 per
1354 540 1490 606 multum

171 632 316 697 studium
338 630 434 695 nimis
458 630 650 711 fatigantur.
697 629 744 698 Cf.
774 631 829 697 Th.
853 653 893 696 m.
918 630 943 706 l,
969 632 1053 694 1216
1070 651 1140 711 sqq.

261 736 299 802 n.
317 739 347 802 2.
387 734 447 812 Qui
471 757 513 800 ex
536 757 669 801 munere
693 758 751 801 suo
775 736 827 801 vel
852 756 893 800 ox
916 740 1007 801 statu
1030 756 1089 799 suo
1113 734 1344 800 condicionevo
1363 735 1493 800 vivendi

170 826 259 890 hisce
283 824 448 891 laboribus
471 825 621 891 addictus
645 829 712 904 ost,
735 846 800 890 non
823 829 955 891 tenetur
976 824 1105 889 labores
1128 823 1363 902 intermittere,
1389 828 1427 890 ut
1449 824 1494 889 ie-

170 915 284 979 iunare
306 913 426 997 possit,
451 914 513 978 etsi
538 935 610 978 eum
635 935 698 979 non
722 918 840 996 urgeat
861 913 1028 978 laborandi
1053 912 1248 986 necessitas;
1272 913 1373 978 immo
1397 913 1494 978 facila

171 1008 391 1069 excusatura
414 1002 532 1067 ieiunio
562 1002 596 1067 in
624 1002 695 1086 ipso
725 1003 834 1084 aliquo
864 1003 916 1067 die
945 1003 1031 1067 festo
1061 1001 1272 1078 intermedio,
1306 1023 1372 1084 quo
1402 1002 1495 1067 labor

170 1091 409 1168 intermittitur,
433 1092 462 1156 si
477 1091 630 1156 videlicet
652 1091 810 1175 ampliore
833 1091 904 1157 cibo
927 1091 970 1156 ad
993 1091 1223 1157 refocillandas
1247 1090 1334 1156 vires
1357 1091 1493 1173 indiget.

169 1181 217 1247 At
240 1181 286 1258 ei,
314 1180 368 1263 qui
392 1181 542 1246 laborare
565 1201 630 1245 non
652 1181 752 1258 solet,
785 1179 897 1245 diebus
919 1180 1029 1244 ieiunii
1052 1180 1181 1245 labores
1205 1201 1278 1245 cum
1300 1179 1422 1245 ieiunio
1446 1181 1494 1245 in·

171 1269 396 1353 competibiles
419 1269 584 1353 suscipere
606 1290 671 1334 non
693 1270 773 1335 licet
795 1269 857 1334 nisi
881 1291 922 1334 ex
945 1269 1040 1351 gravi
1063 1289 1172 1335 causa.

108 1389 161 1444 978
260 1375 299 1442 R.
324 1378 354 1441 3.
401 1374 526 1440 Causae
549 1374 591 1439 ad
615 1375 867 1458 dispensandum
898 1374 1099 1441 sufficientes
1129 1377 1304 1439 censentur
1327 1394 1389 1439 cao
1412 1395 1493 1445 esso.

171 1485 254 1546 quae
277 1464 520 1528 similitudinem
546 1463 675 1545 quidem
698 1465 821 1529 habent
844 1485 916 1528 oum
941 1464 1047 1528 causis
1071 1462 1319 1538 excusantibus,
1346 1468 1492 1528 attamen

170 1573 281 1618 earum
306 1552 506 1634 gravitatem
528 1573 593 1617 non
617 1552 794 1635 attingunt.
842 1551 933 1629 Quod
956 1553 1098 1617 maxime
1121 1553 1221 1629 valet,
1245 1551 1429 1634 siquando
1453 1552 1491 1617 ad

169 1641 259 1706 illam
276 1661 408 1706 causam
424 1641 509 1707 ratio
525 1641 686 1724 quaedam
709 1641 883 1725 peculiaris
906 1642 946 1706 ob
963 1641 1045 1706 alias
1064 1640 1327 1707 circumstantias
1344 1642 1491 1707 accedat.

258 1755 298 1822 R.
323 1759 353 1822 4.
401 1755 434 1823 Si
464 1777 563 1822 causa
593 1756 703 1833 adest,
736 1756 775 1820 de
798 1777 863 1838 qua
886 1760 997 1821 tamen
1021 1756 1189 1821 dubitatur
1218 1755 1385 1836 graviter,
1417 1777 1491 1820 num

169 1843 312 1909 sufficiat
342 1845 384 1910 ad
414 1845 636 1911 excusandum
659 1867 679 1911 a
701 1845 837 1923 ieiunio,
869 1849 958 1911 certe
988 1844 1187 1928 dispensatio
1219 1849 1253 1909 et
1282 1843 1353 1927 peti
1384 1849 1492 1928 potest

169 1953 191 1997 a
213 1932 359 2011 subdito,
391 1934 601 2018 asuperiore
631 1938 742 2017 potest
772 1934 859 2011 dari;
889 1934 947 1998 sed
975 1933 1073 1999 etiam
1104 1932 1319 1998 communiter
1342 1933 1492 1998 habenda

168 2021 204 2086 in
233 2043 270 2087 eo
303 2043 382 2087 casu
412 2027 463 2088 est
493 2023 709 2108 dispensatio,
742 2027 779 2089 ut
809 2022 881 2104 quis
911 2044 932 2088 a
960 2021 1078 2087 ieiunio
1111 2043 1146 2086 se
1178 2021 1284 2107 possit
1314 2021 1491 2087 immunem

169 2110 300 2178 habere.

258 2214 298 2282 R.
324 2217 354 2281 5.
401 2215 435 2281 si
459 2215 643 2296 dubitatur,
667 2238 744 2282 num
768 2239 866 2283 causa
889 2217 1032 2284 sufficiat
1054 2217 1097 2282 ad
1120 2216 1391 2300 dispensandum,
1421 2237 1491 2281 cum

170 2308 261 2369 certo
285 2326 348 2369 non
372 2304 514 2371 sufficiat
538 2306 579 2371 ad
603 2307 841 2384 excusandum,
870 2328 939 2371 rem
963 2306 1088 2371 sincere
1112 2327 1276 2389 exponere
1299 2305 1398 2370 simul
1422 2326 1491 2370 cum

170 2392 330 2458 desiderio
354 2392 523 2459 habendae
547 2395 797 2478 dispensationis
820 2396 913 2474 licet,
948 2400 1046 2477 atque
1070 2395 1168 2461 etiam
1192 2393 1353 2478 superiori
1384 2394 1493 2459 licebit

168 2481 444 2565 dispensationem
468 2483 654 2561 concedere,
679 2505 884 2567 quamquam,
910 2487 947 2549 ut
970 2484 1135 2563 concedat,
1161 2505 1225 2549 non
1248 2487 1392 2549 tenetur.

258 2595 296 2662 R.
323 2598 352 2661 6.
399 2595 432 2660 Si
456 2601 646 2674 causaest,
677 2618 774 2680 quam
806 2599 847 2663 ad
878 2598 1098 2662 excusandum
1128 2597 1279 2662 sufficere
1308 2618 1376 2662 non
1401 2602 1491 2662 certo

169 2683 298 2767 quidem
315 2688 455 2762 constat,
480 2690 516 2751 at
531 2686 613 2751 satis
628 2686 849 2769 probabiliter,
870 2687 1024 2752 convenit
1040 2686 1167 2768 quidem
1185 2707 1345 2769 quaerere
1361 2686 1490 2769 dispen-

169 2773 346 2847 sationom3
371 2772 403 2836 in
420 2773 527 2853 rigore
551 2778 660 2839 tamen
685 2775 815 2852 sufficit,
839 2776 955 2840 iudicio
980 2777 1156 2859 prudenter
1171 2775 1331 2858 probabili
1356 2797 1393 2840 se
1417 2797 1490 2840 con·

168 2862 320 2927 formare.
368 2860 458 2937 Quod
482 2864 589 2927 notari
613 2865 765 2929 convenit
788 2886 846 2947 pro
871 2866 1079 2941 confessario,
1104 2864 1131 2928 si
1155 2864 1365 2947 dispensandi
1388 2864 1491 2929 facul·

168 2955 239 3017 tate
253 2949 431 3016 destitutus
447 2956 513 3027 est-3
530 2974 603 3017 nam
621 2953 654 3016 in
671 2953 827 3017 eiusmodi
841 2955 1000 3037 probabili
1016 2974 1115 3018 causa
1128 2958 1307 3018 excusante
1324 2956 1490 3019 decla-rore

168 3043 279 3122 potest
302 3039 408 3121 legem
431 3039 541 3105 ieiunii
565 3063 628 3105 non
653 3042 808 3123 obligare.

106 3189 157 3242 979
256 3166 309 3231 An
340 3189 529 3243 ouansrrun
554 3172 592 3234 3¹¹¹
622 3170 660 3234 lt.
690 3172 716 3235 1.
764 3169 934 3234 Usuardus
958 3189 1000 3231 ex
1023 3190 1058 3233 se
1086 3191 1149 3233 non
1175 3168 1304 3235 videtur
1328 3191 1349 3234 a
1373 3169 1490 3235 ieiunio

168 3276 241 3320 esse
265 3260 449 3322 excusatus
486 3258 571 3321 Fieri
595 3264 706 3323 tamen
722 3262 840 3340 potest,
866 3262 902 3322 ut
925 3258 1089 3323 bonafide
1112 3280 1148 3324 se
1167 3264 1362 3325 excusatum
1386 3263 1489 3343 putet,

167 3349 267 3425 atque
298 3345 516 3410 confessarius
540 3347 715 3428 prudenter
738 3348 853 3410 melius
881 3367 953 3411 esse
983 3347 1119 3425 iudicet,
1150 3369 1223 3411 eum
1253 3348 1286 3412 in
1318 3348 1490 3413 bonafide

168 3434 360 3515 relinquere,
379 3435 567 3511 adhortans,
585 3439 622 3500 ut
633 3437 760 3511 saltem,
774 3441 929 3516 quantum
943 3436 1110 3519 putaverit
1126 3435 1244 3517 ipsese
1257 3437 1491 3502 convenienter

168 3524 255 3585 ferre
272 3543 376 3605 posse,
402 3524 527 3607 aliquid
551 3525 668 3588 saltem
684 3524 744 3588 sibi
760 3524 943 3601 subtrahat,
969 3525 1021 3587 vel
1044 3523 1083 3587 iis
1099 3523 1222 3601 diebuS,
1239 3526 1357 3607 quibus
1377 3527 1489 3610 possit.

168 3610 298 3676 ieiunet.
346 3612 393 3676 bs.
418 3612 626 3693 Laymann
651 3613 671 3678 l.
690 3616 719 3689 l,
745 3616 785 3677 tr.
804 3615 833 3689 8,
859 3633 885 3677 c.
905 3616 934 3689 3,
960 3615 1027 3677 nb
1052 3613 1109 3692 (ex
1133 3613 1375 3696 sylvester,
1399 3616 1488 3689 Cai..

167 3699 198 3762 N
208 3721 324 3776 avar,
350 3700 464 3780 Tol),
489 3722 587 3782 supra
611 3702 671 3766 hoo
695 3701 758 3766 vol.
783 3722 813 3766 n.
842 3703 913 3767 118.

256 3805 294 3869 lt.
327 3808 356 3869 2.
412 3805 443 3869 Si
475 3811 584 3871 autem
616 3808 786 3871 Usuardus
817 3828 851 3870 ro
881 3807 952 3889 ipsa
982 3806 1167 3871 infirmioris
1197 3811 1249 3873 est
1279 3809 1487 3886 valetudinis

167 3913 309 3965 causam,
335 3914 417 3973 quae
441 3915 481 3956 ex
506 3901 600 3976 parte
622 3897 724 3971 adest,
752 3917 809 3958 our
824 3896 877 3958 lex
901 3895 1010 3960 ieiunii
1034 3895 1062 3958 ei
1086 3901 1298 3978 temperetur,
1324 3899 1488 3963 confessa·

167 3981 250 4055 rius,
281 3981 308 4045 si
333 3982 540 4063 dispensandi
564 3984 722 4048 facultate
753 3986 869 4067 pollet,
902 3985 1142 4066 dispensat-ione
1173 3991 1284 4067 potest
1315 3989 1486 4071 complere.

166 4092 230 4152 quo
253 4070 399 4135 securius
424 4072 573 4135 Usuardo
597 4073 694 4137 licoat
718 4094 830 4154 agero.⁸

255 4180 293 4242 n.
319 4182 347 4242 a.
390 4181 437 4242 De
461 4201 517 4242 esu
542 4181 696 4245 carnium.
722 4202 816 4260 quom
842 4180 872 4243 in
896 4181 1085 4261 vespertina
1109 4182 1225 4246 cenula
1247 4184 1302 4247 vel
1327 4206 1410 4250 cena
1433 4185 1486 4248 ad-

166 4265 277 4330 bibere
300 4269 384 4334 solet
408 4269 554 4350 exeeptis
577 4269 668 4332 feriis
691 4270 805 4335 sextis,
830 4269 1005 4334 difficultas
1030 4290 1092 4332 non
1117 4275 1178 4347 est,
1203 4271 1231 4334 si
1262 4275 1294 4352 1)
1318 4273 1486 4339 [isuardus

166 4355 207 4417 ad
231 4355 383 4419 ieiunium
404 4358 525 4439 reipsa
542 4380 605 4420 non
623 4363 762 4425 tenetur.
788 4363 886 4439 atque
911 4360 943 4438 2)
968 4359 1061 4421 simul
1084 4379 1159 4422 esus
1176 4361 1323 4427 carnium
1342 4364 1486 4428 omnibus

166 4443 278 4507 diebus
302 4451 433 4526 praeter
456 4447 555 4510 ferias
569 4447 595 4508 V
601 4447 613 4508 l
639 4468 696 4527 per
719 4447 878 4510 indultum
902 4448 1184 4529 quadragesimale
1208 4453 1404 4532 permissum
1428 4457 1484 4516 est.

167 4553 270 4613 neque
297 4535 330 4612 3)
353 4535 409 4598 illo
433 4535 598 4598 rorrcrssio
623 4534 720 4599 etiam
746 4537 852 4616 quoad
876 4559 940 4600 non
964 4537 1145 4601 ieiunantes
1170 4560 1328 4623 expresse
1354 4544 1394 4608 ad
1418 4542 1484 4606 uni·

166 4641 236 4684 cum
263 4625 490 4687 cornestionem
516 4626 577 4689 fuit
603 4624 765 4688 restricto.
