3106 5168
160 257 201 321 98
344 252 384 309 De
402 253 551 308 virtutibus
570 255 598 307 et
616 252 714 308 officiis
732 269 798 322 erge
815 251 911 309 Deum.
931 282 964 291 -
985 253 1108 309 Virtutes
1125 252 1303 324 theologicae.

541 445 644 514 SPES
669 446 860 525 uluseuu
884 447 1103 516 VIOLATIO.

724 595 835 663 casua
863 603 922 672 (54)

249 725 378 784 Melania
400 725 546 801 scrupulis
568 726 669 785 multis
690 725 820 802 agitata,
848 746 943 804 nuper
972 747 1039 787 cum
1059 727 1198 788 diuturna
1224 729 1391 789 tentatione
1422 730 1489 789 iati-

160 811 231 883 gata
252 812 346 876 esset,
366 805 485 864 tandem
507 805 612 877 cessit,
634 811 701 866 rata
722 826 756 867 se
776 813 822 867 tot
841 808 974 884 peccatis
994 808 1054 867 iam
1074 813 1211 868 onustam
1232 827 1310 881 esse,
1330 814 1364 868 ut
1383 829 1488 887 pamm

159 886 279 946 intersit
300 885 391 945 semel
411 884 537 962 amplius
557 905 716 962 peccasse;
748 907 784 946 ea
804 888 918 960 omnia,
950 887 977 948 si
998 889 1168 960 deleantur,
1189 888 1278 948 unica
1299 889 1488 950 confessione

33 964 44 983 ⁰
161 966 259 1026 deleri.
280 998 319 1007 —
341 966 451 1024 Verum
470 970 576 1042 postea
597 967 633 1026 de
652 966 717 1026 vita
738 973 860 1027 aeterna
887 968 1072 1044 assequenda
1097 969 1186 1045 plane
1207 969 1394 1045 desperavit,
1422 990 1488 1030 cum

160 1045 257 1105 nullus
279 1045 319 1105 sit
340 1045 420 1114 dies,
448 1065 505 1122 quo
527 1065 587 1105 uon
607 1046 719 1123 pluries
739 1066 831 1122 grave
860 1054 1014 1125 peccatum
1037 1049 1209 1121 contrahat,
1238 1049 1378 1126 quidquid
1399 1055 1490 1110 antea

160 1125 362 1203 proposuerit;
390 1125 446 1185 sibi
475 1125 579 1186 deesse
600 1127 680 1186 vires
707 1126 865 1187 immunem
893 1148 925 1187 ss
952 1129 1108 1202 servandi,
1136 1148 1232 1206 neque
1260 1135 1322 1189 tam
1350 1131 1489 1208 copiosas

160 1206 274 1282 gratias
295 1205 351 1265 sibi
374 1210 495 1283 praesto
516 1225 599 1276 esse,
628 1207 734 1283 quibus
755 1227 774 1266 a
794 1207 879 1284 gravi
906 1209 993 1286 lapsu
1020 1215 1238 1286 praeservetur.
1260 1242 1298 1251 —
1326 1208 1488 1288 Speciatim

159 1305 231 1346 vero
252 1287 348 1362 quoad
369 1293 487 1345 sextum
508 1291 698 1363 praeceptum
720 1306 803 1347 suam
823 1288 1024 1349 infirmitatem
1052 1296 1083 1349 et
1109 1289 1343 1349 imbecillitatem
1365 1296 1489 1368 experta

161 1371 215 1438 est,
239 1385 335 1442 neque
357 1366 446 1425 audet
466 1366 497 1424 in
519 1367 706 1427 confessione
726 1367 897 1444 promittere
919 1388 951 1429 se
972 1369 1097 1446 amplius
1118 1389 1178 1429 non
1198 1375 1398 1447 peccaturam,
1421 1371 1489 1448 quia

161 1453 242 1506 certa
257 1466 331 1518 sum,
352 1446 456 1522 inquit,
478 1446 508 1505 id
525 1465 592 1506 esse
613 1447 811 1524 impossibile;
832 1455 903 1508 ante
917 1449 1082 1526 quindecim
1097 1450 1161 1509 dies
1181 1450 1300 1527 elapsos
1321 1450 1387 1511 sine
1401 1450 1489 1511 dubio

160 1526 266 1586 iterum
288 1545 459 1603 peccavero,
482 1526 539 1586 etsi
560 1546 639 1586 nunc
659 1528 735 1587 nolo.

162 1633 340 1704 Quanmrna
362 1634 391 1690 1⁰
417 1632 485 1708 quid
507 1632 547 1691 sit
566 1652 645 1710 spes.

359 1722 389 1779 2ο
415 1721 484 1797 quid
505 1721 673 1799 desperatio
695 1727 725 1782 et
746 1722 954 1800 praesumptio.

360 1812 390 1869 3⁰
415 1811 559 1886 quomodo
580 1810 711 1871 Melania
730 1812 909 1888 peccaverit.

760 1996 896 2064 solutio.

102 2144 152 2198 194
251 2130 304 2193 Ab
327 2148 519 2204 euassrruu
545 2131 582 2194 1¹¹¹
605 2129 644 2196 R.
672 2133 700 2195 l.
747 2128 829 2213 Spes
855 2132 908 2194 eet
931 2127 1036 2194 virtus
1066 2127 1268 2213 theologica,
1299 2150 1364 2213 qua
1392 2128 1490 2196 horno

162 2218 194 2282 iu
218 2219 323 2283 Deum
348 2221 386 2284 ut
408 2219 552 2284 futuram
576 2239 668 2284 suam
699 2216 934 2284 beatitudinem
959 2216 1080 2295 tendit,
1111 2217 1208 2283 nixus
1239 2218 1273 2283 in
1303 2217 1406 2303 ipsius
1429 2219 1490 2286 Dei

162 2307 290 2392 potenti
313 2307 444 2385 auxilio,
469 2307 682 2389 benignitate,
707 2306 795 2371 fideli
817 2305 1040 2390 promissione.

251 2411 289 2479 lt.
316 2415 345 2478 2.
393 2411 474 2495 Spes
504 2411 605 2495 igitur
634 2416 669 2478 et
697 2410 816 2476 fiducia
846 2415 1001 2477 aeternae
1025 2409 1238 2478 beatitudinis
1265 2413 1490 2495 assequendae

162 2523 227 2567 non
250 2500 283 2565 in
306 2500 429 2567 nostris
452 2500 576 2565 viribus
600 2499 730 2578 nititur,
762 2500 819 2565 sed
842 2499 876 2565 in
899 2499 961 2565 Dei
982 2499 1108 2583 gratia,
1137 2521 1334 2584 quamquam
1357 2501 1490 2586 propria

163 2594 277 2656 nostra
289 2589 476 2673 cooperatio
489 2589 606 2655 nedum
621 2589 824 2667 excludatur,
837 2588 947 2673 potius
958 2590 1053 2654 firma
1065 2589 1236 2656 voluntate
1247 2589 1369 2655 includi
1381 2590 1488 2657 debet.

250 2695 290 2762 R.
313 2697 343 2761 3.
384 2696 474 2778 Spes,
500 2698 662 2778 quatenus
685 2693 717 2759 in
733 2695 794 2760 Dei
818 2693 940 2759 auxilio
964 2699 999 2760 et
1020 2694 1131 2777 gratia
1154 2693 1279 2772 nititur,
1303 2695 1490 2762 firmissima

163 2806 235 2850 esse
259 2784 372 2863 debet,
403 2783 521 2848 iniuria
544 2783 629 2848 enim
653 2788 742 2850 esset
764 2783 834 2849 Deo
858 2782 1022 2860 diffidere;
1053 2784 1111 2849 sed
1135 2789 1296 2866 quatenus
1324 2785 1489 2869 propriam

163 2873 424 2957 cooperationem
447 2872 592 2950 includit,
617 2872 767 2938 timorem
784 2893 864 2938 saue
879 2872 1034 2950 admittit,
1059 2872 1157 2938 immo
1180 2873 1370 2940 moderatus
1392 2875 1491 2940 timor

162 2961 375 3029 christianam
398 2982 489 3045 spem
513 2983 572 3046 per
595 2982 631 3027 se
655 2962 803 3028 comitari
827 2962 933 3028 debet.

104 3097 153 3151 195
251 3074 304 3141 Ao
327 3095 520 3152 ouassrruu
544 3078 583 3140 2¹n
605 3076 645 3141 R.
672 3079 700 3141 1.
743 3074 937 3159 Desperatio
961 3080 1012 3141 est
1036 3075 1163 3141 aversio
1180 3075 1362 3142 voluntatis
1379 3097 1401 3141 a
1415 3098 1490 3160 pro·

162 3165 329 3233 secutione
352 3168 509 3232 aeternae
531 3164 743 3231 beatitudiuis
767 3169 801 3230 et
824 3184 845 3229 a
867 3165 936 3229 Deo
960 3163 1151 3241 auxiliante,
1180 3185 1222 3230 ex
1246 3184 1284 3228 eo
1308 3165 1395 3246 quod
1419 3166 1491 3248 quis

162 3254 374 3323 beatitudiuis
390 3254 627 3321 assecutionem
644 3253 706 3319 sibi
728 3253 849 3319 iudicet
863 3252 1113 3336 impossibilem:
1136 3252 1207 3318 sive
1223 3252 1309 3334 quod
1324 3255 1490 3337 propriam

162 3343 386 3410 infirmitatem
413 3344 507 3408 nimis
531 3343 651 3409 timens
673 3343 814 3425 gratiam
839 3342 982 3407 divinam
1013 3363 1078 3408 uon
1101 3342 1287 3408 consideret
1309 3341 1405 3424 eique
1429 3343 1490 3409 dif-

162 3435 258 3511 fidat,
291 3433 360 3498 sive
384 3432 470 3515 quod
500 3432 649 3516 proprias
673 3431 760 3497 vires
789 3436 889 3513 atque
920 3431 1182 3516 cooperationem
1213 3430 1295 3499 nolit
1324 3431 1489 3511 adhibere,

163 3523 232 3587 sive
256 3522 342 3604 quod
372 3521 576 3586 aversionem
607 3520 721 3586 foveat
751 3541 831 3600 erga
854 3521 958 3585 Deum
981 3522 1078 3585 finem
1105 3541 1200 3585 suum
1224 3520 1384 3587 ultimum.
1431 3521 1491 3599 Qui

163 3611 489 3765 pfstlrgruusflmggus
512 3609 654 3674 omnium
678 3609 838 3692 pessimus
862 3615 922 3675 eet.
974 3611 1029 3677 iu.
1054 3632 1094 3675 m.
1125 3609 1157 3687 1,
1189 3612 1264 3676 310.
1311 3609 1360 3678 ef.
1391 3611 1491 3677 etiam

205 3722 223 3764 ο
278 3721 318 3763 rn
377 3748 383 3775 ,
453 3751 460 3763 .

254 3796 293 3862 lt.
318 3799 348 3860 2.
386 3794 661 3877 Adesperatione
684 3800 795 3861 tamen
819 3794 975 3878 distingui
992 3794 1088 3861 debet
1112 3793 1249 3861 deiectio
1273 3797 1434 3878 quaedam
1458 3802 1492 3864 et

164 3885 262 3951 timor
285 3884 401 3949 salutis
423 3883 675 3960 immoderatus,
700 3905 794 3966 quem
819 3884 993 3966 aliquando
1016 3884 1165 3951 homines
1188 3883 1318 3951 omnino
1342 3887 1437 3969 probi
1459 3891 1492 3953 et

165 3975 209 4058 pii
232 3973 411 4058 patiuntur,
437 3974 489 4038 vel
514 3973 613 4038 etiam
637 3994 701 4037 non
725 3973 794 4038 sine
818 3973 905 4039 omni
928 3975 1024 4058 culpa
1046 3974 1221 4042 sustinent.
1262 3973 1323 4051 Qui
1346 3975 1493 4042 nascitur

165 4085 207 4128 ex
230 4062 426 4147 imprudenti
451 4061 711 4127 consideratione
733 4063 934 4129 occultorum
958 4063 1019 4129 Dei
1051 4063 1240 4130 iudiciorum
1270 4068 1305 4129 et
1337 4085 1380 4129 ex
1403 4064 1492 4147 cogi·

164 4153 291 4220 tatione
314 4151 415 4217 solius
438 4152 599 4218 humanae
622 4150 832 4228 infirmitatis,
857 4153 985 4234 quando
1010 4154 1091 4218 haec
1114 4174 1179 4219 non
1202 4152 1393 4220 moderatur
1417 4175 1492 4220 con-

165 4239 362 4397 {idolrgtionf
398 4241 529 4306 divinae
564 4240 776 4323 benignitatis
811 4245 845 4306 et
880 4242 1128 4308 misericordiae.
1186 4242 1241 4308 Th.
1273 4265 1313 4308 m.
1335 4243 1376 4320 ¹1,
1411 4245 1491 4320 311;

206 4355 224 4396 o
282 4353 322 4396 ru
360 4352 419 4396 .c.

254 4429 293 4494 R.
319 4431 349 4494 3.
395 4429 571 4494 Peccatum
595 4428 724 4493 omnino
749 4427 946 4493 contrarium
972 4431 1024 4493 est
1042 4431 1277 4514 praesumptio,
1309 4450 1374 4512 qua
1397 4431 1493 4495 homo

166 4522 223 4584 aut
249 4517 346 4582 nimis
369 4517 440 4584 fidit
471 4516 609 4600 propriis
634 4517 772 4596 viribus,
803 4518 953 4600 neglecto
977 4517 1038 4583 Dei
1061 4518 1199 4595 auxili0;
1231 4523 1290 4585 aut
1320 4519 1417 4585 nimis
1441 4519 1492 4584 vel

165 4608 275 4692 potius
297 4607 483 4673 inordinate
506 4605 577 4672 fidit
605 4605 638 4670 in
663 4608 724 4673 Dei
747 4607 857 4690 gratia
887 4611 921 4673 et
945 4605 1183 4685 misericordia,
1215 4608 1331 4673 nolens
1362 4630 1404 4674 ex
1434 4629 1493 4674 sua
