3106 5168
173 278 238 342 364
311 274 351 329 Da
369 275 517 330 virtutibus
536 279 563 330 et
582 275 679 330 officiis
698 292 763 344 erga
782 275 911 329 homines.
930 304 966 313 -
984 275 1036 330 off.
1056 275 1128 331 circa
1145 277 1215 331 bona
1233 278 1357 331 externa.

173 454 260 527 sunt,
283 472 315 518 v,
332 471 364 534 g.
378 472 416 516 eo
433 452 518 534 quod
534 471 657 533 augere
673 451 813 518 debeant
829 453 948 529 dotem,
973 457 1010 518 ut
1024 452 1161 519 honeste
1176 453 1356 518 secundum
1373 455 1497 518 statum

172 561 267 605 suum
290 541 390 606 filiam
412 540 446 605 in
468 539 675 606 matrimonio
699 540 858 607 collocent
873 579 917 588 -
932 561 1128 623 quamquam
1146 541 1246 608 etiam
1269 541 1304 606 in
1334 540 1399 607 tali
1422 560 1497 605 casn

173 629 224 694 ius
247 633 282 694 et
306 629 463 711 obligatio
486 629 728 712 probabilitatis
744 629 865 695 limites
888 651 953 695 non
970 630 1133 696 excedunt
1157 629 1212 711 (cf.
1236 631 1346 694 Azor
1368 633 1451 696 tom.
1468 632 1497 706 3,

172 719 194 784 1.
219 720 250 795 5,
274 739 344 801 cap.
370 721 400 793 5,
424 717 491 784 diff.
516 720 560 799 9).
584 757 627 766 —
652 719 715 784 Sed
738 739 797 802 pro
821 719 892 784 sola
914 718 1042 795 iniuria,
1073 740 1170 801 quam
1192 723 1349 803 parentes
1373 719 1410 783 in
1432 718 1499 783 filia

172 806 354 872 minorenni
386 808 547 873 deflorata
578 807 754 874 videantur
791 806 877 890 pati,
918 807 1040 889 aliquid
1072 808 1262 892 parentibus
1294 807 1497 873 reddendum

172 916 245 961 esse
268 901 346 962 ante
368 895 475 978 legem
499 895 673 980 positivam
698 897 831 977 eiusque
855 917 914 981 per
936 897 1133 963 sententiam
1162 896 1277 962 iudicis
1301 894 1497 979 applicatio·

172 1005 264 1062 nem,
299 985 464 1051 sententia
496 990 548 1051 est
579 985 754 1067 singularis
784 985 1080 1062 Cordubensis,
1116 1006 1200 1068 quae
1231 984 1498 1050 communissima

171 1073 306 1139 reicitur
329 1072 373 1155 (v.
390 1075 498 1138 Azor
521 1075 542 1140 1.
567 1096 612 1150 c.;
636 1075 763 1157 Lugo,
787 1075 837 1140 De
859 1077 932 1140 iust.
958 1084 985 1140 et
1007 1078 1079 1140 iure
1100 1074 1182 1159 disp.
1201 1077 1253 1152 12,
1278 1096 1309 1139 n.
1328 1076 1376 1155 8).
1412 1074 1497 1139 Nam

172 1167 208 1229 ut
232 1184 275 1227 ex
297 1168 433 1246 peccato
456 1163 512 1228 illo
537 1184 609 1228 cum
632 1163 700 1228 filia
723 1167 880 1229 nascatur
902 1183 981 1228 vera
1004 1163 1122 1228 iniuria
1145 1184 1224 1245 erga
1247 1166 1419 1247 parentes,
1444 1162 1499 1227 de·

171 1251 241 1317 buit
273 1273 345 1316 esse
377 1251 495 1316 iniuria
528 1273 608 1334 erga
639 1251 749 1317 filiam.
796 1250 842 1318 nt
874 1251 955 1316 haec
987 1273 1052 1316 non
1075 1252 1170 1319 adest
1198 1252 1232 1316 in
1258 1251 1497 1317 consentiente.

171 1341 244 1405 Nisi
267 1340 369 1423 igitur
392 1346 450 1407 aut
473 1341 626 1405 damnum
643 1340 721 1405 illud
739 1341 908 1422 augendae
930 1340 1015 1406 dotis
1039 1344 1209 1407 causatum
1232 1341 1286 1417 sit,
1312 1345 1373 1407 aut
1389 1340 1498 1424 puella

171 1430 215 1494 sit
238 1429 334 1494 minis
357 1431 411 1495 vel
435 1429 579 1494 erroneis
602 1429 713 1495 verbis
742 1450 799 1494 seu
829 1429 914 1495 fictis
937 1429 1204 1513 promissionibus
1234 1430 1376 1495 seducta
1405 1427 1499 1510 (haec

171 1523 260 1584 esset
282 1519 401 1584 iniuria
425 1521 540 1583 contra
562 1519 721 1602 puellam,
754 1538 838 1600 qnae
861 1518 1022 1584 redundet
1052 1540 1094 1584 ex
1123 1518 1232 1602 puella
1255 1517 1444 1583 minorenni
1466 1517 1497 1582 in

170 1611 326 1691 parentes
345 1608 399 1672 vel
422 1607 455 1671 in
479 1629 535 1672 eos
558 1607 612 1689 qui
636 1628 746 1671 eorum
771 1607 877 1671 locum
900 1606 1045 1688 tenent):
1068 1608 1191 1674 mulcta
1213 1606 1272 1672 illa
1295 1607 1422 1673 iniuste
1446 1628 1499 1672 ac·

171 1700 278 1779 cepta,
302 1697 395 1778 proin
419 1695 490 1760 viro
513 1696 568 1760 isti
592 1695 758 1761 reddenda
782 1700 843 1762 est.

261 1792 292 1858 si
318 1814 396 1857 vero
420 1793 595 1858 secundnm
620 1786 1007 1876 explicationem'datam
1030 1799 1126 1876 pater
1145 1793 1300 1858 damnum
1325 1792 1499 1874 augendae

171 1881 257 1947 dotis
281 1882 367 1946 ferre
391 1882 503 1959 debet,
534 1882 625 1947 illum
655 1882 760 1966 ipsum
785 1902 954 1946 excessum
985 1881 1046 1946 hoc
1069 1882 1165 1948 titulo
1189 1881 1327 1964 exigere
1351 1903 1374 1946 a
1399 1881 1500 1947 divite

169 1969 234 2036 isto
258 1969 329 2036 viro
352 1974 472 2053 potest,
496 1992 561 2036 non
585 1972 733 2054 amplius.
750 2006 794 2014 —
811 1969 843 2034 Si
860 1971 989 2035 demum
1011 1974 1146 2054 propter
1160 1969 1267 2036 minas
1291 1971 1348 2034 vel
1364 1969 1500 2035 fraudes

169 2059 309 2143 primum
332 2059 486 2125 Claudiae
510 2065 544 2126 et
567 2081 626 2143 per
649 2080 720 2124 eam
737 2058 927 2142 parentibus
949 2058 1067 2124 iniuria
1091 2062 1141 2124 est
1163 2059 1273 2126 facta:
1297 2059 1385 2124 haec
1400 2059 1500 2124 aesti-

170 2147 346 2214 mationem
371 2153 495 2215 certam
520 2152 554 2214 et
577 2148 743 2215 definitam
768 2168 832 2211 non
855 2147 972 2222 babet:
1003 2151 1039 2213 at
1070 2147 1167 2212 facile
1197 2148 1327 2230 aliquot
1351 2147 1500 2213 centenis

170 2236 289 2302 marcis
322 2237 489 2304 aestimari
521 2242 632 2321 potest
662 2237 911 2320 compensanda.
959 2236 1031 2302 Etsi
1060 2236 1227 2318 igiturex
1251 2235 1378 2304 iniusto
1404 2237 1500 2303 titulo

170 2327 295 2392 mulcta
316 2327 374 2391 illa
398 2326 441 2392 sit
464 2327 626 2410 imposita,
657 2325 727 2391 fieri
750 2330 877 2408 potest,
908 2330 944 2391 nt
967 2345 1010 2390 ex
1032 2325 1097 2390 alio
1119 2324 1206 2390 iusto
1230 2324 1331 2390 titulo
1356 2326 1501 2392 retinere

170 2415 269 2481 liceat
292 2436 453 2480 summam
474 2416 621 2494 eandem,
646 2436 684 2480 ac
708 2414 801 2499 proin
817 2413 1034 2480 restitutionis
1050 2434 1092 2478 ex
1108 2413 1311 2494 obligatione
1327 2414 1500 2480 faciendae

170 2504 262 2569 100110
285 2525 350 2567 non
373 2503 426 2570 sit.

248 2719 387 2785 IUSSIO
413 2719 468 2783 ET
493 2719 749 2787 MANDATUM
774 2720 833 2788 UT
857 2718 1043 2784 TITULUS
1066 2718 1423 2787 RESTITUTIONIS.

725 2879 834 2945 Casus.
864 2885 939 2954 (223)

258 3017 372 3075 Rictius
393 3018 533 3076 famulum
555 3019 636 3077 iubet
657 3025 746 3077 noctu
770 3019 927 3077 incendere
949 3017 1037 3076 aedes
1059 3015 1121 3075 Caii
1142 3015 1272 3087 inimici,
1304 3017 1364 3076 viri
1394 3021 1501 3078 nobilis

169 3103 199 3155 et
220 3097 329 3155 divitis.
372 3098 455 3168 Quod
476 3098 604 3155 famulus
625 3099 668 3156 ita
689 3106 823 3175 prompte
845 3098 1030 3173 exsequitur,
1059 3103 1092 3154 ut
1119 3115 1177 3155 non
1200 3097 1299 3155 solum
1323 3097 1389 3157 Gaii
1413 3100 1501 3157 aedes

168 3177 318 3252 inquibus
339 3177 389 3235 ille
410 3178 534 3248 habitat,
556 3179 607 3236 sed
630 3179 718 3237 etiam
739 3180 801 3237 eins
816 3178 916 3235 villam
937 3178 1022 3235 leuca
1036 3177 1195 3235 distantem
1217 3177 1324 3235 eadem
1347 3185 1440 3238 nocta
1462 3180 1501 3237 in-

169 3258 271 3315 cendio
287 3258 459 3316 destrueret.
495 3258 646 3316 Laudatur
661 3279 678 3317 a
692 3260 799 3329 Rictio,
821 3259 896 3333 qnod
917 3265 978 3316 tam
998 3258 1079 3330 large
1101 3276 1184 3314 snam
1198 3257 1392 3317 voluntatem
1415 3260 1501 3317 inter·

169 3343 304 3413 pretatus
325 3337 372 3395 sit.

257 3417 338 3474 Idem
361 3437 425 3474 cum
447 3417 506 3474 alia
528 3417 594 3475 vice
615 3417 709 3476 simile
732 3417 799 3492 quid
820 3418 991 3475 mandasset
1018 3416 1069 3473 sed
1095 3421 1199 3491 postea
1227 3416 1351 3475 litteras
1383 3438 1502 3477 revoca-

169 3496 261 3553 torias
276 3497 412 3563 misisset,
436 3497 563 3555 famulus
583 3498 740 3573 suspicans
755 3498 843 3555 talem
860 3497 1098 3555 retractationem
1113 3495 1231 3552 litteras
1247 3496 1374 3556 clausas
1391 3509 1503 3567 servat,

170 3574 262 3632 donec
285 3595 345 3633 rem
366 3577 534 3634 mandatam
556 3578 739 3636 exsecutioni
763 3577 882 3635 dederit.

258 3654 387 3723 Hirtius,
416 3656 446 3713 in
467 3658 607 3716 missione
629 3658 789 3716 instituens
811 3656 1041 3725 confessionem,
1069 3655 1105 3712 ad
1127 3653 1226 3712 onmia
1247 3654 1303 3713 illa
1326 3656 1440 3716 damna
1461 3677 1502 3715 re·

169 3735 300 3808 paranda
323 3735 477 3808 obligatur.

170 3843 396 3913 111110111101110
422 3851 564 3906 mandans
593 3857 622 3907 et
650 3851 754 3907 iubens
777 3850 812 3906 ad
835 3848 1035 3924 (1110011110ηο
1063 3845 1229 3922 reparanda
1258 3852 1444 3922 teneantur,
1475 3858 1503 3908 et

421 3949 477 4002 qno
500 3930 608 3987 ordine.
1428 3946 1432 3953 '

367 4027 396 4079 2⁰
422 4032 539 4083 rectene
560 4027 736 4084 iudicaverit
758 4025 964 4083 confessarius,

367 4124 395 4178 3⁰
422 4123 503 4195 qnid,
534 4125 557 4180 si
587 4126 616 4182 in
646 4126 809 4200 posteriore
839 4143 910 4180 casu
937 4122 1054 4180 litterae
1082 4138 1120 4176 ex
1141 4119 1339 4194 neglegentia
1362 4126 1503 4184 officialis

420 4204 545 4277 pustulis
568 4206 662 4262 serius
685 4206 794 4262 famulo
817 4204 943 4261 traditae
965 4201 1032 4258 sint.

762 4388 895 4455 Solutio.

109 4537 158 4589 723
256 4525 307 4589 110
332 4548 521 4602 0011011011
549 4531 646 4595 1111.
676 4535 702 4595 l.
751 4532 867 4594 lubens
897 4529 952 4592 1110
982 4529 1047 4600 001,
1081 4523 1134 4604 qui
1166 4525 1263 4604 qnasi
1297 4535 1503 4599 auctoritato

168 4612 238 4692 agit
262 4620 295 4678 et
318 4616 481 4682 subditum
506 4619 620 4694 habet;
645 4620 805 4683 mandans
829 4640 892 4682 non
916 4613 1098 4680 necessario
1114 4612 1199 4677 hanc
1216 4619 1408 4697 superioris
1426 4644 1503 4704 erga
