3106 5168
160 283 223 346 128
371 279 411 333 De
429 279 579 334 virtutibus
597 282 626 334 et
644 279 742 334 officiis
760 295 825 347 erga
844 278 939 333 Deum.
958 278 1105 334 —Virtus
1122 277 1271 348 religionis.

158 456 263 521 solum
286 456 383 523 debet
406 477 479 522 esse
501 455 650 534 honesta,
675 456 732 522 sed
756 455 856 523 etiam
872 454 1106 521 maiora'bona
1122 455 1219 521 debet
1241 475 1306 520 non
1327 453 1485 540 impedire

158 545 311 628 —quod
336 545 551 612 communiter
580 546 626 610 sic
657 545 865 630 exprimitur:
900 544 1015 623 ,debet
1039 565 1112 610 esse
1142 544 1182 610 de
1209 544 1293 610 bono
1317 544 1480 613 meliore!

96 664 148 720 253
247 659 300 723 An
323 679 515 735 qnsrsrrun
539 662 578 724 2¹²
600 659 640 726 R.
662 662 691 726 1.
740 658 857 724 Omnia
884 679 969 742 quae
998 658 1196 743 impediunt,
1224 657 1397 742 quominus
1426 678 1484 724 ex·

157 747 255 814 sistat
277 749 379 813 libera
396 771 470 832 erqo
486 750 590 815 Deam
606 752 772 834 promissio
796 748 882 815 circa
904 768 985 826 rem,
1010 748 1050 814 de
1073 768 1137 830 qua
1160 746 1280 830 agitur,
1302 747 1486 832 impediunt

158 837 228 904 voti
250 837 407 904 valorem.

245 925 408 1010 Imprimis
439 925 503 990 huc
531 925 676 1010 pertinet
706 948 797 992 error
825 927 863 992 de
895 929 965 1011 ipsa
993 929 1056 992 voti
1084 934 1215 993 motura.
1261 924 1485 993 Habitualiter

157 1014 242 1079 enim
272 1015 391 1082 saltem
421 1014 497 1080 sciri
527 1015 641 1094 debet,
673 1014 749 1098 quid
779 1015 823 1081 sit
845 1036 968 1081 vovere
997 1036 1055 1080 seu
1082 1036 1259 1098 quamnam
1288 1013 1322 1080 id
1350 1014 1486 1081 inducat

157 1103 400 1187 obligationem.
446 1103 568 1181 Quodsi
598 1103 812 1171 habitualiter
840 1105 944 1171 scitur
974 1124 1033 1189 per
1055 1108 1170 1170 votum
1199 1103 1375 1188 specialem
1405 1125 1486 1186 erga

156 1193 261 1258 Deum
286 1193 519 1276 obligationem
543 1193 707 1273 contrahi,
738 1193 801 1259 etsi
831 1193 865 1258 id
895 1197 971 1259 actu
994 1213 1059 1259 non
1083 1193 1277 1258 obversetur
1299 1191 1401 1259 menti
1426 1213 1484 1258 ex·

156 1303 278 1365 presse,
304 1281 426 1349 sufficit
449 1283 530 1348 haec
553 1282 729 1348 habitualis
753 1281 907 1364 cognitio,
940 1285 977 1348 ut
999 1301 1115 1347 verum
1137 1285 1251 1348 votum
1274 1282 1346 1348 fieri
1368 1282 1483 1367 possit.

245 1388 283 1454 R.
309 1392 339 1455 2.
386 1390 492 1455 Error
515 1391 601 1453 eirca
623 1411 690 1455 rem
710 1392 919 1474 promissam,
950 1408 993 1453 ex
1022 1409 1086 1470 quo
1114 1392 1228 1454 votum
1258 1389 1318 1453 fiat
1347 1387 1482 1464 nullum,

154 1476 313 1561 imprimis
337 1498 428 1542 error
452 1481 503 1543 est
533 1480 620 1543 cirea
647 1480 696 1543 rei
717 1478 929 1544 substantiam
953 1477 1006 1541 vel
1033 1476 1121 1542 circa
1143 1497 1223 1554 rem,
1248 1498 1329 1562 qaae
1351 1478 1388 1541 ia
1409 1475 1485 1541 sab-

155 1570 307 1631 stantiam
329 1568 502 1631 redundat.
539 1566 583 1633 ,ut
601 1565 654 1632 hic
672 1566 761 1632 solus
782 1587 874 1631 error
892 1570 952 1644 est,
974 1565 1028 1648 qui
1047 1564 1155 1632 reddit
1172 1564 1319 1631 invalida
1337 1585 1378 1630 ea
1393 1569 1483 1644 vota,

156 1655 271 1737 quibus
295 1655 384 1721 vitae
406 1659 515 1720 status
538 1655 729 1722 assumitur:
760 1693 804 1704 -
831 1655 865 1721 in
888 1676 952 1738 quo
976 1655 1078 1720 habes
1101 1655 1237 1720 eandem
1260 1652 1483 1720 condicionem

156 1748 256 1827 atque
278 1744 314 1809 in
337 1743 553 1813 matrimonio

244 1832 337 1899 Alias
360 1837 488 1911 autem,
518 1833 552 1898 in
575 1833 663 1899 votis
690 1832 816 1899 seilicet
838 1830 993 1917 privatis,
1024 1830 1210 1899 nullitatem
1233 1830 1359 1899 inducit
1382 1830 1482 1897 etiam

155 1942 247 1987 error
263 1923 350 1987 circa
365 1923 450 1988 tales
472 1922 521 1988 rei
544 1921 818 2001 circumstantias,
842 1942 924 2004 quas
939 1921 968 1988 si
983 1942 1109 1989 vovens
1125 1919 1343 2005 cognovisset,
1367 1926 1482 1988 votum

155 2032 219 2077 non
243 2011 387 2079 fecisset.
438 2012 494 2080 m.
519 2034 560 2079 m.
584 2011 609 2089 I,
634 2015 709 2078 431.

93 2117 145 2173 254
244 2109 282 2175 R.
303 2112 333 2176 3.
372 2109 511 2176 Praeter
533 2130 676 2175 errorem
701 2110 841 2192 defectas
857 2110 1071 2174 adoertmtiae
1085 2111 1200 2174 votum
1218 2110 1330 2192 potest
1344 2106 1482 2174 reddere

154 2198 288 2264 nullum.
335 2197 467 2265 Scilicet
496 2219 532 2264 re
555 2219 635 2264 vera
658 2200 770 2264 votum
800 2198 838 2264 fit
867 2198 1009 2275 nullum,
1039 2197 1067 2263 si
1090 2196 1334 2264 inadvertentia
1356 2196 1412 2263 vel
1435 2196 1482 2261 in-

155 2288 372 2354 consideratio
396 2292 468 2354 erat
491 2287 585 2367 talis,
616 2292 653 2354 ut
684 2292 778 2354 actus
807 2308 872 2352 non
895 2289 984 2353 esset
1006 2284 1153 2370 perfecte
1176 2288 1346 2353 humanus.
1392 2285 1480 2351 Nam

154 2376 239 2442 siout
261 2377 348 2443 inter
369 2376 517 2442 homines
539 2375 687 2461 perfecta
717 2379 751 2442 et
780 2375 892 2458 gravis
916 2375 1073 2458 obligatio
1102 2396 1168 2441 non
1197 2375 1303 2442 oritur
1332 2396 1375 2440 ex
1405 2378 1483 2442 actu

154 2465 356 2550 imperfecto,
381 2466 429 2532 ita
451 2486 556 2548 neque
580 2471 732 2532 censetur
755 2485 795 2530 ea
817 2464 895 2531 oriri
919 2465 1005 2548 apud
1028 2465 1144 2532 Deum.

244 2562 281 2629 R.
302 2566 333 2629 4.
372 2565 509 2629 Domum
524 2566 634 2649 praeis
649 2571 749 2629 metas
765 2562 870 2628 valori
885 2562 956 2629 voti
972 2563 1092 2630 obstat.
1131 2562 1290 2629 Attamen
1313 2565 1350 2629 ut
1366 2566 1481 2628 votum

154 2653 198 2718 sit
221 2674 263 2717 ex
286 2673 322 2718 se
345 2653 483 2730 nullum,
514 2656 621 2718 metus
644 2673 709 2718 non
733 2651 838 2716 solum
862 2651 974 2717 debuit
997 2672 1070 2717 esse
1100 2649 1134 2734 a)
1154 2654 1274 2736 prauis,
1298 2651 1357 2716 sed
1380 2651 1482 2718 etiarn

156 2740 189 2823 b)
215 2745 330 2807 iniusta
352 2745 509 2824 incastus,
532 2741 629 2825 idque
652 2743 683 2824 c)
708 2744 753 2807 ad
775 2749 879 2807 aotam
903 2743 1160 2828 extorquendam.
1206 2742 1263 2806 Tt.
1288 2763 1329 2807 m.
1353 2739 1379 2818 I,
1405 2743 1481 2807 432.

155 2830 372 2896 Nihilominus
395 2836 475 2896 vota
499 2831 595 2897 aliter
618 2853 660 2897 ex
685 2835 773 2897 metu
796 2829 933 2908 emissa,
958 2830 1021 2897 etsi
1044 2850 1109 2895 non
1132 2828 1199 2895 sint
1221 2830 1327 2908 nulla,
1352 2828 1483 2895 facilius

154 2925 264 2986 tamen
288 2925 366 2987 sunt
388 2920 547 2987 solubilia.

90 3046 142 3099 255
242 3026 295 3090 An
319 3047 510 3102 qunnsrruu
534 3029 574 3091 3¹²²
603 3025 641 3092 R.
666 3028 694 3090 1.
747 3024 863 3105 Neque
893 3024 999 3107 ipsum
1029 3022 1241 3089 infortunium
1272 3021 1480 3090 subitaneum

152 3135 257 3197 neque
273 3116 474 3197 subsequens
490 3114 666 3199 paenitudo
685 3114 828 3199 probant
849 3112 969 3178 Liberii
992 3117 1102 3180 actum
1125 3112 1266 3178 vovendi
1289 3133 1355 3177 non
1377 3111 1482 3179 fuisse

152 3205 235 3269 satis
251 3204 483 3282 deliberatum3
507 3203 615 3288 potuit
638 3203 722 3269 enim
747 3202 845 3269 etiam
870 3202 977 3268 subito
1001 3206 1036 3267 et
1057 3203 1090 3267 in
1113 3203 1185 3285 ipso
1201 3201 1296 3285 quasi
1313 3207 1482 3269 momento

152 3293 320 3360 infortunii
344 3293 405 3359 sibi
427 3294 523 3378 plene
547 3298 582 3359 et
603 3293 748 3376 perfecte
764 3291 913 3358 conscius
936 3311 1008 3356 esse
1032 3292 1072 3357 de
1095 3296 1174 3358 voto
1191 3292 1325 3374 eiusque
1340 3290 1481 3359 obiecto.

152 3381 273 3459 Quodsi
302 3384 343 3449 ob
373 3383 652 3466 perturbationem
681 3382 743 3448 sibi
772 3381 919 3465 perfecte
943 3380 1092 3446 conscius
1118 3401 1183 3447 non
1205 3380 1339 3459 fuisset,
1364 3386 1480 3448 votum

153 3476 240 3538 esset
263 3471 452 3537 invalidum.

241 3561 364 3626 Verum
394 3563 531 3626 eventus
560 3560 630 3644 ipse
659 3562 730 3624 tam
759 3559 1007 3642 inexspectatse
1038 3558 1155 3624 salutis
1182 3556 1319 3624 innuere
1348 3559 1482 3625 videtur

151 3648 221 3714 Deo
245 3672 313 3715 rem
337 3648 508 3733 placuisse,
533 3653 633 3732 atque
656 3652 791 3733 propter
806 3669 919 3714 verum
936 3654 1049 3714 votum
1072 3647 1231 3714 auxilium
1254 3647 1399 3716 caeleste
1422 3649 1481 3714 ad·

152 3738 262 3805 fuisse.
298 3740 455 3805 Attamen
472 3739 570 3804 etiam
594 3738 627 3803 in
650 3738 735 3803 hanc
755 3742 883 3823 partem
900 3742 1025 3803 certam
1041 3737 1266 3820 probationem
1289 3758 1355 3803 non
1377 3738 1481 3805 habe·

152 3849 233 3892 mus,
280 3828 536 3910 Interrogandus
564 3828 667 3910 igitur
698 3832 786 3894 esset
818 3828 888 3911 ipse
916 3826 1081 3903 Liberius,
1114 3827 1142 3892 si
1175 3825 1215 3892 de
1247 3825 1317 3893 eius
1348 3848 1371 3893 a
1400 3831 1481 3893 voto

151 3917 345 3983 liberatione
362 3914 538 4000 'ageretur3
570 3918 624 3998 qui
648 3917 709 3982 nisi
735 3916 897 3983 defectum
922 3915 1150 3983 advertentias
1172 3915 1277 3999 possit
1300 3915 1478 3994 affirmare,

152 4010 230 4072 voto
260 4007 382 4090 ligatus
413 4006 474 4072 dici
504 4006 617 4082 debet,
648 4006 825 4072 accedente
854 4009 966 4071 tamen
997 4025 1096 4071 causa
1125 4005 1255 4071 facilius
1277 4009 1389 4089 potest
1412 4006 1479 4071 dis·

152 4096 299 4180 pensari,
330 4117 435 4178 neque
464 4095 497 4160 in
528 4096 589 4160 hoo
613 4094 837 4161 condicionato
861 4098 939 4160 voto
970 4094 1110 4160 habetur
1132 4094 1314 4160 reservatio
1337 4095 1478 4180 papalis,

152 4207 236 4268 quae
260 4185 342 4251 alias
365 4191 444 4251 voto
467 4184 700 4267 ingrediendao
723 4183 890 4265 religionis
912 4184 1072 4249 inhaeret.

89 4295 141 4350 256
240 4284 278 4350 R.
300 4287 330 4350 2.
369 4283 517 4349 Liberius
532 4283 633 4365 igitur
648 4285 726 4347 voto
749 4280 797 4347 illi
820 4302 856 4346 re
878 4281 951 4365 ipsa
973 4281 1077 4357 stetit,
1101 4284 1201 4362 atque
1224 4280 1290 4346 iam
1313 4279 1386 4364 ipss
1401 4281 1478 4347 reli-

151 4373 244 4455 giosa
267 4373 486 4456 professione,
517 4393 581 4437 nou
611 4371 680 4435 solo
703 4375 782 4436 voto
805 4370 972 4451 religionis
995 4369 1242 4454 amplectendae
1264 4370 1388 4453 ligatus
1415 4377 1477 4436 est.

151 4463 241 4539 Quae
264 4463 424 4546 professio
447 4483 511 4528 non
543 4466 593 4526 est
616 4459 761 4525 invalida
784 4464 918 4544 propter
941 4459 1169 4535 difficultates,
1199 4479 1281 4541 quas
1303 4459 1478 4543 religiosus

151 4557 267 4635 postea
291 4552 494 4636 experientia
524 4550 629 4632 magis
659 4552 837 4632 cognoscat
860 4551 914 4615 vel
943 4549 1052 4633 potius
1075 4548 1215 4626 sentiat,
1244 4570 1341 4631 quam
1366 4554 1475 4616 antea.

153 4642 189 4705 ln
213 4642 374 4708 novitiatu
399 4641 542 4708 ordinem
568 4640 701 4722 eiusque
717 4638 930 4707 difficultates
953 4637 1035 4704 satis
1058 4658 1219 4722 superque
1235 4642 1393 4722 expertus
1415 4643 1476 4715 est,
