3106 5168
300 269 454 325 Translatio
472 271 523 325 iur.
542 287 567 341 p.
587 273 751 325 contractus.
769 299 801 309 -
822 272 968 324 Promissis
987 274 1015 325 ot
1032 272 1150 325 donatio.
1321 275 1388 340 423

62 470 138 514 cum
160 446 305 532 periculo
328 447 458 530 quidem
482 447 708 530 coniungatur,
732 448 790 513 sed
806 447 917 530 magni
933 447 1033 514 etiam
1057 447 1139 512 lucri
1162 468 1254 531 spem
1272 446 1386 526 faeiat,

62 558 170 620 neque
192 538 374 602 avunculus
397 537 570 619 quiequam
594 535 763 620 opposuit:
795 537 848 601 vel
871 536 899 601 si
922 537 1007 602 serio
1031 535 1278 620 interpellatus,
1310 559 1386 602 num

62 627 97 692 in
121 626 253 708 negotio
277 626 387 707 aliquo
410 630 563 709 suscepto
586 626 641 690 vel
655 624 860 708 suscipiendo
883 625 938 690 fidi
961 624 1066 709 possit
1081 625 1258 709 promissis,
1283 648 1387 692 avun-

62 716 157 781 culus
186 714 392 798 responderit
421 735 457 779 se
487 718 577 780 certo
608 714 776 797 promissis
804 719 967 781 staturum
1000 734 1091 780 esse:
1130 719 1219 780 certe
1248 715 1282 778 in
1310 737 1388 780 con·

63 804 202 870 scientia
225 803 390 885 obligatur
405 804 447 869 ad
462 804 680 887 reparandum
696 805 859 881 damnum,
884 802 970 885 quod
986 804 1177 868 Bertramus
1199 824 1316 887 passus
1332 803 1386 882 sit,

63 914 168 976 usque
184 891 346 976 adipeam
362 913 521 958 summam
538 893 741 976 promissam,
758 892 865 974 idque,
879 892 1007 958 etiamsi
1022 891 1217 958 iudicialiter
1232 892 1388 958 sustineri

63 1005 130 1048 uon
152 986 263 1065 potest
286 981 457 1065 promissio
481 982 580 1049 facta.

153 1088 192 1154 R.
225 1090 254 1153 3.
303 1088 339 1153 In
370 1089 456 1153 omni
488 1109 584 1166 casu,
616 1109 679 1170 quo
703 1087 873 1171 promissio
904 1087 1089 1154 donationis
1119 1109 1178 1171 per
1207 1087 1314 1169 legale
1337 1086 1388 1151 in-

62 1181 282 1243 strumentum
307 1177 430 1244 factum
454 1177 564 1254 fuerit,
589 1178 860 1260 praesumendum
884 1180 936 1242 est
958 1176 1205 1261 promittentem
1230 1199 1267 1241 ex
1293 1178 1387 1241 iusti·

62 1270 111 1332 tic
135 1287 207 1331 sese
231 1265 409 1348 obligasse;
434 1271 533 1348 atque
556 1266 785 1350 promissarius
800 1266 870 1331 iure
894 1287 953 1331 sno
975 1266 1089 1344 ut'tur‚
1113 1265 1142 1330 si
1158 1265 1387 1347 neglegentem

62 1356 165 1421 etiam
187 1355 331 1420 iudiciali
354 1354 484 1421 actione
508 1356 550 1420 ad
565 1355 756 1420 solvendum
780 1356 964 1439 compellat.
982 1355 1090 1420 —De
1114 1359 1233 1432 cetero,
1258 1352 1388 1436 quando

62 1445 105 1509 ob
139 1444 404 1510 circumstantias
435 1465 478 1510 ex
511 1444 688 1528 improviso
727 1443 870 1510 oriturae
905 1443 1037 1510 donatio
1075 1443 1237 1527 promissa
1269 1443 1387 1509 effectu

63 1537 195 1610 careat,
228 1533 319 1616 ipsae
349 1533 441 1616 leges
472 1533 635 1617 positivae
665 1533 881 1600 communiter
911 1532 1069 1599 definiunt
1101 1531 1157 1612 (ef.
1181 1532 1232 1597 ius
1257 1532 1386 1598 Germ.

62 1621 195 1704 §519);
218 1621 318 1687 immo
341 1621 545 1687 condiciones
568 1627 715 1689 mutatae
738 1622 961 1706 promittentis
976 1622 1029 1687 vel
1053 1621 1153 1688 etiam
1175 1620 1388 1705 promissorii,

62 1732 165 1793 quae,
196 1710 224 1776 si
247 1711 418 1795 praevisae
442 1716 568 1789 essent,
600 1720 681 1777 certo
705 1711 904 1789 effecissent,
936 1714 973 1775 ut
1000 1709 1171 1794 promissio
1195 1732 1260 1776 non
1282 1712 1387 1789 fieret,

62 1800 311 1884 promissionem
334 1801 442 1866 solent
464 1800 497 1864 in
521 1800 720 1866 conscientia
742 1799 776 1865 vi
799 1822 859 1866 sua
883 1799 1070 1867 destituere.
1383 1797 1385 1803 '

553 2015 782 2082 PROMISSIO
813 2013 898 2097 (ΠΙ).

622 2156 731 2223 Casus.
759 2164 836 2233 (258)

152 2297 268 2367 Aulius,
290 2297 338 2373 qui
360 2317 424 2356 curn
446 2317 603 2357 numerosa
621 2298 734 2357 familia
755 2302 876 2375 propter
889 2301 1032 2357 bonorum
1053 2317 1172 2358 suorum
1187 2297 1388 2358 decoctionem

61 2379 100 2437 ad
122 2384 286 2452 egestatem
307 2379 445 2437 redactus
467 2383 522 2449 est,
545 2379 654 2454 accipit
674 2380 711 2437 ab
727 2379 859 2450 Aurelio,
881 2378 973 2438 divite
991 2378 1094 2449 amico,
1117 2379 1175 2438 500
1189 2397 1305 2438 marcas
1320 2398 1387 2438 cum

62 2459 257 2535 promissione
278 2477 310 2516 se
331 2463 400 2534 post
419 2477 549 2517 mensem
570 2459 628 2533 ipsi
650 2459 824 2518 donaturum
846 2478 913 2517 esse
934 2459 994 2518 alia
1014 2460 1092 2518 8000
1113 2477 1287 2519 marcarum.
1322 2457 1388 2528 Qua

61 2538 258 2615 promissione
279 2543 413 2615 accepta,
434 2557 536 2597 omnes
558 2548 719 2615 coeperunt
739 2539 894 2616 respirare.
934 2539 992 2598 Sed
1012 2557 1113 2598 mense
1134 2539 1263 2598 nondum
1284 2539 1386 2616 elapso

61 2620 187 2695 primum
203 2619 352 2689 Aurelius,
375 2618 441 2676 dein
463 2619 552 2677 etiam
566 2619 673 2678 Aulius
695 2624 788 2678 morte
803 2619 997 2697 abripiuntur,
1027 2619 1143 2679 Aurelii
1164 2619 1298 2687 heredes,
1321 2639 1387 2680 eum

61 2699 229 2758 tenaciores
251 2698 319 2770 sint,
341 2699 546 2758 difficultatem
567 2705 688 2759 movent
707 2718 802 2775 neque
816 2699 897 2758 Aulii
916 2700 1047 2759 familiae
1068 2699 1223 2777 superstiti
1243 2719 1387 2759 summam

61 2780 151 2838 istam
176 2779 292 2838 solvere
313 2780 426 2838 volunt.

60 2884 240 2954 Qussnrrun
262 2887 291 2944 1ο
317 2885 475 3023 dpbeatne,
498 2885 636 2944 defuneto
657 2885 836 2962 promissore
857 2886 906 2944 vel
927 2884 1135 2962 promissario,
1157 2884 1313 2962 promissio
1335 2886 1386 2945 im·

348 2984 398 3024 err.

261 3045 292 3102 2⁰
316 2985 385 3120 iiuid
412 3044 485 3102 iuris
513 3050 608 3116 esset,
637 3044 664 3104 si
686 3045 826 3104 Aurelius
854 3044 944 3104 misso
972 3045 1075 3103 nuntio
1103 3043 1304 3120 promisisset,
1333 3045 1385 3104 sed

316 3129 385 3183 ante
407 3124 502 3183 nuntii
524 3125 682 3183 adventum
697 3125 804 3184 Aulius
818 3125 866 3184 vel
885 3126 974 3183 etiam
989 3123 1127 3183 Aurelius
1148 3128 1281 3183 mortuus
1295 3130 1385 3185 esset.

581 3342 583 3349 >
656 3306 790 3373 Salutio.

151 3449 205 3514 An
228 3469 419 3525 ousssrruu
446 3453 481 3513 1¹¹¹
505 3449 543 3515 R.
572 3453 599 3515 1.
644 3448 678 3514 Si
701 3450 741 3515 de
765 3449 923 3514 solvenda
945 3448 1083 3532 pecunia
1106 3449 1224 3531 agitur,
1248 3448 1280 3526 ii,
1304 3465 1447 3531 quo-837

59 3561 133 3604 rum
157 3539 305 3614 interest,
330 3537 421 3620 sequi
444 3543 582 3621 possunt
604 3539 696 3620 leges
719 3538 879 3621 positivas
902 3539 952 3603 sui
975 3537 1054 3612 loci,
1089 3537 1151 3602 nisi
1175 3542 1305 3604 constet
1328 3559 1386 3603 eas

60 3630 95 3694 in
119 3627 278 3710 singulari
301 3647 378 3692 casu
402 3627 540 3692 iniust-as
564 3648 646 3694 esse.
678 3627 710 3693 Si
735 3647 814 3692 vero
837 3626 947 3709 agitur
968 3628 1007 3692 de
1022 3626 1161 3711 pecunia
1184 3627 1384 3711 accipienda,

60 3719 100 3796 ii,
133 3737 268 3799 quorum
298 3716 453 3791 interest,
484 3716 575 3797 sequi
605 3721 743 3800 possunt
772 3716 871 3781 etiam
901 3716 1008 3798 legem
1037 3717 1222 3782 naturalem
1251 3716 1385 3799 eiusque

59 3806 262 3891 probabilem
285 3805 605 3888 interpretationem,
638 3804 791 3886 quamdiu
814 3806 855 3869 ab
879 3806 986 3871 altera
1007 3810 1104 3889 parte
1133 3827 1197 3871 uon
1225 3810 1387 3889 urgentur

60 3897 103 3961 ad
127 3894 310 3976 sequendas
332 3894 424 3975 leges
447 3894 616 3976 positivae.

150 4002 190 4067 R.
215 4003 245 4066 2.
292 3998 467 4065 Promissio
498 3998 643 4081 legitime
665 3997 758 4065 facta
787 3998 887 4064 etiarn
917 3999 959 4063 ab
982 4000 1101 4065 herede
1125 4000 1253 4083 impleri
1276 4001 1382 4067 debet.

59 4091 182 4158 Utrum
215 4094 342 4167 autem,
376 4088 529 4154 defuncto
563 4089 790 4171 promissari0‚
823 4089 865 4154 ad
899 4093 966 4154 eiua
988 4089 1125 4154 heredes
1154 4094 1304 4155 transeat
1333 4089 1384 4154 ius

59 4178 248 4265 postulandi
271 4199 355 4261 quae
378 4177 539 4261 promissa
562 4178 700 4256 luerint,
732 4177 853 4261 pendet
883 4178 923 4243 ab
947 4177 1128 4243 intentione
1150 4177 1382 4262 promittentis,

59 4268 216 4334 videlicet
238 4272 347 4333 utrum
372 4268 476 4331 solum
500 4267 703 4350 personalem
727 4267 929 4351 promissarii
953 4267 1101 4333 favorem
1124 4265 1316 4343 intenderit,
1341 4287 1384 4331 an

58 4357 239 4425 utilitatem
269 4355 369 4423 etiam
401 4355 546 4421 familiae
575 4356 786 4439 promissarii.
833 4356 925 4433 Quod
955 4356 1100 4438 quidem,
1131 4355 1159 4419 si
1188 4355 1383 4439 promittens

58 4445 291 4532 supervixerit,
316 4446 385 4529 ipse
409 4466 488 4528 prae
512 4443 585 4509 aliis
608 4445 692 4509 scire
716 4447 750 4509 et
773 4445 942 4510 declarato
965 4449 1091 4528 potest;
1122 4443 1193 4526 ipso
1217 4444 1382 4522 defunctu,

58 4536 198 4603 heredes
220 4535 253 4599 in
277 4534 374 4599 dubio
397 4555 466 4598 rem
489 4533 722 4617 praestandam
745 4534 945 4614 restringere
962 4539 1099 4616 possunt
1122 4531 1163 4597 ad
1179 4532 1284 4596 solum
1307 4554 1384 4615 pro·

57 4625 244 4691 missarium
267 4622 383 4706 ipsum.
431 4623 478 4689 Cf.
503 4623 543 4687 de
566 4621 627 4687 hac
651 4643 686 4686 ro
709 4621 820 4704 Lugo
844 4623 865 4688 l.
890 4643 917 4688 e.
943 4644 973 4687 n.
1000 4624 1040 4687 75
1057 4643 1128 4703 sqq.
