3106 5168
308 280 466 352 Coeperatio
484 299 546 338 cum
564 289 675 354 peccato
694 285 781 340 alieno
801 303 849 356 per
867 286 1009 342 caritatem
1028 286 1170 356 prohibita.
1337 293 1400 357 221

77 456 151 540 ipsi,
174 458 204 523 si
226 459 401 537 voluerint,
426 460 488 525 sibi
510 482 551 528 ea
573 483 702 528 sumere
724 462 869 546 possint,
894 484 959 528 non
982 463 1140 530 moniales
1164 463 1306 532 debeant
1329 487 1402 549 por·

78 546 196 630 rigere.
240 547 328 614 Nam
351 548 383 614 id
407 550 569 616 neminem
591 555 704 636 potest
726 552 903 629 offendere,
935 553 963 617 si
987 553 1145 619 moniales
1168 552 1279 620 dicant
1302 576 1338 620 se
1361 555 1402 620 ad

78 641 288 718 aegrotorum
313 659 424 704 curam
448 641 651 724 corporalem
675 661 747 706 esse
771 641 978 718 constitutae,
1004 663 1069 708 uon
1089 642 1132 708 ad
1147 663 1264 708 munus
1281 644 1402 710 aeditui

79 725 259 806 agendum
284 732 318 794 et
341 727 369 791 si
393 728 469 809 quid
488 730 627 813 amplius
643 751 701 814 pro
719 730 887 796 catholicis
903 729 1028 796 faciant
1044 737 1077 798 et
1093 752 1151 816 pro
1168 733 1402 805 sacerdotibus,

78 835 114 880 se
137 815 169 880 id
193 816 304 881 iacere
328 837 370 882 ex
386 819 475 883 cultu
492 818 644 902 propriae
660 840 739 885 suae
758 819 935 901 religionis,
960 819 1150 903 religionem
1167 843 1246 886 vero
1263 821 1402 888 alienam

78 924 114 969 se
138 907 236 971 colere
259 908 305 971 cel
329 928 471 973 exercere
493 929 557 973 non
581 929 688 992 posse.
734 909 783 976 cf.
813 909 868 974 Th.
891 932 932 975 ns.
956 909 981 989 I,
1007 912 1082 977 653.

196 1141 388 1207 PAROCHI
411 1140 1051 1307 CATHOLIgggEffingffiTHOLICO
1077 1144 1286 1211 MINISTRO

637 1396 747 1463 (lasus.
774 1405 849 1474 (122)

170 1539 196 1598 1.
217 1538 323 1608 Rufus,
344 1537 480 1596 minister
493 1538 675 1607 lutheranus,
697 1538 761 1598 adit
781 1540 941 1615 parochum
956 1539 1133 1600 catholicum
1152 1540 1236 1616 eique
1256 1540 1402 1617 proponit,

79 1625 111 1675 ut
133 1617 236 1677 diebus
259 1617 412 1677 dominicis
433 1624 463 1677 et
484 1619 586 1689 festis,
614 1638 689 1694 quae
717 1620 754 1677 ab
782 1620 915 1695 utrisque
937 1620 1137 1687 celebrentur,
1165 1641 1223 1680 uno
1245 1620 1404 1696 eodemque

79 1705 212 1774 temporo
232 1698 388 1774 pulsentur
403 1717 564 1775 campanae
586 1700 624 1757 ad
646 1700 851 1758 convocandos
865 1700 998 1760 homines
1013 1720 1066 1759 seu
1087 1700 1274 1761 indicandum
1288 1706 1404 1777 tempus

80 1778 194 1837 servitii
216 1777 322 1836 divini:
351 1778 383 1836 in
405 1779 502 1854 ampla
524 1779 601 1837 enim
622 1780 694 1838 urbe
714 1779 897 1856 impossibile
919 1785 980 1849 est,
1002 1786 1036 1838 ut
1057 1800 1158 1839 omnes
1180 1780 1245 1839 sive
1266 1780 1404 1839 catholici

80 1861 144 1917 sive
175 1857 324 1917 lutherani
353 1859 469 1935 pulsum
499 1878 708 1936 campanarum
739 1860 785 1918 sui
814 1859 890 1919 ritus
921 1860 1058 1932 audiant,
1090 1861 1249 1920 alterutras
1279 1864 1406 1937 possunt

80 1939 190 2007 audire,
212 1938 339 1997 maxime
360 1938 386 1997 si
408 1937 587 1998 coniunctim
608 1940 771 2015 pulsantur.

170 2020 196 2077 2.
218 2018 299 2077 ldem
322 2018 407 2077 simul
422 2019 538 2094 quaerit
558 2039 576 2077 a
598 2019 747 2078 catholico
764 2020 960 2092 „confratrs“,
982 2039 1061 2088 num,
1083 2025 1256 2080 occurrente
1277 2021 1404 2080 necessi·

79 2103 159 2170 tate,
189 2099 294 2158 cedere
316 2100 372 2158 sibi
392 2099 467 2157 velit
486 2098 587 2158 vinum
609 2105 639 2157 et
659 2119 752 2176 panes
766 2100 954 2159 orbiculares
975 2101 1115 2174 (hostias)
1142 2103 1180 2160 ad
1207 2101 1404 2179 peragendam

81 2198 197 2238 sacram
213 2198 329 2250 senaim
352 2199 385 2238 se
405 2179 448 2239 ita
462 2199 570 2254 magno
590 2179 774 2239 incommodo
794 2179 922 2251 liberari,
945 2199 1010 2239 oum
1032 2182 1146 2240 nescire
1167 2182 1263 2258 possit
1280 2181 1405 2256 singulis

80 2259 205 2331 vicibus,
227 2266 338 2336 quanta
352 2259 414 2318 vini
436 2264 466 2318 et
486 2260 573 2336 panis
594 2259 718 2319 materia
739 2259 796 2318 sibi
816 2260 856 2319 sit
877 2261 1056 2332 necessaria,
1079 2262 1182 2320 domus
1202 2268 1300 2321 autem
1321 2281 1403 2338 paro-

81 2340 186 2398 ehialis
208 2340 355 2399 catholica
377 2341 414 2398 ab
436 2339 563 2398 ecclesia
583 2339 740 2399 lutherana
761 2359 821 2399 non
841 2340 929 2416 longe
951 2341 1049 2400 distet.

170 2421 197 2479 3.
219 2420 318 2495 Rogat
339 2418 428 2478 etiam
448 2420 619 2496 parochum,
642 2425 675 2479 ut
695 2440 748 2496 pro
763 2420 861 2497 aliquo
883 2421 929 2479 die
950 2421 1008 2480 sibi
1028 2421 1212 2480 commodare
1226 2421 1299 2479 velit
1318 2440 1404 2479 sacra

81 2504 254 2575 paramenta
269 2506 299 2558 et
312 2505 423 2569 vestes,
445 2519 502 2575 quo
519 2519 683 2559 mensuram
698 2519 813 2559 sumere
828 2501 924 2577 possit
945 2501 982 2559 ad
997 2521 1032 2559 ea
1047 2501 1103 2560 sibi
1124 2500 1319 2572 conficienda3
1342 2500 1404 2560 suis

81 2580 158 2638 enim
180 2579 369 2656 parochianis
391 2581 508 2655 placere
530 2581 640 2638 cultum
662 2585 816 2639 extemum
838 2580 1062 2641 sollemniorem.

169 2660 322 2719 Parochus
343 2660 522 2731 catholicus,
544 2661 652 2737 partim
672 2680 711 2719 ne
732 2661 875 2720 offensum
897 2662 954 2720 sibi
975 2661 1079 2720 reddat
1099 2660 1265 2720 ministrum
1287 2661 1404 2720 acatho-

80 2739 178 2811 licum,
200 2741 309 2816 partim
329 2747 362 2798 ut
384 2741 493 2799 maiore
515 2740 665 2800 commodo
686 2760 805 2800 suorum
827 2741 972 2813 consulat,
993 2742 1132 2818 precibus
1152 2741 1264 2801 annuit.

81 2856 259 2927 Quaerimus
280 2857 309 2914 1⁰
335 2855 502 2932 potueritne
524 2860 589 2913 tuta
611 2855 795 2914 conscientia
815 2856 964 2933 parochus
985 2856 1014 2914 id
1036 2855 1204 2914 concedere.

278 2945 308 3001 2ο
334 2945 401 3020 quid
423 2944 487 3003 eius
508 2963 665 3009 successor
686 2962 775 3018 agere
797 2946 893 3021 possit
913 2946 962 3004 vel
983 2946 1097 3004 debeat.

677 3126 811 3193 Salutio.

170 3271 224 3335 An
240 3290 429 3345 ouassmun
449 3273 485 3334 1¹¹¹
502 3270 540 3336 lt.
560 3273 588 3335 1.
621 3269 769 3335 Praetiee
784 3269 945 3351 loquendo
969 3268 1129 3352 parochus
1150 3268 1260 3333 debuit
1275 3268 1405 3350 singula
1413 3285 1465 3338 432

82 3360 254 3440 denegare.

170 3447 258 3513 Nam
290 3451 318 3514 1.
372 3449 476 3526 Dato,
518 3468 582 3512 non
618 3467 772 3512 concesso
805 3446 913 3512 omnia
943 3445 1008 3512 ista
1039 3467 1110 3511 csse
1143 3445 1404 3529 cooperationem

83 3537 286 3603 materialem
320 3540 449 3602 tantum
482 3536 524 3601 ad
555 3535 675 3600 falsum
708 3537 846 3602 cultum:
880 3538 931 3601 est
960 3540 1071 3602 tamen
1105 3535 1291 3619 cooperatio
1322 3534 1404 3601 satis

82 3626 281 3710 propinqua,
311 3646 394 3708 quae
418 3625 536 3691 saltem
559 3625 715 3690 maiorem
739 3624 946 3691 necessitatis
969 3645 1118 3702 causam,
1142 3647 1185 3690 ex
1208 3646 1273 3707 qua
1295 3623 1403 3700 liceat,

83 3716 229 3799 requirit,
253 3736 350 3797 quam
368 3736 450 3796 quae
474 3716 526 3779 hic
550 3715 653 3781 adest.
694 3718 723 3779 2.
749 3715 884 3798 Insuper
905 3736 978 3779 curn
1002 3715 1147 3782 actiones
1170 3714 1247 3780 illae
1271 3715 1321 3779 vel
1346 3735 1405 3797 per

82 3826 118 3870 se
148 3804 297 3889 publicae
327 3804 394 3868 sint
422 3805 476 3868 vel
507 3824 619 3868 earum
649 3803 767 3870 notitia
797 3803 927 3887 publica
957 3803 1028 3869 sine
1058 3804 1154 3869 dubio
1183 3805 1259 3882 fiat,
1289 3825 1403 3869 verum

83 3894 206 3959 orietur
229 3893 428 3970 scandalum,
453 3914 524 3958 cum
548 3893 695 3957 homines
718 3892 830 3956 fideles
853 3913 910 3958 eas
927 3892 997 3958 fere
1020 3914 1084 3959 non
1108 3894 1233 3978 possint
1257 3914 1321 3958 non
1345 3894 1403 3957 ha-

83 3984 159 4048 bere
181 4004 241 4066 pro
266 3981 474 4047 conniventia
498 4003 570 4046 eum
594 3987 685 4048 secta
709 3981 804 4048 falsa.

171 4089 210 4157 R.
235 4093 266 4155 2.
305 4089 368 4154 Sed
391 4088 456 4153 iam
481 4087 666 4154 accuratius
689 4087 895 4153 iudicandum
919 4093 971 4154 est
995 4089 1034 4153 de
1058 4089 1195 4170 singulis
1219 4089 1401 4154 actionibus

44 4177 46 4180 ’
83 4184 181 4261 atque
205 4177 380 4243 videndum
403 4176 512 4242 sintne
535 4177 722 4260 cooperatio
744 4178 925 4243 materialis
948 4183 1077 4245 tantum
1100 4200 1143 4244 an
1165 4178 1322 4244 formalis.

171 4276 372 4357 Quamquam
408 4275 553 4340 actiones
587 4275 663 4340 illae
698 4274 731 4338 in
763 4295 799 4339 se
830 4275 916 4340 nude
948 4280 1118 4358 spectatae
1150 4297 1209 4358 pro
1242 4274 1402 4340 materiali

82 4369 212 4432 tantum
243 4364 471 4449 cooperatione
494 4363 607 4429 haberi
629 4368 782 4448 possunt,
807 4385 849 4429 ex
873 4364 1126 4431 circumstantiis
1150 4365 1303 4429 videntur
1326 4384 1402 4428 eva-

83 4456 160 4521 dere
183 4453 330 4519 formalis
354 4454 549 4537 cooperatio.

172 4553 224 4618 Ex
247 4551 462 4616 conventione
485 4551 580 4626 enim,
604 4572 669 4615 nen
693 4556 806 4616 coacte
829 4551 960 4634 pulsare
984 4571 1176 4634 campanas,
1201 4571 1264 4631 quo
1288 4549 1403 4615 melius

83 4641 209 4726 possint
238 4645 273 4707 et
303 4640 455 4706 catholici
487 4646 521 4705 et
551 4639 724 4706 acatholici
754 4639 795 4704 ad
822 4662 902 4705 suos
933 4640 1051 4720 quique
1081 4640 1164 4705 ritus
1192 4639 1402 4705 celebrandos
