3106 5168
156 276 221 339 320
292 270 334 326 De
351 271 500 326 virtutibus
517 274 547 325 et
564 270 663 326 ciliciis
680 287 746 340 erga
764 270 895 326 homiues.
915 301 948 312 -
968 270 1020 326 off.
1039 271 1111 326 circa
1129 271 1200 326 bona
1217 274 1340 330 externa.

245 448 335 531 Ergo
358 450 494 532 propter
516 445 744 530 repetitionem
766 451 843 531 post
871 446 1003 512 brevius
1024 452 1155 530 tempus
1178 452 1212 513 et
1235 451 1372 531 propter
1394 468 1485 513 sum·

156 558 230 604 mae
253 536 367 604 totalis
390 535 648 619 magnitudinem
666 556 721 601 res
737 534 874 602 dicenda
889 541 941 603 est
963 535 1085 618 gravis,
1109 555 1277 619 graveque
1298 541 1482 620 peceatum.

245 642 284 710 R.
310 645 340 710 2.
387 641 450 708 Sed
474 641 617 708 dubitari
640 640 681 706 ab
705 641 814 723 aliquo
836 642 976 726 poterit,
1005 641 1148 708 fueritne
1177 642 1299 710 iniusta
1329 642 1482 721 sublatio,

157 731 284 798 scilicet
307 730 436 797 domiuo
459 729 700 798 rationabiliter
722 729 836 797 invito.

246 828 298 894 Ad
314 828 400 912 quod
419 832 456 895 ut
478 827 565 895 iuste
579 827 827 911 respondeatur,
851 828 1025 894 videndum
1042 833 1103 905 est,
1128 828 1183 911 qui
1205 829 1306 896 fuerit
1322 829 1482 908 dominns,

157 925 267 985 utrum
282 917 438 1002 hospites,
462 938 505 984 au
520 916 652 1001 hospitii
668 916 826 985 dominus.
865 917 900 983 Si
915 921 992 984 sunt
1014 917 1170 1002 hospites,
1194 917 1293 983 facile
1307 939 1482 1002 suppones,

157 1027 213 1074 eos
236 1027 301 1072 non
325 1026 456 1084 curare,
480 1006 551 1072 sive
574 1006 713 1080 famula,
736 1006 807 1072 sive
830 1004 962 1090 hospitii
985 1005 1134 1072 domiuus
1157 1006 1313 1088 reliquiae
1336 1008 1482 1090 colligat,

157 1096 303 1178 adeoque
326 1116 383 1161 ecs
409 1117 475 1160 non
498 1094 600 1161 inisse
622 1094 744 1160 invitos
766 1095 873 1177 quoad
897 1095 1050 1161 Rosaliae
1073 1095 1245 1164 actionem.
1292 1096 1326 1163 Si
1349 1096 1484 1181 hospitii

157 1184 315 1262 domiuus,
340 1185 395 1250 ille
413 1205 471 1269 per
486 1206 523 1250 se
536 1182 777 1250 rationabiliter
791 1184 915 1250 invitus
931 1190 1093 1263 censetur,
1117 1206 1188 1250 cum
1206 1186 1279 1269 plus
1293 1185 1484 1269 impendere

156 1273 315 1353 debuerit,
332 1275 478 1356 adeoque
493 1274 646 1339 damnum
662 1273 777 1339 tulerit
792 1274 846 1339 vel
862 1273 968 1338 miuus
983 1273 1027 1339 sit
1045 1273 1202 1340 lucratus.
1240 1273 1356 1340 Fuisse
1371 1280 1483 1342 autem

156 1363 303 1447 hospites
327 1362 474 1429 dominos
497 1383 606 1427 rerum
629 1382 713 1444 quae
736 1361 908 1446 appositae
930 1365 1043 1440 eraut,
1073 1384 1116 1428 ex
1139 1384 1178 1428 eo
1200 1363 1332 1428 suaderi
1360 1368 1482 1448 potest,

157 1452 243 1536 quod
272 1473 332 1536 pro
363 1452 511 1518 omnibus
540 1451 605 1517 illis
632 1450 803 1516 debuerint
832 1451 962 1517 solvere
991 1451 1164 1534 omniaque
1193 1453 1404 1519 consumendi
1433 1452 1484 1518 ius

156 1541 340 1608 habuerint.

96 1648 149 1702 632
246 1637 465 1704 Nihilominus
488 1642 584 1721 puto,
608 1657 678 1702 rem
701 1637 748 1702 sic
771 1658 836 1703 non
859 1657 931 1703 esse
954 1636 1239 1716 considerandam,
1264 1639 1383 1705 saltem
1407 1660 1483 1717 non,

158 1727 287 1811 quaudo
317 1726 498 1811 hospitibus
528 1727 561 1792 iu
590 1747 704 1792 mensa
734 1726 895 1792 communi
925 1727 1029 1806 (table
1058 1726 1182 1810 d’bote)
1220 1747 1301 1792 cena
1334 1732 1482 1811 paratur.

158 1816 316 1882 Dominus
339 1815 471 1901 hospitii
493 1815 586 1898 large
601 1815 699 1881 debet
720 1814 755 1881 in
770 1814 919 1880 convivio
943 1835 996 1880 res
1012 1837 1186 1900 apponere.
1226 1817 1270 1883 ut
1285 1837 1483 1899 quamquam

158 1905 304 1989 hospites
333 1926 392 1989 pro
421 1904 516 1970 libitu
546 1904 673 1988 possint
700 1925 906 1979 consumere,
937 1910 1178 1972 consueverunt
1200 1904 1321 1971 domiui
1350 1905 1483 1990 hospitii

159 1999 346 2079 computum
365 2015 458 2058 suum
481 1993 531 2060 ita
545 1994 665 2070 facere,
689 1996 726 2059 ut
741 1996 936 2077 supponant,
961 2014 1024 2060 nou
1041 1994 1149 2059 omnia
1165 2015 1237 2060 esse
1253 1994 1483 2061 consumenda.

159 2084 274 2167 Neque
296 2081 387 2148 ullibi
411 2103 482 2148 mos
505 2087 566 2159 est,
590 2086 628 2149 ut
650 2082 795 2167 hospites
819 2104 862 2148 ex
885 2081 989 2167 epulis
1012 2082 1171 2167 appositis
1194 2082 1402 2152 distribuant.
1447 2084 1483 2150 Id

159 2173 288 2256 quidem
304 2172 345 2238 de
366 2171 551 2238 esculentis.
590 2170 794 2255 Quamquam
816 2170 844 2236 si
868 2171 982 2237 famuli
1004 2192 1047 2237 ex
1069 2171 1120 2236 hia
1143 2171 1243 2238 etiarn
1265 2172 1327 2237 sibi
1350 2177 1485 2240 sumunt

159 2266 193 2329 et
216 2262 407 2339 comedunt,
431 2260 464 2325 id
488 2259 663 2326 difficulter
685 2260 826 2326 evadere
849 2281 985 2343 gravem
1008 2260 1191 2340 materiam,
1215 2261 1248 2326 in
1271 2261 1382 2344 priore
1405 2283 1484 2328 casu

158 2350 223 2417 iam
248 2351 370 2417 dictum
394 2354 454 2416 est.

247 2449 297 2513 De
320 2447 405 2513 vinis
428 2467 507 2512 vero
531 2450 631 2530 atque
653 2446 754 2514 etiam
778 2447 818 2512 de
842 2447 932 2523 cibis,
960 2466 1044 2529 quae
1067 2447 1205 2529 siugulis
1228 2447 1261 2512 in
1285 2447 1385 2513 certis
1408 2469 1485 2533 por·

159 2537 302 2603 tionibus
330 2536 574 2614 ministrantur,
605 2535 703 2601 aliter
730 2535 936 2602 indicandum
961 2540 1022 2602 est.
1069 2536 1103 2603 Si
1132 2573 1177 2581 -
1206 2541 1243 2603 ut
1269 2537 1486 2604 communiter

158 2627 197 2691 fit
218 2664 263 2674 —
286 2625 396 2691 vinum
420 2645 482 2691 nou
507 2624 540 2690 in
563 2625 692 2692 cumulo
715 2624 998 2702 subministratur,
1028 2625 1085 2690 sed
1112 2646 1171 2709 pro
1195 2626 1484 2709 siugulislageuis

159 2714 338 2799 separatim
353 2713 437 2779 solvi
453 2714 560 2792 debet,
584 2714 708 2780 clarum
724 2717 786 2791 est,
809 2713 888 2779 illud
906 2713 1048 2780 transire
1066 2713 1099 2778 in
1116 2714 1290 2781 dominium
1308 2715 1484 2799 hospitum,

159 2807 194 2869 et
215 2803 244 2870 si
268 2802 344 2886 quid
370 2803 572 2884 relinquunt,
604 2824 669 2869 non
691 2805 730 2869 fit
752 2802 873 2869 domiui
896 2802 1044 2887 hospitii,
1075 2803 1132 2868 sed
1157 2810 1208 2870 eet
1237 2826 1291 2870 res
1315 2804 1483 2882 derelicta,

159 2914 257 2976 quam
280 2892 379 2958 herus
401 2892 529 2974 quidem
559 2893 629 2957 iure
659 2891 720 2957 sibi
743 2913 903 2977 occupare
925 2895 1052 2977 potest,
1083 2892 1140 2957 sed
1164 2914 1184 2958 a
1208 2915 1272 2975 qua
1295 2895 1485 2978 occupanda

160 2982 260 3049 etiam
284 2981 399 3047 famuli
421 3003 485 3047 non
509 2982 736 3048 excluduntur.

249 3079 356 3158 Quare
379 3079 407 3145 si
430 3079 604 3163 praecipue
620 3079 777 3144 eiusmodi
800 3078 958 3161 reliquiae
974 3078 1106 3157 fuerint,
1132 3100 1213 3162 quas
1229 3080 1364 3146 Rosalia
1385 3082 1484 3148 matri

160 3168 319 3245 attulerit,
343 3190 385 3234 ex
401 3169 474 3234 aliis
498 3168 673 3235 esculentis
698 3190 762 3232 nou
785 3168 867 3233 adeo
891 3169 1039 3245 multum,
1064 3174 1234 3252 apeccato
1253 3170 1372 3236 saltem
1397 3192 1484 3236 mor-

160 3257 219 3324 tali
242 3258 430 3324 exousauda
453 3261 520 3334 est,
552 3257 614 3323 etsi
644 3261 739 3340 putet
768 3278 810 3322 ex
834 3257 1050 3323 diuturnitate
1080 3259 1237 3341 temporis
1261 3259 1407 3324 valorem
1430 3280 1483 3325 as·

160 3347 307 3412 condisse
331 3346 372 3412 ad
399 3349 461 3412 100
478 3345 609 3411 circiter
625 3367 764 3412 marcas,
803 3346 911 3411 Minus
935 3345 1034 3410 etiam
1058 3351 1193 3429 propter
1215 3349 1384 3415 esculenta
1408 3372 1429 3414 α
1452 3372 1484 3413 se

160 3439 353 3520 consumpta
368 3435 498 3500 videtur
514 3435 626 3517 gravis
642 3435 768 3519 peccati
784 3436 1029 3500 condemnanda
1044 3456 1126 3500 esse.
1166 3437 1213 3502 ef.
1231 3439 1288 3505 Tb.
1302 3461 1341 3504 m.
1359 3438 1384 3514 I,
1403 3440 1481 3515 934;

160 3525 348 3602 LessiuS,
372 3525 421 3589 De
444 3526 517 3590 inst.
542 3533 570 3589 et
595 3528 663 3590 iure
687 3526 708 3590 l.
733 3528 764 3602 2,
789 3546 815 3590 c.
843 3527 893 3601 12,
918 3546 949 3590 n.
974 3527 1026 3589 48.

399 3765 662 3832 Nuuussruns
690 3767 790 3833 NUM
814 3764 844 3830 A
867 3766 1012 3832 FURTO
1038 3766 1245 3833 EXCUSET.

715 3932 825 3997 Casus.
854 3940 929 4005 (191)

249 4072 386 4131 Meletius
413 4072 565 4148 operarius
587 4092 605 4129 a
627 4072 742 4131 domino
770 4072 951 4141 dimmissus,
981 4072 1039 4129 inm
1067 4092 1119 4148 per
1147 4072 1259 4147 aliquot
1287 4072 1483 4133 hebdomades

162 4154 271 4211 frustra
293 4153 454 4228 quaesivit,
477 4153 523 4210 cui
546 4153 662 4210 labores
684 4173 754 4212 suos
776 4152 940 4210 addiceret:
963 4152 1079 4210 interim
1100 4153 1164 4228 ipse
1185 4172 1249 4210 cum
1271 4151 1384 4212 familia
1406 4156 1483 4213 fame

161 4233 309 4310 premitur.
352 4234 477 4291 Demum
500 4252 564 4290 cum
586 4233 683 4307 aliquo
705 4232 751 4290 die
773 4233 878 4290 iterum
899 4233 1009 4290 frustra
1032 4233 1206 4290 locationem
1228 4233 1414 4307 quaesierat,
1443 4235 1483 4293 iu·

160 4319 221 4372 trat
242 4313 390 4372 officinam
411 4313 564 4388 pistoriam
587 4320 675 4387 atque
697 4313 794 4371 subito
817 4314 942 4370 sublatis
964 4313 1074 4387 aliquot
1095 4313 1221 4388 panibus
1242 4313 1367 4386 aufugit.

250 4394 438 4453 Andronicus
459 4393 603 4462 rusticus,
626 4412 696 4450 cura
717 4412 892 4451 numerosae
914 4393 1044 4451 familiae
1065 4412 1202 4468 preseuS,
1224 4397 1356 4468 tempore
1378 4395 1483 4453 hiemis

161 4474 198 4531 ad
220 4473 374 4548 angustias
389 4473 547 4547 redigitur:
569 4492 641 4547 quas
663 4479 695 4531 nt
716 4473 876 4549 paullulum
892 4474 1016 4542 levaret,
1038 4479 1126 4531 noctu
1142 4492 1206 4530 cum
1224 4473 1319 4531 amico
1340 4473 1370 4531 in
1387 4474 1484 4533 vicina

162 4554 237 4611 silva
259 4556 371 4629 aliquot
392 4556 514 4612 arbores
536 4552 632 4610 caedit
656 4561 743 4629 atque
765 4554 879 4612 domum
902 4559 1052 4629 asportat,
1081 4559 1113 4610 nt
1138 4553 1241 4611 saltem
1272 4554 1397 4625 habeat,
1427 4576 1482 4631 quo

161 4653 193 4691 se
215 4635 379 4693 calefaciat.
