3106 5168
639 258 758 316 Peccata
775 260 891 314 interna.
1386 269 1428 333 73

190 434 230 500 R.
255 435 285 500 2.
332 431 491 500 Attamen
525 455 581 513 aa,
617 456 701 518 quae
735 435 932 502 intrinsecus
965 438 1055 504 mala
1087 442 1165 505 sunt
1198 459 1304 521 neque
1337 439 1429 505 licita

99 523 243 589 evadere
260 526 398 607 possunt
415 543 580 606 umquam,
604 545 664 609 per
686 525 871 609 appositam
887 526 1108 593 condicionem
1136 528 1182 605 „si
1204 527 1335 595 liceret“
1364 550 1428 594 non

99 612 248 680 evadunt
262 633 300 678 re
314 610 386 696 ipsa
397 611 545 691 honesta,
562 634 636 679 cum
652 614 796 681 condicio
811 614 854 682 sit
869 615 966 699 plane
980 615 1199 699 impossibilis.
1224 617 1427 683 Desiderium

99 701 203 785 igitur
225 701 321 767 huius
344 701 391 767 rei
415 705 590 785 utcumque
614 703 873 769 condicionatum
895 704 1042 772 continet
1064 707 1217 772 affectum
1241 706 1289 771 rei
1310 707 1427 785 malae,

99 796 201 875 atque
225 790 486 875 peccaminosum
510 796 571 860 est.
618 792 704 858 Hinc
727 798 788 870 est,
812 793 899 875 quod
922 790 1080 861 eiusmodi
1103 796 1241 861 affectus
1268 796 1333 861 odii
1357 796 1428 874 Dei,

100 879 324 963 blasphemiae
353 879 539 946 voluntarie
569 885 745 965 conceptus
777 881 822 949 sit
854 885 888 949 et
919 887 1053 949 maneat
1084 886 1217 951 mortale
1245 890 1427 968 peccatum.

99 969 210 1035 Aliter
231 973 343 1035 tamen
367 968 537 1035 dicendum
561 970 601 1037 de
625 970 803 1050 desideriis,
828 992 913 1054 quae
935 992 1001 1038 non
1022 971 1192 1041 includunt
1214 973 1429 1039 deliberatum

100 1060 257 1125 affectum
289 1057 323 1122 in
354 1078 424 1123 rem
453 1059 602 1140 graviter
631 1061 762 1138 malam,
793 1060 851 1126 sed
881 1061 986 1126 solum
1015 1061 1162 1129 indicant
1188 1065 1429 1149 propensionem

100 1149 295 1231 naturalem,
319 1168 384 1230 qua
402 1146 499 1214 facile
514 1149 622 1215 soleat
645 1149 723 1216 orin'
745 1170 850 1233 prava
866 1149 1140 1234 concupiscentia.
1175 1152 1228 1217 Sic
1244 1151 1300 1234 qui
1319 1151 1429 1217 dicens

103 1237 282 1316 „ultionem
297 1256 460 1302 sumerem
484 1237 524 1303 de
546 1237 686 1317 inimico,
705 1239 887 1306 fornicarer
901 1243 975 1318 ete,
999 1238 1027 1304 si
1050 1245 1222 1323 peccatum
1237 1262 1302 1306 non
1318 1245 1425 1307 esset“

99 1327 205 1392 nollet
225 1325 357 1409 quidem
378 1325 459 1392 haec
482 1347 547 1392 uon
570 1347 642 1393 esse
665 1332 819 1411 peccata,
843 1328 901 1393 sed
925 1328 1154 1396 manifestaret
1177 1350 1212 1395 se
1235 1333 1304 1395 tam
1329 1330 1429 1396 vehe-

100 1420 247 1483 mentem
262 1416 377 1482 harum
392 1435 502 1481 rerum
519 1416 754 1500 appet'tionem
771 1416 905 1495 sentire,
928 1421 967 1484 ut
988 1438 1062 1484 eam
1085 1439 1151 1484 000
1173 1424 1346 1503 superaret
1367 1418 1430 1485 nisi

100 1503 364 1572 consideratione
393 1505 522 1588 peccati
554 1509 588 1571 et
619 1511 775 1574 aeternae
804 1527 930 1590 poenae
958 1512 1088 1585 reatus,
1113 1507 1169 1590 qui
1190 1507 1428 1574 incurreretur:

101 1630 144 1640 -
161 1615 243 1660 sane
259 1614 324 1659 non
339 1597 492 1677 peccaret
506 1595 665 1677 graviter,
688 1595 788 1662 immo
806 1617 848 1661 ex
867 1616 903 1661 se
919 1616 1024 1678 neque
1040 1596 1167 1665 leviter.
1203 1596 1250 1663 cf.
1268 1597 1300 1663 S.
1317 1597 1429 1682 Alph.

101 1683 142 1762 V,
166 1686 225 1759 13;
248 1682 360 1748 Marc
382 1705 414 1749 n.
437 1685 512 1750 349.

191 1789 231 1856 R.
252 1792 282 1855 3.
318 1789 391 1855 Etsi
407 1789 578 1868 obiectum,
596 1793 680 1877 qnod
696 1789 910 1869 desideratur,
932 1811 992 1874 per
1006 1791 1192 1875 appositam
1208 1790 1431 1859 condicionem

100 1878 226 1944 evadat
244 1877 386 1957 licitum;
410 1877 481 1944 fieri
503 1884 615 1945 tamen
638 1882 758 1963 potest,
783 1884 820 1945 ut
842 1899 999 1962 praesens
1015 1879 1211 1946 desiderium
1234 1885 1272 1948 ut
1294 1883 1431 1949 affectus

100 1968 265 2034 sensibilis
294 1967 555 2052 peccaminosum
586 1968 649 2035 dici
679 1968 806 2035 debeat.
857 1969 909 2034 lta
939 1968 1136 2035 desiderium
1165 1973 1259 2036 actus
1289 1971 1430 2037 carnalis

100 2058 162 2122 sab
186 2057 374 2123 condicione
397 2057 483 2141 quod
505 2057 623 2122 mulier
645 2057 689 2123 sit
711 2057 812 2141 ipsius
835 2078 929 2135 uxor,
962 2079 1028 2123 non
1051 2080 1093 2124 ex
1117 2058 1243 2126 obiecto
1268 2060 1431 2126 condicio-

193 2284 246 2349 Ao
269 2303 462 2359 eunusrruu
486 2285 524 2347 2m
548 2283 587 2349 R.
610 2286 638 2351 1.
686 2282 782 2350 Certo
805 2282 883 2349 licet
912 2282 1057 2366 gaudere
1081 2283 1121 2349 de
1145 2285 1263 2351 effectu
1289 2284 1375 2350 bono
1397 2283 1494 2350 in144

101 2395 138 2440 00
162 2376 330 2457 spectat03
354 2394 430 2439 nam
450 2371 536 2455 quod
557 2393 689 2438 causam
713 2371 864 2438 habuerit
885 2372 1017 2451 malam,
1041 2373 1172 2440 effectui
1195 2394 1260 2439 non
1282 2372 1432 2442 inhaeret

102 2482 210 2546 neque
233 2460 315 2528 facit
337 2482 412 2527 eum
434 2461 556 2527 malum
580 2461 634 2527 vel
657 2482 722 2526 uon
746 2461 965 2545 appetibilem.

192 2576 232 2643 R.
254 2579 284 2642 2.
323 2576 420 2642 Certo
436 2576 594 2642 nonlicet
617 2575 658 2642 ds
682 2596 782 2643 causa
805 2575 862 2641 illa
884 2575 983 2655 mala,
1007 2580 1045 2643 ut
1068 2577 1244 2655 catinae,
1268 2577 1430 2659 gaudere;

102 2687 180 2732 nam
212 2665 297 2748 quod
328 2666 480 2731 effectum
510 2665 630 2731 bonum
662 2665 871 2750 produxerit,
902 2686 967 2730 non
998 2669 1050 2731 est
1079 2665 1180 2744 ratio,
1212 2687 1270 2732 cur
1300 2665 1432 2749 aliquod

101 2756 136 2820 in
166 2775 203 2820 se
232 2755 354 2820 malum
384 2753 496 2838 appeti
525 2755 640 2838 possit.
687 2754 779 2821 Sicut
808 2754 893 2819 enim
925 2775 990 2820 non
1019 2755 1098 2822 licet
1126 2753 1236 2821 facere
1266 2756 1364 2834 mala,
1396 2759 1433 2822 ut

102 2843 261 2911 eveniant
284 2844 379 2921 bona,
402 2844 451 2911 ita
474 2864 580 2926 neque
603 2843 681 2910 lieet
703 2844 791 2909 mala
815 2864 943 2927 cupere.

194 2949 233 3017 R.
259 2952 289 3017 3.
336 2949 370 3017 si
392 2950 533 3017 sumitur
556 2951 643 3017 actio
673 2970 731 3015 seu
761 2971 861 3016 causa
884 2950 941 3016 illa
964 2949 1069 3026 mala,
1100 2971 1164 3015 non
1188 2954 1225 3015 ut
1248 2953 1299 3015 est
1330 2949 1364 3014 in
1387 2970 1433 3029 se,

103 3039 164 3106 sed
193 3040 255 3104 sub
287 3038 417 3105 formali
447 3045 606 3124 conceptu
637 3060 756 3105 causae
783 3038 920 3105 alicuius
950 3038 1041 3105 boni:
1073 3038 1174 3107 etiam
1203 3037 1352 3103 illicitum
1383 3042 1435 3104 est

102 3133 174 3195 tum
191 3129 309 3195 saltem
326 3128 366 3193 de
382 3149 422 3193 ea
436 3129 590 3211 gaudere,
615 3129 745 3211 quando
769 3127 937 3212 proportio
960 3149 1026 3194 non
1041 3133 1094 3194 est
1115 3129 1202 3194 inter
1225 3128 1376 3193 effectum
1400 3132 1435 3193 et

104 3239 249 3284 causam.
285 3217 372 3283 Nam
396 3217 423 3282 si
447 3217 632 3301 praeferam
656 3217 747 3282 illum
772 3219 922 3283 effectum
939 3219 1069 3294 bonum,
1093 3237 1150 3282 seu
1174 3215 1203 3281 si
1225 3216 1316 3281 illurn
1338 3218 1434 3282 effec-

104 3313 175 3375 tum
199 3307 319 3372 bonum
343 3306 451 3390 potius
474 3307 584 3385 velim,
609 3328 705 3389 quam
730 3307 829 3372 nolim
854 3328 986 3372 causam
1008 3306 1139 3382 malam,
1171 3326 1210 3370 eo
1233 3305 1304 3389 ipso
1327 3307 1374 3382 fit,
1397 3310 1435 3372 ut

104 3396 252 3464 ordinem
276 3395 425 3461 caritatis
449 3397 501 3461 vel
525 3396 625 3463 etiam
649 3394 795 3462 iustitiae
819 3395 945 3462 aliusve
969 3395 1101 3461 virtutis
1125 3395 1264 3462 laedam.

196 3511 235 3576 R.
255 3513 286 3577 4.
321 3510 359 3575 In
375 3509 448 3575 aliis
464 3510 593 3577 casibus
609 3509 665 3576 alii
681 3510 779 3577 aliter
794 3510 980 3593 loquuntur.
1013 3510 1135 3576 Verum
1150 3509 1289 3574 multum
1305 3508 1436 3575 videtur

106 3600 147 3666 lis
171 3599 212 3665 de
235 3601 335 3665 verbo
359 3620 449 3677 esse;
473 3621 549 3665 nam
573 3601 743 3666 detestans
763 3599 925 3665 actionem
942 3599 1063 3665 malam
1078 3619 1211 3683 possum
1229 3597 1436 3664 nihilomiuus

106 3689 238 3756 omnino
261 3690 398 3755 honeste
421 3690 575 3772 gaudere,
601 3690 686 3772 quod
716 3689 797 3754 haec
829 3688 901 3772 ipsa
931 3687 1018 3755 actio
1048 3688 1136 3753 mala
1159 3687 1352 3771 produxerit
1375 3686 1435 3753 ali·

107 3779 194 3862 quod
217 3779 347 3857 bonum,
371 3799 429 3845 seu
452 3778 597 3861 gaudere
619 3778 659 3844 de
682 3778 743 3843 hac
763 3798 847 3860 quae
870 3777 991 3843 actioni
1015 3777 1204 3859 ceteroquin
1227 3776 1335 3842 malae
1358 3775 1437 3843 insit

108 3867 305 3943 condicione,
331 3868 487 3934 causandi
511 3867 638 3934 scilicet
661 3868 746 3933 boni.
782 3866 872 3944 Quod
896 3865 1003 3949 magis
1018 3865 1110 3931 valet
1125 3866 1165 3931 de
1182 3865 1312 3932 actione
1330 3869 1436 3932 mate·

107 3957 234 4023 rialiter
250 3957 380 4039 quidem
396 3962 511 4024 contra
526 3958 643 4040 legem,
667 3957 724 4022 sed
740 3956 782 4022 ab
799 3959 919 4038 agente
935 3955 1176 4039 inculpabiliter
1191 3954 1311 4039 posita,
1332 3976 1436 4038 eaque

107 4047 178 4125 tali,
203 4050 240 4112 ut
263 4045 459 4112 obiectivam
481 4046 642 4113 malitiam
665 4045 874 4113 intrinsecam
899 4065 964 4110 000
987 4044 1169 4112 retinuerit.
1212 4044 1260 4111 Of.
1284 4045 1436 4110 Bucce-

109 4134 217 4212 roni,
241 4137 459 4202 Institutione
482 4136 507 4214 Ι,
532 4139 572 4202 de
591 4158 674 4221 pecc.
699 4136 725 4214 I,
751 4137 789 4212 8;
819 4135 874 4200 To.
899 4157 939 4200 an.
963 4134 989 4210 l,
1014 4137 1073 4211 243
1101 4134 1213 4200 Marc
1236 4155 1266 4200 n.
1293 4135 1368 4199 353.

199 4269 252 4334 Ao
275 4286 466 4343 0000οι000
490 4269 530 4332 3”ι
559 4266 598 4335 R.
621 4268 650 4334 1.
695 4266 733 4331 In
763 4263 931 4331 desideriis
960 4264 1120 4331 vindictae
1149 4267 1183 4329 et
1210 4264 1498 4347 fornicationibus,

108 4356 306 4439 Evergistus
329 4377 409 4422 sane
431 4360 521 4423 recte
544 4377 609 4421 non
632 4355 710 4439 egit.
755 4354 878 4421 Verum
907 4353 935 4419 si
965 4375 1001 4419 re
1030 4354 1104 4438 ipsa
1126 4374 1191 4417 non
1214 4351 1304 4418 coxit
1328 4352 1438 4417 odium

108 4447 163 4512 vel
187 4443 363 4525 libidinem,
392 4446 450 4513 sed
473 4445 717 4512 inclinationem
739 4465 832 4510 suam
855 4443 1110 4510 involuntariam
1140 4445 1269 4507 tantum
1298 4440 1437 4523 prodere

107 4535 224 4614 voluit,
255 4556 319 4601 non
349 4535 499 4620 peccavit
525 4535 710 4601 mortaliter
740 4555 845 4616 neque
874 4532 1005 4617 proprie
1034 4531 1195 4614 loquendo
1225 4528 1435 4596 desideravit.

107 4625 285 4693 Busenb.
310 4625 396 4708 apud
419 4625 451 4691 S.
472 4625 588 4708 Alph.
614 4624 634 4690 l.
655 4622 685 4688 V
709 4621 766 4704 (al.
790 4622 845 4706 II),
873 4623 923 4688 13.
