3106 5168
160 254 224 319 296
297 249 338 304 De
357 249 505 305 virtutibus
523 255 551 305 ot
569 249 665 305 officiis
683 266 748 319 erga
766 249 896 303 homiues.
916 278 952 287 -
970 248 1021 304 Off.
1041 250 1113 304 circa
1130 250 1200 305 bona
1218 254 1340 305 externa.

370 480 608 555 BONORUM
635 479 954 554 PRIVATORUM
983 479 1267 566 ACQUISITIO.

469 666 664 734 PRIVATA
686 666 904 734 BONORUM
931 664 1167 734 POSSESSIO.

713 825 823 891 casus.
851 831 927 899 (173)

247 964 411 1042 Polydorus
438 965 516 1023 inter
540 964 737 1042 operariorum
763 969 865 1024 coetus
893 965 1002 1024 multas
1030 964 1144 1023 audivit
1168 962 1349 1025 abiectiones
1379 971 1483 1024 contra

158 1046 377 1121 possessionem
391 1044 553 1122 privatam:
575 1052 683 1103 terram
698 1064 765 1105 esse
779 1063 832 1123 pro
848 1044 992 1115 omnibus,
1013 1064 1135 1121 eamque
1150 1063 1203 1121 pro
1218 1043 1353 1103 omnibus
1367 1044 1483 1103 fructus

157 1125 251 1196 ferre;
274 1126 344 1184 hinc
365 1125 505 1184 iniustum
527 1144 609 1194 esse,
631 1144 696 1183 eam
717 1127 754 1184 ab
776 1125 921 1200 aliquibus
943 1124 1082 1200 occupari
1102 1124 1233 1201 aliosque
1254 1125 1371 1183 excludi
1394 1131 1482 1201 atque

158 1205 295 1265 miseriae
315 1206 444 1282 famique
466 1205 619 1275 devoveri;
644 1206 749 1264 saltem
771 1205 932 1264 universali
953 1205 1053 1281 populi
1073 1205 1227 1263 voluntate
1248 1204 1396 1281 privatam
1418 1225 1482 1281 pro·

158 1285 314 1361 prietatem
336 1286 447 1345 aboleri
467 1293 498 1344 et
520 1285 549 1344 in
572 1304 753 1344 communem
774 1285 992 1362 possessionem
1015 1286 1187 1344 commutari
1207 1303 1312 1361 posse,
1340 1284 1429 1360 idque
1451 1292 1483 1344 ut

158 1366 212 1424 fiat
232 1365 380 1443 expedire.
421 1365 506 1443 lpse,
528 1365 596 1440 quid
618 1365 780 1425 efficaciter
800 1364 993 1442 respondeat,
1015 1384 1075 1423 non
1095 1365 1184 1442 plane
1204 1363 1361 1441 perspicit;
1390 1384 1483 1441 quare

157 1470 333 1541 Qossmrcn
357 1475 385 1530 1⁰
410 1491 467 1547 quo
487 1471 550 1530 iure
571 1471 684 1530 nitatur
704 1471 822 1548 privata
843 1471 1002 1547 possessio.

356 1561 385 1618 2⁰
410 1561 544 1638 possitne
565 1561 711 1697 {ommuni
738 1560 880 1635 suffragio
901 1561 948 1618 vel
976 1559 1105 1637 positiva
1126 1559 1192 1635 lege
1215 1558 1411 1618 communitas
1431 1560 1482 1618 bo·

409 1659 513 1699 norum
533 1660 564 1698 m
586 1659 641 1699 ucr.

355 1729 385 1787 3⁰
411 1729 479 1804 quid
501 1729 536 1787 ad
559 1729 691 1788 rationes
713 1728 821 1789 allatae
842 1728 1077 1805 respondendum
1098 1727 1147 1787 sit.

751 1910 886 1978 Salutio.
900 1946 907 1963 ι

95 2047 146 2101 581
246 2044 299 2107 An
322 2063 512 2117 ouansrrun
538 2046 576 2107 1¹²
604 2043 642 2110 R.
671 2046 698 2108 l.
751 2043 875 2107 Divisio
906 2043 1062 2107 bonorum
1093 2046 1127 2108 et
1155 2043 1288 2126 privata
1316 2043 1481 2126 possessio

156 2133 247 2196 certo
277 2130 386 2214 aliquo
417 2153 514 2197 sensu
544 2130 623 2197 iuris
654 2131 818 2212 gentium,
850 2135 940 2197 certo
964 2131 1073 2213 aliquo
1097 2152 1193 2197 sensu
1218 2131 1296 2196 iuris
1320 2133 1482 2198 naturalis

157 2224 218 2286 ast.
261 2220 344 2285 luris
367 2221 513 2303 gentium
536 2225 571 2286 et
593 2220 726 2305 positivi
750 2225 801 2287 est
824 2225 971 2297 eatenus,
996 2225 1156 2302 quatenus
1179 2242 1244 2285 non
1266 2221 1338 2304 ipsa
1361 2226 1481 2288 natura

157 2309 242 2374 bona
265 2309 331 2375 iam
350 2308 470 2386 divisit,
494 2309 553 2374 sed
575 2331 634 2394 per
649 2309 736 2392 ipsos
753 2308 909 2385 homines,
934 2307 1052 2390 ubique
1074 2314 1194 2387 tamen,
1219 2310 1349 2375 demum
1365 2310 1480 2375 divisio

156 2397 248 2463 facta
270 2402 330 2464 est.
368 2397 453 2464 Iuris
477 2399 637 2464 naturalis
657 2397 775 2464 dicitur
790 2419 873 2475 esse,
898 2398 973 2481 quia
997 2398 1068 2482 ipsa
1090 2398 1175 2464 rat-io
1199 2398 1359 2464 naturalis
1376 2399 1482 2466 dictat

157 2507 222 2552 non
235 2486 350 2552 solum
373 2487 495 2552 homini
518 2488 626 2552 inesse
640 2487 833 2553 facultatem
849 2487 1008 2568 quaedam
1025 2486 1086 2551 sibi
1102 2487 1269 2552 exclusive
1284 2489 1480 2564 assumendi,

157 2575 334 2642 sedetiam
359 2575 400 2640 ad
424 2577 598 2642 humanam
615 2575 717 2641 vitam
741 2597 813 2642 esse
837 2575 1054 2641 necessariam
1078 2581 1201 2641 certam
1218 2576 1382 2659 quandam
1399 2576 1480 2642 divi·

157 2664 281 2730 sionem
306 2685 430 2740 rerum,
462 2665 576 2746 quibus
600 2665 735 2747 quisque
758 2665 979 2750 particulatim
1003 2668 1132 2739 utatur,
1163 2664 1233 2729 sive
1262 2665 1385 2731 relictis
1411 2666 1480 2732 sive

157 2774 222 2818 non
238 2751 360 2820 relictis
384 2753 456 2820 aliis
479 2753 512 2818 in
528 2754 733 2837 possessione
748 2755 822 2837 plus
838 2753 986 2818 minusve
1002 2753 1173 2820 communi.
1212 2752 1272 2835 (Of.
1298 2755 1329 2820 S.
1345 2754 1478 2821 Thom.

158 2845 188 2920 2,
215 2845 244 2919 2,
269 2865 299 2925 q.
325 2845 377 2921 66,
402 2863 431 2908 a.
457 2844 502 2924 2.)

248 2948 284 3015 R.
311 2951 340 3016 2.
387 2949 470 3014 Iuris
493 2948 653 3014 naturalis
684 2948 874 3033 simpliciter
898 2949 1058 3030 loquendo
1089 2954 1140 3014 est
1170 2949 1312 3014 facultas
1343 2951 1480 3032 singulis

156 3038 339 3103 hominibus
359 3038 466 3112 insita,
492 3060 555 3121 qua
572 3038 697 3120 possint
721 3059 880 3122 occupare
903 3037 1027 3119 sibique
1050 3037 1182 3121 propria
1198 3038 1306 3102 facere
1323 3059 1372 3114 ea,
1398 3062 1480 3121 quae

157 3128 298 3192 nondum
329 3128 540 3211 aquopiam,
572 3127 592 3193 i.
618 3148 646 3192 e.
675 3148 781 3208 neque
811 3148 831 3192 a
860 3126 999 3209 privatis
1029 3126 1266 3209 individuisque
1297 3127 1480 3194 hominibus

157 3238 262 3298 neque
286 3238 305 3281 a
330 3237 531 3299 quacumque
556 3216 798 3292 communitate,
823 3220 983 3299 occupata
1007 3222 1092 3282 sunt.

246 3323 284 3388 R.
303 3325 332 3389 3.
368 3323 422 3388 lus
445 3323 524 3387 illud
547 3322 701 3406 privatim
727 3322 910 3405 possidendi
935 3321 1008 3404 lege
1032 3322 1142 3386 divina
1165 3321 1294 3387 omnino
1319 3323 1479 3389 sancitum

112 3465 114 3470 ,
156 3411 322 3489 habemus
348 3433 419 3476 curn
444 3413 574 3478 iubente
591 3413 660 3476 Deo
683 3417 807 3477 terram
830 3410 1051 3494 promissionis
1067 3412 1198 3494 Moyses
1222 3415 1255 3477 et
1278 3411 1376 3478 losua
1399 3412 1480 3478 divi·

157 3500 288 3576 derent,
322 3505 420 3582 atqua
451 3502 539 3565 Deus
572 3501 605 3565 in
635 3500 790 3583 decalogo
821 3501 998 3565 laesionem
1029 3500 1208 3565 alienarum
1240 3501 1480 3584 possessionum

157 3609 272 3652 severe
296 3589 506 3673 prohibuerit.

96 3717 148 3770 582
247 3700 299 3765 An
319 3724 509 3777 Qusasrruu
534 3708 572 3767 2¹¹¹
596 3705 634 3770 R.
655 3707 682 3770 1.
730 3703 854 3785 Singuli
878 3703 1017 3785 quidem,
1043 3703 1096 3784 qui
1121 3704 1245 3778 volunt,
1271 3725 1323 3768 res
1346 3726 1425 3769 suas
1448 3704 1479 3768 in

159 3811 327 3855 commune
351 3793 498 3857 conferre
521 3799 673 3876 possunt;
705 3792 852 3858 nolentes
876 3814 953 3857 vero
978 3792 1070 3856 bonis
1094 3793 1161 3857 suis
1185 3792 1324 3874 privatis
1347 3793 1480 3874 iureque

159 3879 346 3960 acquirendi
370 3881 492 3963 privari
517 3904 579 3945 non
603 3885 749 3965 possunt,
775 3902 880 3962 neque
903 3903 961 3965 per
980 3883 1132 3964 populum
1158 3903 1262 3963 neque
1286 3902 1344 3964 per
1363 3883 1479 3963 legem,

160 3968 235 4050 quia
252 3968 320 4032 iure
337 3970 495 4051 acquisito
513 3971 653 4052 aliquem
677 3972 807 4054 privare
831 3969 986 4035 iniustum
1010 3976 1070 4045 est,
1096 3969 1157 4034 nisi
1176 3972 1293 4035 bonum
1312 3992 1481 4036 commune

159 4057 191 4122 id
222 4058 455 4140 postulaverit;
488 4060 542 4124 lex
572 4065 681 4124 autem
712 4059 833 4124 iniusta
857 4080 933 4124 vere
964 4081 1027 4123 non
1052 4065 1102 4124 est
1125 4061 1189 4125 lex.
1237 4059 1378 4125 Tantum
1404 4082 1480 4125 vero

159 4146 269 4222 abest,
300 4151 337 4212 ut
367 4149 485 4213 bonum
510 4170 677 4213 commune
708 4148 852 4232 postulet
883 4149 1085 4230 privatarum
1115 4147 1355 4232 possessionum
1380 4150 1481 4213 aboli-

159 4237 297 4314 tionem,
328 4242 364 4303 ut
388 4238 496 4320 potius
520 4259 576 4302 eas
600 4258 803 4320 summopere
827 4237 965 4303 suadeat
989 4238 1040 4301 vel
1065 4238 1179 4302 morali
1204 4237 1343 4318 quadam
1369 4260 1481 4303 neces·

159 4326 258 4390 sitate
283 4326 404 4408 exigat.

248 4432 286 4495 R.
312 4434 340 4496 2.
389 4431 635 4497 Potesttamen
659 4432 729 4496 fieri
752 4435 886 4515 propter
910 4430 1109 4511 exigentiam
1134 4431 1208 4494 boni
1232 4432 1421 4507 communis,
1446 4439 1483 4498 ut

160 4525 250 4584 certa
267 4521 425 4601 quaedam
451 4542 571 4601 genera
595 4521 750 4585 bonorum
775 4520 996 4584 subducantur
1012 4520 1203 4584 commercio
1228 4525 1262 4586 et
1286 4522 1482 4603 possessioni

160 4608 309 4690 privatae
340 4631 377 4674 ac
408 4609 455 4673 rei
486 4610 631 4693 publicae
660 4611 712 4674 vel
743 4609 966 4674 communitati
998 4614 1223 4686 reserventur,
1254 4610 1351 4691 idque
1383 4612 1482 4676 etiam
