3106 5168
170 277 234 340 336
309 272 349 327 De
367 272 515 327 virtutibus
533 276 562 326 et
579 271 679 327 officiis
697 289 762 341 arga
780 271 911 326 homines.
930 302 963 312 -
984 270 1036 325 Off.
1055 271 1128 326 circa
1145 273 1216 327 bona
1234 277 1357 328 externa.

170 448 261 530 leges
284 447 398 513 civiles
420 446 590 531 positivus,
613 448 713 514 etiarn
737 448 807 514 cod.
833 447 961 524 Germ,
985 447 1056 531 ipse
1078 452 1174 531 pater
1197 447 1317 512 damna
1339 468 1497 534 reparare

170 542 318 614 tenetur3
343 537 440 620 idque
462 536 532 603 sine
548 535 644 603 dubio
667 541 744 621 post
767 536 1069 602 condemnationem
1085 536 1226 603 aiudice
1248 536 1372 603 factam
1397 538 1497 604 etiam

170 627 204 691 in
228 626 427 691 conscientia
449 624 559 691 facere
583 626 689 692 debet.
735 626 845 692 Antea
867 647 964 703 vero,
995 647 1193 710 quamquam
1216 627 1346 710 culpam
1368 627 1497 694 theolo-

170 715 279 798 gicam
301 735 438 798 gravem
456 714 627 792 commisit,
651 737 724 780 eom
749 716 791 782 ad
814 716 1056 800 reparationem
1077 715 1292 781 condemnare
1315 735 1381 781 non
1398 738 1498 783 ausus

171 804 249 882 sim,
281 802 357 886 quia
379 803 549 886 neglectus
577 805 691 888 gravis
719 804 753 869 in
776 826 855 871 cura
884 808 1023 889 patema
1046 803 1157 870 debita
1186 807 1357 888 peccatum
1382 808 1498 871 contra

170 892 328 978 pietatem
352 896 414 972 est,
438 915 502 958 non
518 891 743 960 videturesse
766 898 881 960 contra
903 893 1080 970 institiam;
1104 914 1208 975 neque
1231 898 1327 976 pater
1350 893 1498 961 iustitiae

172 981 405 1064 obligationem
428 982 552 1059 babuit,
576 983 634 1048 sed
653 982 811 1061 caritatis,
836 982 1008 1049 avertendi
1024 983 1177 1047 damnum
1193 981 1322 1048 abonis
1344 983 1496 1067 proximi,

171 1071 257 1154 quod
273 1093 294 1137 a
308 1070 375 1136 filio
391 1072 522 1155 plenum
538 1092 632 1136 usum
647 1071 786 1138 rationis
800 1073 941 1138 habente
957 1072 1187 1138 inferrebatur.
1225 1072 1343 1149 Aliter,
1367 1073 1396 1137 ei
1413 1073 1497 1138 filius

171 1182 266 1225 usum
288 1160 419 1244 plenum
437 1160 574 1227 rationis
589 1161 643 1226 vel
660 1160 859 1227 deliberandi
882 1161 1076 1227 facultatem
1099 1159 1241 1225 nondum
1264 1161 1389 1227 habens
1407 1162 1497 1227 dam-

172 1271 249 1315 num
272 1249 372 1316 tertio
396 1254 521 1328 causat,
546 1255 683 1333 parente
706 1249 845 1317 conscio.

423 1467 684 1535 RES'llTUTIO
709 1469 768 1534 EX
792 1468 932 1534 CULPA
956 1468 1152 1534 IURIDIoA
1177 1468 1247 1553 (II).

730 1620 842 1687 Casus.
868 1629 945 1698 (202)

263 1761 406 1831 Proteus,
433 1760 671 1837 ludimagister,
697 1762 831 1820 alumnos
853 1781 923 1821 suos
945 1762 1102 1822 comitatur
1123 1763 1160 1821 ad
1181 1761 1347 1820 faciendam
1370 1761 1497 1838 aliquam

176 1840 389 1901 excursionem.
418 1841 527 1900 Verum
548 1842 653 1900 horum
674 1842 765 1918 aliqui
784 1842 921 1918 procacis
942 1843 1063 1917 ingenii,
1084 1842 1233 1917 agricolae
1254 1862 1347 1916 grave
1362 1843 1496 1901 damnum

175 1920 322 1990 inferunt,
353 1925 471 1996 segetes
492 1922 702 1982 conculcando.
744 1920 799 1991 Qui
821 1940 886 1980 cum
908 1925 946 1981 ab
967 1923 1029 1994 his,
1057 1928 1159 1999 utpote
1179 1922 1295 2000 pueris,
1322 1942 1382 1982 non
1404 1922 1499 2000 possit

176 2000 273 2059 damni
294 2001 511 2061 restitutionem
533 2003 681 2078 recipere,
709 2021 804 2077 neque
825 2021 877 2062 eoa
898 2003 930 2061 in
950 2002 996 2061 ius
1017 2022 1142 2074 vocare,
1163 2002 1292 2072 insistit,
1318 2009 1352 2062 ut
1372 2001 1498 2062 Proteus

176 2080 233 2140 sibi
254 2082 389 2140 damnum
410 2082 560 2152 restituat,
582 2082 688 2159 quippe
710 2083 759 2159 qui
779 2082 851 2141 illud
872 2082 1013 2159 impedire
1035 2082 1177 2142 debuerit.

176 2185 353 2256 Qnauarrnn
375 2189 404 2246 1⁰
427 2192 603 2279 teneaturna
624 2187 752 2247 Proteus
772 2188 803 2247 in
824 2188 888 2248 foro
910 2188 1111 2248 conscientiae
1139 2188 1240 2247 statim
1267 2187 1340 2246 illud
1362 2188 1498 2247 damnum

429 2287 584 2328 resarcire.

375 2357 406 2414 2ο
431 2357 574 2416 debeatne
596 2357 625 2416 id
640 2358 739 2416 iacere
759 2363 827 2434 poat
847 2358 1026 2416 sententiam
1044 2357 1150 2416 iudicis
1165 2358 1221 2416 hoo
1234 2357 1413 2417 restituendi
1428 2377 1500 2416 onus

429 2437 472 2496 illi
493 2438 680 2514 imponentis.

769 2542 906 2610 Solutio.

116 2701 169 2755 664
265 2675 319 2740 An
343 2696 533 2752 ouaasrruu
560 2681 596 2740 1¹¹¹
620 2675 658 2742 R.
705 2676 843 2742 Proteus
865 2676 935 2741 sine
959 2677 1055 2741 dnbio
1079 2676 1218 2742 alumnis
1247 2681 1282 2743 et
1310 2676 1423 2760 pueris
1452 2676 1500 2741 in·

177 2763 317 2846 vigilare
331 2770 473 2843 tenetur,
498 2766 652 2846 quamdin
676 2769 753 2832 eunt
775 2766 835 2830 sub
852 2766 921 2830 eius
944 2767 1060 2831 tutela.
1099 2765 1206 2843 Quare
1222 2766 1250 2830 si
1272 2766 1360 2831 inter
1383 2787 1500 2850 pueros

177 2858 270 2931 sunt,
302 2854 357 2935 qui
386 2854 600 2920 sufficientem
625 2854 851 2920 discretionem
875 2856 1016 2920 nondum
1046 2855 1184 2933 habent,
1215 2855 1339 2937 bosque
1362 2854 1502 2921 Proteus

178 2943 444 3009 animadvertens
466 2944 545 3010 sinit
568 2944 720 3009 damnum
744 2944 832 3026 agris
856 2944 992 3009 inferre:
1016 2945 1072 3009 boc
1095 2944 1247 3009 damnum
1272 2947 1350 3009 ante
1373 2965 1500 3010 omnem

177 3031 293 3097 iudicis
323 3033 520 3099 sententiam
550 3033 619 3116 ipse
649 3054 804 3116 reparare
834 3036 973 3099 tenetur.
1020 3033 1096 3098 Alia
1126 3034 1246 3099 damna
1275 3053 1341 3098 non
1370 3037 1502 3099 tenetur

177 3121 337 3186 resarcire
359 3122 433 3187 ilico
458 3143 500 3187 ex
522 3143 567 3188 se.

267 3237 320 3301 Ao
352 3257 542 3312 ounnmron
576 3240 614 3301 2¹¹²
646 3238 685 3303 R.
738 3237 860 3301 Verum
893 3235 954 3302 etsi
986 3236 1077 3320 pueri
1109 3236 1240 3319 plenam
1272 3236 1499 3303 discretionem

178 3326 289 3409 adepti
313 3330 424 3403 erant,
455 3326 660 3390 nibilominus
684 3347 725 3390 ex
748 3327 822 3407 lege
845 3326 987 3408 positiva
1009 3325 1149 3390 Proteus
1173 3346 1290 3390 cavere
1313 3326 1413 3391 debet
1444 3347 1500 3409 pro

179 3416 295 3480 damno
320 3415 361 3479 ab
385 3415 424 3478 iis
447 3414 540 3479 illato
563 3420 639 3497 post
660 3414 774 3479 iudicis
797 3414 1004 3479 sententiam.
1044 3414 1163 3480 Iudicis
1187 3415 1286 3480 etiam
1310 3419 1363 3480 est
1378 3415 1500 3488 videre,

179 3525 263 3585 quae
286 3503 353 3568 sint
376 3524 510 3580 causae,
535 3523 619 3584 quae
642 3504 818 3568 secundum
841 3503 932 3584 leges
956 3503 1109 3568 Proteum
1133 3525 1154 3568 a
1177 3503 1352 3587 reparandi
1375 3505 1501 3586 obliga·

178 3593 267 3658 tione
290 3593 439 3657 liberent.
478 3593 558 3657 Post
580 3592 760 3673 legitimam
783 3592 980 3658 sententiam
1004 3592 1107 3658 latam
1131 3593 1228 3658 etiam
1252 3593 1285 3657 in
1302 3594 1501 3659 conscientia

179 3680 288 3745 damni
318 3681 482 3764 reparatio
507 3682 654 3748 debetur.
701 3681 819 3758 Quodsi
849 3683 904 3746 ille
929 3681 983 3762 qui
1012 3681 1121 3746 laesus
1144 3687 1211 3759 est,
1242 3682 1381 3747 iudicem
1413 3683 1501 3749 adire

180 3770 223 3834 sit
245 3775 391 3853 paratus,
417 3771 507 3851 isque
524 3770 699 3835 secundum
723 3771 812 3850 leges
828 3770 983 3836 Proteum
999 3776 1090 3836 certo
1107 3773 1398 3837 condemnaturus:
1423 3793 1500 3837 sane

180 3859 348 3935 convenit,
379 3864 432 3937 nt,
462 3859 603 3924 iudiciali
628 3859 791 3924 sententia
813 3881 879 3924 non
902 3865 1112 3943 exspectata,
1137 3860 1275 3925 Proteus
1298 3882 1358 3945 pro
1384 3862 1500 3927 damno

180 3949 221 4012 ab
238 3948 377 4012 alumnis
393 3954 527 4014 causato
544 3949 653 4013 solvat
676 3985 719 3992 —
742 3969 925 4030 regressum
945 3949 1006 4013 sibi
1030 3971 1166 4014 servans
1189 3951 1221 4013 in
1237 3951 1326 4033 ipsos
1342 3952 1499 4027 alumnos,

180 4037 207 4101 si
231 4037 372 4102 scientes
395 4044 429 4105 et
451 4038 600 4103 volentes
624 4039 776 4102 damnum
799 4037 979 4104 intulerint.

422 4255 682 4321 RESTITUTIO
707 4256 765 4318 EX
789 4255 931 4319 CULPA
955 4254 1150 4320 lUlllDlCA
1175 4254 1261 4336 (ΠΙ).

735 4412 845 4476 Casus.
873 4420 948 4487 (203)

271 4553 435 4620 Isocrateo,
465 4553 511 4610 vir
531 4553 728 4622 industrialia,
758 4552 857 4611 omisit
880 4553 909 4610 in
931 4573 984 4610 sua
1007 4553 1125 4611 officina
1146 4555 1287 4629 quasdam
1310 4558 1444 4615 cautelas
1466 4556 1499 4614 ad

182 4631 366 4706 impedienda
386 4633 548 4691 infortunia
562 4641 658 4708 aptae,
681 4653 754 4709 quas
775 4634 824 4691 lex
839 4634 954 4708 quidem
975 4635 1159 4710 praescribit,
1181 4636 1284 4711 praxis
1298 4641 1400 4696 tamen
1415 4639 1500 4697 etiam
