3106 5168
151 260 215 323 234
268 255 307 310 De
326 255 475 310 virtutibus
493 260 522 310 et
539 254 637 310 officiis
655 270 721 322 erga
740 254 871 309 homines.
888 284 925 294 —
942 255 1066 310 Virtutes
1084 255 1205 310 iustitiae
1222 273 1353 310 annexae.

146 433 286 516 fortasse
306 435 408 516 foer-'rt
429 436 482 498 uio
506 434 549 498 od
571 434 795 498 homicidium:
824 431 866 498 de
894 431 951 498 illo
974 433 1060 498 enim
1087 434 1157 499 solo
1180 433 1272 499 exitu
1294 433 1346 498 ius
1367 430 1474 515 inqui·

148 522 241 588 rendi
265 527 299 589 et
321 522 537 606 respondendi
560 527 622 588 est.
645 560 689 568 -
719 521 920 603 Quamquam
943 522 1044 604 igitur
1066 521 1202 588 Proclus
1223 544 1289 586 non
1312 522 1473 588 commisit

149 612 354 677 mendacium
368 611 498 695 proprie
514 610 647 688 dictum,
670 617 781 677 tamen
797 609 944 693 graviter
959 610 1119 694 peccavit,
1143 611 1242 677 etiam
1263 612 1392 676 secluso
1416 631 1473 676 suo

149 701 240 777 odio,
272 721 332 784 per
360 701 464 766 solam
493 700 584 766 illam
606 698 875 777 affirmationem,
905 699 1002 782 idque
1024 703 1133 765 saltem
1158 709 1268 766 contro
1291 703 1476 781 caritatem,-

149 790 247 854 immo
275 793 356 873 puto
386 789 664 855 confirmationem
695 789 787 854 illam
819 788 1001 855 iudicialem
1034 788 1136 854 fuisse
1166 798 1277 854 contro
1308 791 1473 872 iustitium,

149 879 211 944 nisi
234 878 396 945 addiderit
426 878 488 944 sibi
516 884 628 944 tamen
651 899 843 962 persuasum
867 898 939 943 esse
961 877 1103 943 vicinum
1134 899 1227 943 suum
1256 899 1321 943 non
1352 899 1395 943 ex
1425 879 1474 942 in-

149 967 296 1034 tentione
310 967 475 1034 homicidii
491 967 621 1044 exiisse,
644 967 743 1049 idque
757 1005 801 1016 —
817 971 976 1049 quantum
991 968 1095 1052 possit
1118 968 1187 1032 sine
1204 989 1263 1032 suo
1279 966 1474 1050 gravissimo

147 1057 292 1140 periculo
308 1093 351 1103 -
368 1055 521 1122 credibile
536 1056 662 1122 fecerit.
697 1056 761 1122 Sed
783 1055 865 1121 haec
888 1055 950 1121 huc
973 1078 1038 1121 non
1053 1056 1234 1140 pertinent3
1258 1077 1363 1139 neque
1378 1056 1474 1121 huius

147 1145 211 1212 loci
234 1151 285 1213 est
308 1146 477 1231 disputare
500 1146 540 1211 de
563 1144 761 1228 obligatione
785 1145 894 1210 damni
918 1145 1102 1228 reparandi.

86 1260 139 1315 458
238 1253 276 1318 R.
302 1254 332 1318 2.
379 1251 418 1316 In
446 1253 619 1337 posteriorc
648 1270 724 1316 casu
749 1249 841 1315 licuit
863 1250 981 1315 Proclo
1003 1249 1210 1316 restrictione
1232 1250 1290 1316 illa
1311 1250 1378 1325 uti,
1409 1272 1473 1333 qua

148 1342 284 1424 negavit
307 1362 342 1406 se
363 1340 485 1405 vidisse
500 1340 649 1406 Iasonem
665 1343 850 1416 exeuntem,
875 1339 952 1421 quia
974 1360 1010 1404 re
1033 1359 1113 1405 vera
1135 1340 1169 1405 in
1192 1339 1305 1405 ordine
1328 1341 1370 1406 ad
1393 1339 1473 1405 illud

147 1430 282 1509 furtum,
307 1430 348 1496 de
371 1451 435 1512 quo
453 1430 681 1511 quaerebatur,
705 1450 770 1494 non
789 1428 908 1499 exivit:
934 1428 1019 1509 quod
1042 1432 1152 1494 autem
1177 1429 1295 1495 exierit
1318 1429 1360 1494 ad
1385 1429 1472 1494 aliud

147 1519 272 1586 furtum
294 1518 559 1602 perpetrandum,
584 1519 635 1585 hic
658 1518 800 1583 nondum
823 1523 961 1584 venerat
982 1518 1017 1582 in
1040 1518 1273 1599 quaestionem.
1314 1517 1472 1584 Attamen

148 1608 330 1691 generatim
353 1609 386 1673 in
410 1607 567 1672 eiusmodi
591 1627 679 1684 casu,
703 1607 788 1673 sicut
808 1611 921 1673 noster
944 1611 1004 1685 est,
1028 1607 1139 1674 licebit
1155 1607 1255 1672 etiam
1271 1606 1378 1684 fateri,
1404 1611 1473 1673 tum

148 1701 185 1762 ut
208 1698 267 1762 fiat
296 1718 355 1780 pro
378 1696 555 1762 securitate
578 1696 708 1778 publica
731 1693 890 1779 quaedam
913 1696 1079 1779 inquisitio
1102 1701 1218 1762 contra
1246 1697 1326 1760 illud
1349 1697 1472 1763 furtum
1518 1713 1528 1729 ‘³

149 1807 169 1851 a
191 1785 309 1850 Iasone
331 1806 368 1850 re
391 1806 471 1849 vera
494 1788 671 1868 patratum,
696 1785 724 1850 si
746 1786 802 1850 ille
820 1786 918 1852 furtis
937 1789 1088 1851 assuetus
1111 1790 1172 1861 est,
1196 1789 1267 1851 tum
1291 1807 1332 1850 ne
1355 1786 1393 1862 is,
1419 1787 1473 1868 qui

147 1874 372 1957 interrogatus
395 1895 416 1939 a
438 1874 635 1955 magistratu
658 1874 865 1941 restrictione
883 1895 1075 1959 responsum
1094 1875 1246 1953 declinat,
1270 1878 1387 1958 postea
1403 1875 1474 1958 ipse

149 1963 396 2031 difficultatibus
418 1963 607 2029 involvatur
630 1963 682 2028 vel
706 1964 806 2029 etiam
829 1964 961 2048 periurii
984 1967 1165 2030 accusetur.

237 2069 275 2136 R.
295 2071 325 2136 3.
365 2068 456 2145 Quod
473 2072 583 2134 autem
600 2069 734 2134 Proclus
758 2069 791 2134 in
814 2069 996 2153 posteriore
1019 2089 1097 2134 casu
1120 2067 1222 2145 addit,
1247 2089 1310 2151 quo
1327 2068 1473 2135 securius

148 2158 296 2224 Iasonem
321 2159 362 2224 ab
387 2158 474 2223 omni
497 2159 681 2242 suspicione
704 2158 876 2236 defendat,
900 2179 921 2223 a
943 2157 1069 2224 malitia
1092 2158 1252 2223 mendacii
1275 2179 1340 2224 non
1362 2162 1473 2242 potest

149 2247 307 2316 excusari.
354 2247 442 2313 Nam
469 2247 500 2329 1)
524 2247 594 2312 sine
624 2247 691 2313 ulla
720 2247 807 2314 iusta
838 2268 937 2313 causa
966 2248 1008 2313 ad
1038 2245 1277 2313 restrictionem
1307 2247 1391 2312 hanc
1421 2267 1473 2311 re-

148 2337 265 2413 currit;
297 2337 332 2418 2)
354 2336 414 2402 tali
437 2336 541 2402 utitur
563 2336 786 2413 restrictione,
818 2357 901 2419 quae
924 2335 968 2402 sit
990 2356 1070 2420 pure
1094 2334 1255 2402 mentalis.
1302 2335 1362 2412 Qui
1387 2335 1471 2400 enim

148 2424 188 2490 de
211 2424 422 2492 similitudine
444 2425 532 2490 inter
554 2424 700 2490 homines
723 2425 876 2508 loquitur,
908 2425 997 2508 loqui
1027 2424 1266 2490 rationabiliter
1289 2425 1403 2506 nequit
1434 2425 1472 2490 de

146 2513 204 2578 illa
224 2513 446 2591 similitudine,
472 2535 570 2596 quam
586 2535 697 2579 omnes
713 2514 860 2580 homines
875 2515 1003 2581 ratione
1018 2518 1158 2579 naturae
1173 2513 1334 2578 humanae
1351 2513 1472 2578 habent

146 2602 233 2668 inter
263 2623 315 2679 se,
348 2602 406 2668 sed
437 2603 477 2667 de
509 2603 619 2685 aliqua
648 2602 858 2669 similitudine
888 2602 1037 2688 speciali,
1069 2603 1089 2668 i.
1121 2624 1148 2668 e.
1180 2601 1214 2667 in
1243 2601 1471 2673 exterioribus,

146 2691 331 2758 necessario
354 2692 443 2774 loqui
467 2697 500 2758 et
523 2691 670 2775 intellegi
693 2692 799 2758 debet.

473 2918 727 2985 GRATITUDO
751 2919 807 2984 ET
831 2917 1145 2986 INGRATITUDO.

703 3082 814 3148 Casus
842 3087 917 3157 (129)

232 3222 390 3292 Nicander,
411 3241 485 3298 puer
498 3241 609 3297 egenus
624 3242 642 3281 a
656 3223 750 3281 Paulo
765 3228 922 3299 susceptus
944 3229 974 3281 et
995 3222 1137 3280 educatus
1154 3223 1346 3298 omnibusque
1360 3223 1469 3282 litteris

144 3301 316 3371 instructus,
338 3309 442 3379 postea
463 3303 531 3360 huic
553 3303 685 3361 aemulus
706 3303 823 3362 exstitit
843 3303 872 3361 in
895 3302 1087 3361 candidatum
1107 3302 1217 3378 publici
1239 3303 1337 3362 officii.
1373 3305 1472 3378 Atque

145 3382 188 3441 ita
208 3384 256 3453 fit,
279 3390 312 3442 ut
333 3389 437 3441 contra
458 3383 581 3440 Paulum
603 3383 788 3442 aversionem
811 3382 974 3459 concipiat,
996 3383 1073 3441 male
1095 3382 1130 3440 de
1153 3402 1187 3441 eo
1208 3382 1361 3457 loquatur,
1383 3391 1472 3459 atque

146 3463 260 3521 demum
288 3464 319 3521 in
346 3463 454 3521 iudicio
476 3463 544 3521 falsi
566 3464 696 3521 criminis
725 3463 811 3522 testis
838 3463 982 3534 exsistat,
1011 3462 1086 3538 quod
1115 3481 1147 3521 se
1169 3482 1187 3521 a
1207 3462 1299 3521 Paulo
1320 3468 1471 3540 patratum

146 3543 296 3601 audivisse
319 3544 390 3602 dicit
410 3576 448 3584 —
469 3549 502 3601 ut
522 3563 592 3601 rere
613 3544 735 3613 audivit,
758 3544 810 3602 sed
832 3543 907 3620 quod
928 3545 964 3602 ab
986 3543 1080 3602 altero
1101 3547 1250 3619 patratum
1273 3563 1339 3602 esse
1361 3544 1426 3603 scit.

146 3648 322 3718 Qunanrroa
344 3649 373 3705 1⁰
398 3667 473 3722 quae
495 3647 535 3705 sit
555 3647 744 3721 gratitudinis
766 3648 904 3718 officium,
925 3647 1039 3706 malitia
1059 3647 1290 3724 ingratitudinis

344 3737 374 3793 2⁰
399 3737 542 3812 quomodo
565 3737 712 3795 Nicander
733 3737 763 3795 in
784 3736 908 3795 Paulum
930 3738 1107 3813 peccaverit.

742 3917 876 3984 Salutio.

84 4074 136 4126 459
234 4058 286 4123 Ao
310 4080 501 4135 qunnsrrunr
523 4061 559 4123 1¹¹¹
584 4061 621 4125 R.
643 4063 669 4126 l.
706 4063 844 4126 Positis-o
869 4061 1079 4142 gratitudinis
1103 4063 1212 4128 officia
1231 4062 1378 4127 revocari
1400 4064 1471 4127 fere

144 4152 280 4233 possunt
305 4150 345 4213 ad
369 4149 514 4214 beneficii
531 4149 801 4227 aestimationem,
825 4152 1094 4229 recordationem,
1119 4152 1376 4229 retributionem,
1397 4173 1471 4234 gra-

144 4239 264 4304 tiarum
295 4238 466 4304 actionem.
513 4239 654 4314 Quorum
686 4239 863 4304 officiorum
896 4242 1065 4322 neglectus
1095 4241 1151 4304 vix
1183 4263 1337 4323 umquam
1368 4263 1471 4323 grave

144 4333 315 4412 peccatum
339 4328 459 4402 evadit,
485 4329 546 4392 nisi
568 4328 715 4409 negativi
739 4329 838 4393 officii
861 4330 1037 4394 laesionem
1061 4351 1210 4411 gravem,
1235 4331 1256 4396 i.
1281 4353 1309 4397 e.
1334 4352 1471 4413 gravem

144 4417 413 4500 ingratitudinem
437 4417 541 4492 simul,
570 4417 726 4499 implicite
750 4418 867 4483 saltem
892 4420 943 4483 vel
968 4418 1224 4501 aequivalenter,
1250 4420 1424 4486 contineat.

234 4524 272 4589 R.
294 4527 323 4589 2.
364 4523 395 4588 Si
420 4523 610 4588 benefactor
633 4522 720 4590 forte
744 4523 892 4590 inciderit
910 4524 943 4588 in
959 4545 1095 4605 gravem
1111 4526 1353 4603 necessitatem,
1372 4531 1471 4609 atque

144 4612 209 4690 ille,
234 4612 289 4694 qui
312 4617 411 4679 antea
433 4613 597 4678 beneficiis
620 4615 662 4679 ab
686 4615 740 4680 illo
765 4617 880 4679 auctus
896 4614 1004 4690 fuerit,
1029 4614 1134 4696 possit
1150 4636 1243 4698 opem
1260 4616 1357 4693 ferre,
1381 4622 1472 4681 certe
