3106 5168
163 281 225 345 186
374 275 415 330 De
434 275 581 333 virtuubus
599 279 629 331 et
646 275 743 332 officiis
761 292 827 345 erga
845 274 940 329 Deum.
959 305 994 313 —
1009 275 1105 330 Virtus
1122 274 1271 344 religionis.

161 454 314 538 perderet
337 473 499 537 expensas
522 452 662 528 itineris,
693 473 775 535 quas
802 452 929 519 faceret
958 449 1083 530 socius;
1108 453 1161 519 vel
1184 452 1212 518 si
1235 452 1406 536 graviores
1429 471 1487 516 ox·

161 563 281 626 pensas
310 542 419 608 subire
448 542 598 619 deberet,
631 541 660 608 si
690 542 890 623 relinqueret
919 543 1122 608 occasionem
1154 541 1244 609 illam
1277 541 1318 608 ob
1351 541 1487 607 Sacrum

162 631 374 710 audiendum
398 631 451 696 vel
481 631 509 696 si
539 652 605 697 non
633 636 722 698 esset
745 652 880 697 securus
909 631 943 696 in
972 631 1090 698 itinere
1118 631 1190 697 sine
1219 631 1355 710 comitc;
1380 630 1434 695 vel
1459 629 1486 694 si

162 720 303 786 societas
325 720 412 785 illius
434 720 573 786 multum
597 741 669 786 eum
693 720 911 787 sublevaret.l

101 848 151 902 867
250 834 304 900 Au
327 854 518 910 oonasmun
542 837 581 898 2m
604 834 643 901 a.
667 838 695 904 1.
742 834 842 902 Pater
872 855 915 900 ex
943 838 1110 918 potestate
1139 838 1278 918 paterna
1307 833 1358 899 ius
1387 833 1488 898 habet

163 925 262 989 filium
294 923 453 989 minorem
485 923 657 1007 puniendi,
692 923 792 990 etiam
826 944 885 1007 per
917 923 1138 989 detentionem
1172 944 1230 989 seu
1263 922 1485 988 inclusionem.

162 1011 283 1089 Quodsi
311 1013 389 1079 talis
418 1033 543 1095 poenae
572 1013 660 1079 iusta
690 1032 790 1078 causa
819 1013 880 1092 sit,
911 1011 980 1078 lore
1009 1032 1074 1077 non
1103 1011 1210 1096 magis
1237 1017 1334 1096 pater
1355 1015 1489 1078 tenetur

162 1102 323 1168 rationem
355 1101 477 1167 habere
508 1101 796 1185 impossibilitatis,
829 1102 862 1167 in
895 1122 960 1183 qua
991 1100 1076 1166 filius
1108 1105 1272 1179 versetur,
1306 1100 1488 1165 audiendae

162 1190 299 1269 Missae,
325 1211 423 1272 quam
446 1191 575 1274 publica
598 1191 779 1257 auctoritas
802 1190 836 1256 in
858 1190 1100 1257 incarcerandis
1123 1189 1312 1256 criminosis.
1359 1189 1488 1255 Nihilo-

163 1280 269 1345 minus
283 1279 370 1345 filius
385 1282 563 1357 teneretur,
586 1279 614 1344 si
638 1279 806 1345 commode
823 1283 945 1364 posset,
970 1283 1139 1346 tentamen
1157 1278 1276 1356 facere,
1300 1282 1338 1344 ut
1360 1278 1488 1343 sincera

163 1368 390 1436 emendatione
412 1369 573 1452 promissa
596 1379 745 1436 moveret
768 1374 895 1452 patrem
919 1369 960 1435 ad
985 1368 1165 1434 custodiam
1189 1367 1414 1434 relaxandam.

252 1465 507 1544 Tamburini,
531 1467 573 1531 Iu
595 1467 693 1533 decad.
718 1466 739 1533 l.
756 1466 813 1544 IV,
837 1488 864 1532 c.
883 1468 913 1545 2,
938 1465 956 1548 ἓ
976 1469 1006 1544 2,
1030 1469 1099 1531 nl
1122 1464 1204 1531 haee
1227 1465 1342 1530 habet:
1372 1464 1489 1542 „Pater

163 1556 216 1621 vel
240 1555 346 1637 quivis
376 1554 525 1620 dominus
553 1554 655 1619 filium
678 1556 731 1621 vel
761 1577 892 1621 servum
923 1555 963 1621 ob
993 1554 1226 1620 correctionem
1257 1553 1345 1620 domi
1372 1554 1425 1619 vel
1455 1553 1488 1617 in

164 1644 310 1710 cubiculo
334 1643 428 1727 quasi
457 1643 490 1708 in
520 1664 651 1710 carcere
680 1643 840 1710 inclusum
870 1645 991 1710 retinet
1013 1643 1067 1708 vel
1098 1648 1200 1726 negat
1228 1642 1269 1708 iis
1298 1642 1489 1709 indumenta

163 1733 307 1817 ipsorum
323 1733 425 1799 statui
440 1733 678 1812 convenientia,
702 1733 787 1798 unde
803 1754 866 1798 non
885 1733 1013 1816 possint
1028 1732 1118 1797 exire
1140 1733 1181 1797 ad
1203 1731 1337 1798 Sacrum
1353 1732 1489 1797 audien·

164 1823 249 1889 dum.
296 1821 350 1887 An
373 1822 457 1888 sicut
480 1826 658 1888 excusatur
679 1821 750 1905 ipsa
779 1821 865 1887 filius
889 1822 942 1887 val
966 1842 1081 1886 servus
1111 1821 1151 1886 ob
1182 1821 1427 1904 impotentiam,
1452 1825 1489 1886 ut

165 1914 289 1977 certum
312 1915 373 1989 est,
406 1910 453 1976 sic
476 1915 651 1978 excusetur
673 1916 769 1995 pater
792 1912 845 1976 vel
869 1910 1041 1975 dominus?
1065 1961 1073 1975 .
1097 1963 1134 1977 ..
1170 1910 1380 1993 Respondes:
1405 1909 1489 1975 Huic

164 2001 317 2084 scrupulo
340 2000 446 2083 quoad
469 2000 570 2065 filium
593 1999 644 2064 his
668 2000 777 2066 verbis
800 1999 929 2065 obviam
952 1999 980 2066 it
1009 1999 1243 2080 Fagundez,
1274 2000 1358 2067 Eccl.
1379 2021 1488 2084 proco.

164 2089 185 2156 l.
210 2093 241 2168 4,
273 2109 301 2157 c.
325 2092 355 2166 5,
386 2111 417 2154 n.
443 2092 462 2153 2
499 2089 722 2171 „Aliquando
746 2093 884 2173 possunt
905 2092 1047 2175 patres,
1064 2088 1092 2152 si
1114 2109 1179 2153 non
1203 2087 1333 2153 omnino
1356 2108 1488 2170 negare,

164 2178 283 2244 saltem
298 2177 498 2260 restringere
522 2183 556 2244 at
578 2178 739 2244 moderari
763 2178 838 2244 filiis
861 2177 1018 2244 alimenta
1033 2176 1121 2242 circa
1136 2177 1258 2243 victum
1283 2181 1317 2242 et
1332 2177 1489 2243 vest'tum

164 2268 207 2333 ad
229 2273 359 2350 tempus
381 2266 415 2331 in
438 2287 576 2351 poenam
601 2267 753 2346 criminis,
778 2266 871 2333 utin
893 2271 1060 2350 posterum
1076 2265 1281 2349 resipiscant,
1305 2265 1376 2331 sinc
1395 2265 1490 2348 gravi

164 2378 276 2422 eorum
300 2357 418 2421 damno
442 2360 500 2422 aut
522 2356 720 2425 valetudine.
767 2355 859 2433 Quod
881 2355 1137 2436 intellegendum
1160 2359 1228 2433 est,
1259 2353 1360 2421 etiam
1383 2356 1412 2420 si
1434 2353 1490 2419 filii

164 2446 205 2511 ob
221 2445 361 2511 vest'tus
377 2445 586 2528 negationem
602 2445 737 2511 Sacrum
753 2465 819 2510 non
835 2445 970 2511 audiant
986 2445 1099 2510 diebus
1114 2444 1224 2520 festis;
1244 2443 1321 2526 quia
1335 2447 1490 2527 parentes

164 2533 269 2599 solum
292 2534 467 2601 intendunt
488 2535 627 2600 filiorum
651 2535 927 2610 emendationem,
952 2553 1016 2598 non
1040 2533 1247 2598 omissionem
1271 2533 1409 2612 Missae;
1434 2553 1491 2616 per

165 2623 315 2689 accidens
338 2623 424 2688 enim
448 2627 509 2701 est,
533 2624 619 2705 quod
637 2623 727 2688 illam
743 2623 914 2689 omittant:
939 2622 1123 2688 emendatio
1147 2622 1231 2686 enim
1256 2642 1276 2687 a
1299 2622 1490 2706 parentibus

164 2712 293 2779 intenta
308 2711 547 2778 rationabiliter
566 2734 665 2778 causa
689 2715 740 2777 est
764 2712 805 2778 ad
828 2717 994 2793 utrosque,
1018 2716 1088 2778 tam
1110 2710 1194 2776 filios
1210 2731 1307 2792 quam
1323 2716 1488 2794 parentes,

165 2801 420 2867 excusandos.““
463 2802 555 2866 Haec
575 2801 691 2866 merito
708 2801 892 2883 Fagundez‚
917 2821 1000 2882 quae
1023 2803 1100 2865 sunt
1123 2800 1223 2865 etiam
1246 2804 1381 2883 propter
1404 2800 1491 2883 pari·

164 2894 269 2956 tatem
284 2890 421 2955 rationis
438 2890 631 2974 applicanda
655 2891 696 2955 ad
719 2912 861 2967 servum,
884 2889 1078 2954 subditum.“
1121 2889 1233 2955 Monet
1248 2895 1360 2956 tamen
1376 2893 1491 2973 postea

165 2979 250 3045 idem
273 2979 414 3063 scriptor
443 2979 582 3045 similem
612 3001 680 3045 rem
711 2978 863 3063 prudenti
887 2978 1037 3044 examine
1068 3000 1088 3043 a
1118 2978 1286 3062 superiore
1313 2999 1387 3044 esse
1410 3000 1490 3063 pon·

165 3067 353 3138 darandam.

254 3175 294 3242 R.
314 3177 343 3241 2.
384 3174 491 3256 Magis
515 3175 614 3240 etiam
636 3177 730 3257 pater
745 3178 856 3256 potest
871 3176 1004 3256 propter
1018 3171 1139 3239 iustum
1156 3171 1317 3249 timorem,
1343 3193 1384 3238 ne
1406 3173 1490 3238 filius

166 3264 262 3329 malis
285 3263 380 3328 sociis
404 3264 610 3346 adiungatur,
636 3284 709 3328 eum
733 3262 819 3327 domi
842 3262 994 3339 retinere,
1019 3261 1080 3329 etsi
1102 3267 1277 3346 propterea
1295 3261 1491 3345 impediatur

166 3353 207 3418 ab
231 3352 392 3418 audienda
408 3353 518 3418 Missa.
557 3352 715 3419 Attamen
739 3352 765 3417 si
789 3351 858 3436 ipse
882 3373 954 3416 eum
979 3350 1039 3415 sibi
1063 3351 1214 3417 comitem
1230 3350 1366 3433 iungere
1381 3355 1490 3434 potest

166 3442 218 3506 vel
243 3441 297 3517 alii
319 3443 391 3506 viro
414 3442 488 3519 fido,
513 3463 577 3523 quo
601 3445 811 3506 removeatur
833 3440 1022 3524 periculum,
1047 3440 1132 3521 quod
1156 3441 1248 3505 bonis
1271 3439 1416 3505 moribus
1434 3439 1489 3505 filii

166 3530 316 3595 timetur:
341 3531 430 3594 nulla
446 3530 584 3613 amplius
600 3530 732 3596 exsistit
748 3551 858 3606 causa,
883 3551 941 3594 cur
956 3550 1020 3593 non
1040 3529 1234 3595 admittatur
1255 3529 1298 3595 ad
1319 3530 1488 3596 ecclesiam

167 3618 365 3700 Missamque
388 3619 592 3685 audiendam.
