3106 5168
153 266 215 329 112
364 261 405 316 De
424 261 572 326 virtutibus
590 265 619 316 ct
636 261 735 317 officiis
753 278 819 330 erga
837 261 933 316 Deum.
952 292 985 303 -
1000 260 1097 317 Virtus
1113 260 1262 330 religionis.
1278 334 1283 345 ι

746 434 881 504 Salutio.

90 591 142 647 220
239 579 292 642 Ao
315 599 505 656 uoaasrruu
532 582 569 644 1¹²²
599 579 638 644 R.
666 582 694 644 1.
747 577 902 644 Tentatio
932 578 993 644 Dei
1023 582 1075 645 est
1104 577 1227 645 dictum
1256 579 1310 644 vel
1338 578 1476 654 factum,

150 689 213 749 quo
237 667 309 749 quis
333 667 476 753 aliquam
498 667 560 733 Dei
588 666 839 751 perfectionem,
870 667 996 733 scilicet
1025 689 1102 733 num
1126 669 1215 733 Deus
1245 689 1285 734 ea
1307 668 1477 752 praeditus

150 756 209 859 sit,
243 758 410 859 explorat,
443 778 482 823 ac
511 761 687 842 propterca
718 756 854 823 alicuius
884 756 1013 822 divinae
1043 756 1253 841 perfectionis
1283 757 1477 824 manifesta·

151 850 556 1018 tlonelimarirlmsgitenplicite
579 934 769 1012 intenditur,
793 933 894 1001 habes
917 933 1133 1002 tentationem
1158 934 1219 1000 Dei
1240 936 1429 1020 formalem
1449 934 1478 1000 si

150 1044 214 1088 non
237 1023 270 1088 in
294 1045 330 1089 se
352 1024 541 1100 intenditur,
565 1023 624 1089 sed
646 1023 848 1090 solummodo
872 1024 994 1107 aliquid
1016 1026 1067 1103 fit,
1096 1023 1182 1106 quod
1207 1045 1249 1089 ex
1272 1027 1393 1090 natrice
1416 1044 1478 1089 sua

150 1113 326 1179 reducatur
349 1114 390 1179 ad
413 1113 511 1180 istam
535 1113 811 1197 explorationem,
839 1113 941 1179 habes
963 1113 1179 1180 tentationem
1203 1112 1265 1179 Dei
1288 1106 1477 1200 intciprcta-

150 1205 255 1268 tinam.
307 1204 363 1269 Ta.
389 1202 585 1281 m.·1,374;
615 1203 647 1268 S.
672 1202 804 1268 Thom.
828 1202 897 1285 Aq.
923 1207 953 1281 2,
978 1205 1008 1281 2,
1034 1223 1064 1284 q.
1086 1204 1138 1280 97,
1162 1223 1192 1268 a.
1214 1206 1242 1268 1.

238 1308 277 1373 R.
303 1310 334 1374 2.
380 1307 534 1374 Tentatio
564 1310 714 1391 formalia
743 1329 873 1392 semper
902 1312 954 1375 est
983 1329 1086 1391 grave
1116 1313 1303 1392 paccatum
1335 1308 1478 1374 maximo

149 1395 223 1475 illa,
255 1417 339 1478 quae
369 1419 412 1463 ex
442 1396 645 1463 dubitatione
675 1397 812 1464 alicuius
842 1396 973 1462 divinae
1003 1397 1214 1481 perfectionis
1244 1397 1350 1464 oritur
1376 1400 1478 1480 atque

152 1485 298 1551 haeresis
321 1489 491 1569 peccatum
514 1487 677 1570 supponit.

239 1575 392 1641 Tentatio
415 1575 476 1640 Dei
501 1577 753 1661 interpretativa,
784 1574 848 1640 etsi
877 1595 918 1643 ex
948 1596 1069 1658 genere
1098 1597 1157 1640 suo
1181 1575 1281 1640 etiam
1303 1578 1477 1658 peecatum

149 1684 252 1745 grave
276 1667 336 1742 est,
360 1668 472 1731 tamen
494 1665 694 1747 parvitatem
718 1664 885 1741 materiae,
910 1685 952 1729 ex
975 1685 1040 1746 qua
1063 1666 1121 1730 fiat
1143 1663 1271 1730 veniale
1293 1668 1476 1748 peccatum,

150 1753 305 1818 admittit.
357 1755 412 1819 Tb.
437 1776 477 1820 m.
502 1753 527 1830 l,
552 1756 634 1830 3753
662 1753 694 1819 S.
718 1752 835 1837 Alph.
860 1753 918 1832 III,
943 1755 985 1820 30
1004 1773 1075 1836 sqq.

89 1890 139 1945 221
239 1879 292 1943 Ao
315 1900 506 1956 onnusrrun
530 1882 569 1943 2ΙΙΙ
591 1879 631 1947 R.
653 1882 682 1946 1.
728 1879 763 1945 Si
786 1879 819 1943 in
842 1876 955 1944 morbo
978 1877 1073 1961 gravi
1096 1882 1131 1944 et
1153 1876 1336 1962 periculoso
1359 1876 1477 1943 medici

151 1967 308 2033 auxilium
322 1969 498 2052 respuitur,
515 1989 573 2053 per
589 1989 624 2033 se
640 1972 797 2053 peccatur
812 1967 972 2051 graviter;
988 1965 1161 2033 venialiter
1173 1971 1294 2044 tamen,
1310 1964 1339 2031 si
1354 1967 1478 2032 solum·

152 2058 245 2122 modo
261 2057 421 2123 medicina
437 2057 595 2135 differtur,
620 2059 683 2124 etsi
706 2061 842 2141 propter
857 2057 1014 2123 auxilium
1030 2056 1092 2122 Dei
1106 2056 1258 2123 naturale
1273 2055 1477 2139 aliquantum

150 2150 274 2212 temere
298 2151 483 2230 speratum,
517 2147 619 2214 multo
643 2146 750 2211 minus
772 2150 937 2230 peccatur,
969 2145 996 2211 si
1021 2145 1132 2229 agitur
1154 2146 1194 2212 de
1217 2145 1340 2212 morbis
1369 2150 1406 2211 et
1428 2145 1478 2210 in·

151 2236 360 2302 firmitatibus
382 2236 526 2315 levibus,
557 2235 655 2301 immo
684 2235 766 2302 haec
796 2235 866 2301 sine
895 2234 1038 2302 remedio
1062 2235 1221 2314 tolerare,
1251 2255 1311 2319 pro
1338 2233 1477 2301 circum·

151 2324 283 2392 stantiis
307 2346 379 2391 esse
401 2330 513 2409 potest
536 2329 629 2390 actus
652 2324 790 2407 insignis
812 2324 994 2408 patientiae
1017 2323 1143 2391 meritis
1165 2324 1291 2408 plenus.
1338 2323 1392 2389 Ex
1415 2345 1479 2407 quo

151 2414 362 2480 Constantine
378 2413 496 2496 agendi
513 2413 675 2480 rationem
692 2413 798 2496 quoad
815 2413 900 2479 hanc
915 2418 1043 2497 partem
1061 2413 1212 2480 diiudica.
1251 2413 1298 2480 Cf.
1316 2413 1348 2479 S.
1365 2413 1478 2496 Alph.

151 2504 171 2569 l.
192 2525 218 2569 c.
243 2525 274 2568 n.
295 2505 338 2568 30
362 2506 396 2568 et
420 2505 478 2580 323
507 2503 714 2587 Laymann
738 2504 759 2568 l.
780 2505 810 2581 4,
835 2507 877 2569 tr.
897 2505 948 2581 10,
973 2524 1000 2568 c.
1021 2505 1051 2578 5,
1075 2523 1108 2568 n.
1129 2505 1159 2569 8.

240 2609 278 2676 R.
300 2613 330 2678 2.
366 2609 457 2686 Quod
472 2609 665 2677 Constantia
680 2612 817 2676 secando
833 2609 929 2694 petiit
944 2609 1136 2675 miraculum
1153 2608 1195 2675 ad
1210 2606 1479 2674 intercessionem

150 2697 339 2776 Beatornnr,
364 2698 524 2764 videndus
541 2703 592 2765 est
604 2699 681 2783 finis
696 2698 864 2782 petitionis
887 2703 922 2765 et
944 2701 1065 2765 modus.
1102 2698 1136 2764 Si
1160 2719 1233 2763 cum
1256 2695 1480 2779 resignatione

150 2786 184 2851 in
216 2787 360 2854 divinam
389 2787 646 2871 providentiam,
680 2787 757 2855 licet
789 2809 862 2853 cum
895 2787 1055 2854 desiderio
1087 2808 1146 2872 per
1177 2786 1371 2853 miraculum
1404 2807 1479 2869 pro·

151 2877 304 2941 movendi
321 2877 444 2942 cultum
464 2876 600 2942 alicuius
624 2877 737 2943 Beati:
762 2897 816 2942 res
839 2881 891 2942 est
913 2877 1047 2942 innoxia
1071 2881 1106 2942 et
1128 2876 1230 2953 bona;
1256 2875 1297 2941 cf.
1317 2875 1350 2942 S.
1367 2874 1478 2958 Alph.

152 2986 182 3030 n.
203 2969 255 3031 31.
303 2966 336 3031 Si
361 2987 455 3040 vero,
481 2971 518 3030 ut
540 2966 734 3032 Constantia
757 2965 852 3043 fecit,
876 2966 938 3031 hoc
961 2965 1056 3031 modo
1081 2966 1255 3048 explorare
1278 2964 1376 3042 velit,
1401 2986 1478 3028 num

151 3075 268 3120 revera
299 3056 389 3120 Deus
421 3055 594 3138 specialem
629 3076 740 3121 curam
772 3076 905 3120 suorum
937 3059 1049 3137 gerat,
1083 3054 1184 3120 habes
1217 3054 1386 3138 formalem
1419 3054 1479 3119 Dei

151 3144 367 3210 tentationem
391 3149 491 3227 atque
514 3144 653 3211 mortale
684 3147 868 3227 peccatum,
900 3143 962 3208 nisi
985 3145 1196 3221 Constantia,
1226 3144 1258 3208 id
1286 3142 1372 3225 quod
1396 3141 1479 3207 sumi

151 3232 247 3298 facile
270 3233 389 3311 licebit,
415 3255 456 3298 ex
480 3255 540 3299 sua
563 3233 706 3300 stultitia
729 3238 914 3300 excusetur.

89 3345 141 3398 222
239 3339 277 3404 R.
303 3343 333 3407 3.
381 3340 496 3406 Suasio
527 3341 585 3406 illa
617 3343 707 3406 tertio
739 3341 811 3405 loco
843 3342 1114 3417 commemorata,
1147 3360 1222 3406 cum
1253 3341 1410 3421 ageretur
1439 3336 1479 3402 de

151 3428 333 3529 periculosa
356 3428 482 3494 amicae
506 3428 727 3511 aegritudine,
759 3433 832 3496 erat
861 3428 1010 3495 similiter
1034 3428 1195 3494 obiective
1225 3426 1374 3510 graviter
1404 3448 1479 3511 pec·

150 3537 325 3583 caminosa.
1279 3561 1280 3564 κ

239 3623 278 3688 R.
303 3626 333 3688 4.
382 3625 502 3705 Qrcurto
529 3630 640 3688 votum
672 3623 752 3689 illud
782 3623 928 3690 additum
959 3624 1029 3689 sine
1059 3624 1156 3688 dubio
1185 3621 1397 3690 temerarium
1428 3627 1479 3688 est

151 3714 185 3775 et
202 3711 241 3775 de
264 3733 300 3777 re
323 3712 508 3789 temeraria,
534 3713 626 3797 proin
642 3718 755 3778 votum
771 3713 905 3787 nullum,
928 3713 1024 3795 quod,
1049 3717 1085 3778 ut
1101 3712 1133 3777 vi
1153 3734 1214 3778 sua
1232 3711 1477 3787 destitueretur,

151 3799 294 3882 positiva
326 3802 549 3867 annullatione
580 3823 661 3885 opus
693 3822 757 3867 non
790 3801 941 3868 habebat.
997 3801 1223 3866 Confessarius
1254 3801 1356 3885 igitur
1388 3806 1478 3868 recte

152 3888 230 3953 fecit
260 3889 339 3954 illud
364 3891 536 3955 annullans
560 3891 613 3955 vel
636 3890 746 3974 potius
770 3891 892 3956 nullum
917 3910 990 3955 esse
1014 3890 1200 3967 declarans,
1231 3911 1336 3973 neque
1355 3894 1479 3956 'curans

151 3977 349 4060 vituperium
373 3978 514 4044 feminae
537 3978 761 4063 imprudentis.

240 4084 279 4149 R.
300 4086 330 4150 5.
369 4084 460 4161 Quod
485 4085 613 4149 demum
637 4087 745 4170 quinto
768 4083 870 4167 ipsius
887 4083 1077 4150 confessarii
1092 4085 1328 4169 experientiam
1346 4085 1477 4158 attinet,

152 4173 184 4236 in
214 4173 271 4238 illa
301 4173 506 4250 temeritate,
539 4196 602 4256 qua
632 4174 744 4239 labore
768 4172 898 4257 proprio
922 4178 1034 4256 spreto
1057 4174 1200 4257 speciale
1228 4175 1289 4240 Dei
1320 4173 1476 4240 auxilium

152 4264 369 4346 exspectabat
397 4263 429 4327 in
459 4264 611 4347 operibus
641 4263 719 4347 piis,
751 4262 914 4344 quandam
944 4263 1161 4329 tentationem
1192 4263 1253 4329 Dei
1278 4264 1477 4348 interpreta-

151 4352 256 4417 tivam
290 4352 468 4418 commisit:
501 4374 614 4418 verum
649 4353 681 4416 in
717 4351 875 4417 eiusmodi
906 4352 1147 4417 temeritatibus
1177 4375 1274 4438 prave
1305 4357 1476 4437 peccatum

151 4463 215 4506 non
241 4445 393 4507 censetur
421 4442 598 4515 committi,
629 4441 691 4507 nisi
722 4462 825 4523 grave
855 4442 1008 4506 damnum
1039 4446 1192 4507 causetur
1214 4443 1267 4507 vel
1298 4442 1476 4525 periculum

152 4532 308 4596 subeatur
337 4531 407 4596 sive
437 4532 604 4615 proprium
633 4532 703 4596 sive
735 4531 886 4596 alienum.
934 4530 1025 4607 Quod
1055 4531 1088 4595 in
1119 4535 1232 4596 nostro
1261 4552 1337 4596 casn
1362 4532 1478 4598 adesse

152 4620 301 4685 absolute
324 4625 465 4703 poterat,
490 4621 518 4686 si
542 4621 691 4685 nimirum
712 4620 866 4686 sacerdos
889 4619 945 4685 ille
969 4641 1084 4685 munus
1108 4621 1315 4687 contionandi
1338 4625 1478 4707 praviter
