3106 5168
149 267 191 333 56
567 262 607 317 Da
625 262 721 332 regula
739 265 850 318 actuum
867 263 1056 319 bumanorum.

116 461 120 466 ·
148 438 254 516 congr.
283 459 386 516 parum
413 439 609 516 respondent,
638 439 696 498 etsi
716 439 745 499 S.
767 439 797 498 G.
826 458 862 498 ea
890 445 1020 517 ,emtori
1042 436 1209 501 nmadacit“
1238 441 1476 518 contrariumque

148 539 234 579 usum
258 521 399 593 ,abusum
420 519 646 579 eliminandum“
671 518 762 588 dixit,
783 519 828 578 ita
848 519 880 578 in
900 520 997 580 colore
1018 526 1270 597 paramentorum,
1292 520 1324 580 in
1343 522 1405 581 ritu
1426 542 1477 582 ex-

148 600 276 677 ponendi
291 600 359 660 SSmi
374 605 405 659 et
419 599 672 659 benedictionibus
687 599 812 675 aliisque
826 600 915 659 rebus
929 599 1083 661 similibus.
1115 600 1212 670 Quare
1232 601 1341 660 anxius
1361 601 1476 673 haeret,

149 699 217 749 cum
236 680 442 740 contradicens
463 680 593 756 parocho
615 679 792 739 discordiam
814 679 926 740 excitet
945 681 1104 758 populique
1124 680 1389 759 perturbationem,
1409 701 1476 742 con·

148 761 255 820 nivens
275 760 371 836 legem
391 759 545 820 Ecclesiae
567 779 672 820 severe
692 759 925 837 praecipientem
945 761 1079 836 graviter
1099 761 1218 821 laedere
1238 766 1387 822 vereatur.

149 867 377 939 (1111111111ο
401 866 545 944 quomodo
567 867 686 926 decreta
707 867 864 926 Sacrarum
886 865 1153 943 Congregationum
1174 867 1314 944 obligent

345 955 376 1014 2⁰
402 974 471 1014 num
486 955 606 1015 decreta
620 955 649 1015 S.
665 955 694 1016 O.
710 955 877 1015 contrarias
895 956 1124 1016 consuetudines
1144 958 1299 1033 abrogent,
1320 956 1476 1017 admittive

399 1036 495 1114 possit
516 1036 697 1096 consuetudo
719 1041 823 1095 contra
843 1035 895 1094 illa
916 1037 1044 1096 decreta.

345 1127 376 1185 3⁰
399 1125 477 1184 unde
507 1125 700 1200 dignoscatur
728 1125 831 1200 gravis
860 1124 974 1184 levisve
1003 1125 1079 1201 legis
1109 1125 1250 1201 obligatio
1280 1129 1311 1185 et
1340 1126 1411 1203 quid
1441 1126 1476 1187 de

400 1204 529 1264 Leandri
549 1205 756 1282 perplexitate.

743 1375 879 1444 Solutio.

87 1512 137 1568 111
236 1503 290 1567 An
313 1521 505 1578 1111111111
530 1503 569 1565 lm
597 1501 636 1568 R.
664 1503 692 1566 1.
748 1501 890 1567 Decreta
921 1499 1121 1566 universalia
1153 1499 1325 1568 cuiuslibet
1356 1500 1476 1584 Gongr.

150 1590 240 1658 Rom.
266 1612 286 1656 a
310 1591 442 1656 Summo
464 1589 623 1656 Pontifice
653 1590 846 1656 confirmata
878 1594 912 1655 et
941 1589 1150 1674 promulgata
1173 1610 1285 1655 omnes
1309 1589 1475 1674 obligant3

149 1679 281 1746 decreta
296 1700 376 1744 vero
399 1678 622 1762 particularia,
647 1699 730 1761 quae
747 1679 932 1744 confirmari
955 1700 1019 1744 non
1036 1679 1153 1757 solent,
1177 1699 1234 1744 eos
1251 1678 1409 1762 obligant,
1433 1680 1477 1746 ad

149 1789 230 1851 quos
245 1768 446 1851 diriguntur:
470 1772 608 1852 possunt
631 1772 741 1834 autem
766 1769 914 1834 omnibus
935 1768 1148 1835 doctrinalem
1173 1788 1320 1833 normam
1344 1769 1476 1835 omnino

148 1857 348 1941 probabilem
371 1857 629 1924 subministrare.

237 1956 276 2023 R.
302 1958 331 2022 2.
378 1954 521 2021 Decreta
545 1956 576 2022 S.
601 1953 735 2019 Rituum
759 1953 876 2036 Congr.
907 1953 977 2019 sive
1008 1953 1220 2037 particularia
1250 1955 1320 2021 sive
1343 1955 1477 2022 univer·

148 2045 231 2110 salia
254 2044 500 2110 confirmatione
523 2043 647 2110 Summi
669 2041 836 2109 Pontificis
867 2063 930 2107 non
965 2043 1128 2125 indigent,
1158 2045 1217 2109 sed
1247 2043 1318 2110 sine
1348 2064 1389 2110 ea
1419 2047 1477 2112 ob·

147 2133 262 2217 ligant,
286 2154 326 2200 ac
348 2133 377 2199 si
398 2134 430 2201 S.
448 2133 601 2200 Pontifex
625 2132 696 2216 ipse
720 2153 760 2198 ea
783 2131 946 2198 edidisset.
994 2132 1046 2197 Ita
1069 2132 1191 2197 Summi
1213 2132 1391 2199 Pontifices
1413 2133 1478 2218 ipsi

148 2226 346 2290 statuerunt.
392 2222 562 2290 11111.
589 2223 621 2288 0.
647 2223 729 2289 decr.
755 2223 841 2289 autb.
866 2242 898 2288 n.
923 2223 1026 2299 2916,
1058 2220 1143 2304 quod
1167 2225 1297 2287 constat
1320 2242 1394 2288 esse
1417 2243 1477 2288 ex·

148 2333 261 2397 presse
283 2333 304 2378 a
328 2311 359 2379 S.
384 2311 541 2377 Pontifice
564 2312 791 2377 confirmatum
815 2332 857 2376 ex
882 2312 1002 2376 Collect.
1021 2311 1188 2376 Gar-mur
1210 2331 1241 2377 n.
1265 2313 1351 2376 5051
1377 2311 1420 2377 ad
1445 2314 1476 2379 7.

236 2410 276 2477 R.
301 2413 331 2476 3.
368 2409 510 2475 Decreta
533 2409 564 2475 S.
589 2408 897 2490 Congregationum,
923 2428 1006 2489 quae
1029 2427 1093 2472 non
1118 2411 1196 2472 eunt
1218 2428 1305 2473 nova
1326 2408 1393 2486 lex,
1417 2408 1476 2474 sed

147 2499 253 2564 solum
275 2498 454 2565 declaratio
478 2497 561 2580 legis
583 2496 649 2562 iam
672 2497 754 2563 satis
778 2499 904 2574 clarae,
937 2495 1200 2580 promulgatione
1228 2517 1292 2562 non
1314 2495 1474 2579 indigent,

147 2588 205 2653 sed
229 2588 378 2671 obligant
407 2590 482 2671 post
511 2591 681 2671 acceptam
710 2585 863 2652 notitiam
892 2605 1004 2650 omnes
1028 2585 1141 2650 eodem
1165 2584 1278 2664 modo,
1310 2586 1397 2654 sicut
1420 2587 1477 2653 lex

148 2676 288 2758 obligat,
320 2677 411 2742 cuius
440 2679 492 2741 est
520 2675 761 2760 interpretatio.
808 2674 1030 2757 Distinguitur
1053 2674 1137 2740 enim
1169 2674 1400 2759 interpretatio
1424 2699 1476 2743 ec·

146 2770 283 2844 tensius,
314 2785 399 2848 quae
429 2766 536 2848 legem
565 2764 714 2830 extendit
744 2764 832 2830 ultra
861 2785 992 2829 sensum
1020 2764 1144 2829 clarum
1167 2764 1278 2830 verbis
1307 2765 1374 2830 iam
1397 2786 1476 2832 con·

147 2857 285 2933 tentum,
303 2859 337 2921 et
352 2853 582 2937 interpretatio
598 2853 876 2937 comprehensiva,
894 2874 978 2935 quae
993 2855 1097 2918 solum
1114 2853 1303 2920 authentice
1319 2853 1476 2932 declaret,

148 2943 323 3026 quodiam
346 2946 502 3009 consueto
527 2944 700 3008 verborum
724 2963 822 3008 sensu
845 2943 928 3009 satis
950 2963 1141 3025 expressum
1166 2942 1404 3009 continebatur.

88 3066 137 3121 112
236 3059 289 3123 An
310 3077 501 3134 1111111111
526 3060 566 3122 2¹¹²
588 3057 626 3124 R.
647 3061 675 3123 1.
715 3055 987 3123 Consuetudinem
1011 3056 1186 3141 specialem
1209 3056 1356 3139 legitime
1380 3078 1476 3140 prae·

148 3147 304 3231 scriptam
334 3168 420 3212 nova
451 3147 584 3212 decreta
613 3168 678 3212 non
708 3148 887 3230 abrogant,
919 3147 980 3211 nisi
1011 3146 1072 3211 boc
1102 3145 1133 3209 in
1162 3146 1292 3212 decreto
1323 3147 1476 3216 addatur.

148 3236 180 3302 S.
204 3236 324 3320 Alph.
348 3236 373 3314 1,
401 3238 462 3301 109
487 3236 664 3301 universim
689 3235 783 3302 dicit:
818 3235 900 3314 ,Per
930 3237 1035 3318 legem
1066 3236 1254 3316 generalem
1284 3257 1349 3300 non
1381 3236 1476 3302 dero·

148 3329 247 3407 gutur
263 3325 489 3391 consuetudini
512 3325 648 3409 speciali
670 3325 806 3390 alicuius
829 3324 902 3402 loci,
929 3325 989 3389 nisi
1012 3325 1045 3389 in
1068 3324 1142 3406 lege
1166 3323 1288 3391 mentio
1306 3327 1367 3391 fiat
1388 3325 1477 3391 illius

148 3414 399 3492 consuetudinis,
424 3414 477 3479 vel
500 3414 533 3479 in
558 3435 597 3480 ea
620 3419 794 3480 revocetur
817 3434 1039 3496 quaecumque
1062 3414 1293 3480 consuetudo.“

237 3512 275 3578 R.
301 3514 331 3578 2.
377 3512 480 3577 Immo
503 3511 530 3575 si
554 3516 606 3579 est
628 3510 777 3593 legitima
800 3511 1000 3577 consuetudo
1023 3510 1277 3589 immemorialis,
1305 3511 1387 3576 baec
1411 3533 1476 3578 non

148 3600 337 3682 abrogatur,
362 3600 424 3666 nisi
447 3600 516 3665 eius
540 3602 577 3666 fit
599 3600 722 3666 mentio
746 3602 902 3687 specialis.
950 3600 982 3665 S.
1006 3599 1122 3684 Alph.
1146 3599 1223 3666 ibid.

237 3698 277 3764 R.
301 3700 331 3764 3.
379 3698 501 3764 Contra
523 3698 630 3780 legem
653 3698 805 3763 ritualem
834 3697 868 3762 iu
898 3696 1022 3762 missali
1051 3696 1165 3763 aliisve
1195 3697 1356 3779 liturgicis
1383 3698 1476 3763 libris

148 3786 213 3852 iam
237 3787 451 3852 exsistentem
475 3786 639 3852 difficilius
662 3787 791 3870 quidem
815 3790 867 3852 est
894 3785 969 3851 oriri
994 3787 1261 3852 consuetudinem
1283 3785 1476 3869 legitimam,

148 3876 181 3941 in
206 3875 279 3941 aliis
301 3881 412 3942 tamen
436 3875 533 3941 rebus
555 3875 660 3958 iisque
683 3875 861 3941 minoribus
884 3875 1011 3940 facilius
1038 3875 1071 3940 id
1094 3875 1164 3941 fieri
1187 3879 1314 3959 potest,
1345 3896 1418 3941 cum
1442 3876 1476 3942 in

148 3965 266 4030 ritibus
283 3965 414 4031 diversa
437 3969 471 4030 et
494 3965 659 4031 contraria
681 3965 714 4029 in
738 3986 774 4030 se
797 3964 924 4048 possint
940 3985 1011 4029 esse
1035 3965 1174 4030 honesta
1198 3969 1232 4031 et
1256 3964 1476 4033 rationabilia.

88 4090 138 4144 113
236 4078 505 4156 1111111111
529 4084 567 4146 3ΠΙ
591 4081 629 4146 R.
657 4083 685 4146 1.
733 4080 824 4145 Sitne
847 4082 1057 4162 praeceptum
1081 4101 1184 4161 grave
1208 4101 1250 4144 an
1272 4079 1356 4158 leve,
1380 4101 1477 4164 repe·

148 4169 283 4235 tendum
313 4174 364 4236 est
394 4169 536 4235 maxime
566 4191 608 4234 ex
631 4169 703 4254 ipsa
733 4190 769 4234 re
792 4172 978 4252 praecepta.
1026 4168 1136 4233 Verba
1165 4168 1381 4251 legislatoris,
1413 4170 1477 4235 etsi

148 4258 288 4324 1111111
326 4261 445 4324 serium
483 4262 711 4343 praeceptum,
752 4258 894 4322 nondum
925 4256 1079 4324 evincunt
1110 4261 1320 4341 praeceptum
1354 4279 1475 4340 grave;

149 4347 365 4414 communiter
388 4348 517 4429 quidem
550 4353 619 4413 turn
643 4347 789 4413 indicant
811 4350 1022 4430 praeceptum
1050 4369 1110 4432 pro
1137 4348 1294 4412 subiectae
1322 4351 1478 4414 materiae

147 4440 303 4523 pravitate
326 4458 430 4520 grave
453 4443 511 4502 aut
534 4437 617 4502 leve.

238 4535 277 4601 R.
295 4537 325 4600 2.
364 4533 481 4610 Quare,
506 4535 675 4618 supposita
698 4533 799 4599 etiam
815 4532 1011 4616 obligatoria
1028 4531 1059 4596 vi
1076 4532 1279 4598 decretorum
1297 4532 1328 4599 S.
1346 4532 1476 4617 Congu,

150 4622 300 4688 Leander
330 4622 416 4688 male
448 4623 549 4689 infert
578 4644 614 4688 se
640 4626 781 4710 praviter
803 4623 933 4689 laedere
956 4621 1061 4703 legem
1086 4621 1357 4701 eeclesiasticam,
1389 4623 1416 4688 si
1440 4644 1477 4689 se
