<?xml version="1.0" encoding="UTF-8"?>
<!DOCTYPE html PUBLIC "-//W3C//DTD XHTML 1.0 Transitional//EN"
    "http://www.w3.org/TR/xhtml1/DTD/xhtml1-transitional.dtd">
<html xmlns="http://www.w3.org/1999/xhtml" xml:lang="en" lang="en">
 <head>
  <title>
</title>
<meta http-equiv="Content-Type" content="text/html;charset=utf-8" />
  <meta name='ocr-system' content='tesseract 3.04.00' />
  <meta name='ocr-capabilities' content='ocr_page ocr_carea ocr_par ocr_line ocrx_word'/>
</head>
<body>
  <div class='ocr_page' id='page_1' title='image "./casusconscienti01lehmgoog_0403.png"; bbox 0 0 3106 5168; ppageno 0'>
   <div class='ocr_carea' id='block_1_1' title="bbox 320 282 1383 354">
    <p class='ocr_par' dir='ltr' id='par_1_1' title="bbox 320 282 1383 354">
     <span class='ocr_line' id='line_1_1' title="bbox 320 282 1383 354; baseline 0.001 -19"><span class='ocrx_word' id='word_1_1' title='bbox 320 282 390 336; x_wconf 88' lang='lat' dir='ltr'>Iuris</span> <span class='ocrx_word' id='word_1_2' title='bbox 408 283 476 337; x_wconf 87' lang='lat' dir='ltr'>laesi</span> <span class='ocrx_word' id='word_1_3' title='bbox 494 283 636 353; x_wconf 75' lang='lat' dir='ltr'><strong>reparatio.</strong></span> <span class='ocrx_word' id='word_1_4' title='bbox 656 312 691 322; x_wconf 89' lang='lat'>-</span> <span class='ocrx_word' id='word_1_5' title='bbox 708 285 857 336; x_wconf 67' lang='lat' dir='ltr'>Erebeae</span> <span class='ocrx_word' id='word_1_6' title='bbox 875 286 947 335; x_wconf 81' lang='lat' dir='ltr'>iusto</span> <span class='ocrx_word' id='word_1_7' title='bbox 965 301 1002 336; x_wconf 83' lang='lat' dir='ltr'>an</span> <span class='ocrx_word' id='word_1_8' title='bbox 1021 285 1131 337; x_wconf 75' lang='lat' dir='ltr'>iniusta.</span> <span class='ocrx_word' id='word_1_9' title='bbox 1320 289 1383 354; x_wconf 82' lang='grc'>387</span> 
     </span>
    </p>
   </div>
   <div class='ocr_carea' id='block_1_2' title="bbox 63 459 1386 810">
    <p class='ocr_par' dir='ltr' id='par_1_2' title="bbox 63 459 1386 810">
     <span class='ocr_line' id='line_1_2' title="bbox 63 459 1385 543; baseline 0.002 -20"><span class='ocrx_word' id='word_1_10' title='bbox 63 463 197 524; x_wconf 90' lang='lat' dir='ltr'>tenetur</span> <span class='ocrx_word' id='word_1_11' title='bbox 212 463 320 524; x_wconf 88' lang='lat' dir='ltr'>status</span> <span class='ocrx_word' id='word_1_12' title='bbox 336 459 385 524; x_wconf 89' lang='lat' dir='ltr'>sui</span> <span class='ocrx_word' id='word_1_13' title='bbox 405 459 489 524; x_wconf 90' lang='lat' dir='ltr'>iuste</span> <span class='ocrx_word' id='word_1_14' title='bbox 506 459 657 540; x_wconf 82' lang='lat' dir='ltr'>acquisiti</span> <span class='ocrx_word' id='word_1_15' title='bbox 673 459 885 525; x_wconf 87' lang='lat' dir='ltr'>deiectionem</span> <span class='ocrx_word' id='word_1_16' title='bbox 909 459 988 543; x_wconf 91' lang='lat' dir='ltr'>pati,</span> <span class='ocrx_word' id='word_1_17' title='bbox 1013 459 1257 527; x_wconf 79' lang='lat' dir='ltr'>diminutionem</span> <span class='ocrx_word' id='word_1_18' title='bbox 1275 466 1385 527; x_wconf 90' lang='lat' dir='ltr'>tamen</span> 
     </span>
     <span class='ocr_line' id='line_1_3' title="bbox 63 547 1386 635; baseline 0.002 -23"><span class='ocrx_word' id='word_1_19' title='bbox 63 549 226 613; x_wconf 89' lang='lat' dir='ltr'>sustinere</span> <span class='ocrx_word' id='word_1_20' title='bbox 243 548 348 614; x_wconf 91' lang='lat' dir='ltr'>debet.</span> <span class='ocrx_word' id='word_1_21' title='bbox 385 547 492 624; x_wconf 82' lang='lat' dir='ltr'><strong>Quare</strong></span> <span class='ocrx_word' id='word_1_22' title='bbox 515 549 621 613; x_wconf 90' lang='lat' dir='ltr'>virum</span> <span class='ocrx_word' id='word_1_23' title='bbox 645 549 783 614; x_wconf 90' lang='lat' dir='ltr'>nobilem</span> <span class='ocrx_word' id='word_1_24' title='bbox 809 548 851 613; x_wconf 89' lang='lat' dir='ltr'>ad</span> <span class='ocrx_word' id='word_1_25' title='bbox 875 569 1001 635; x_wconf 91' lang='lat' dir='ltr'>omnem</span> <span class='ocrx_word' id='word_1_26' title='bbox 1025 549 1220 615; x_wconf 88' lang='lat' dir='ltr'>famulatum</span> <span class='ocrx_word' id='word_1_27' title='bbox 1244 551 1386 616; x_wconf 91' lang='lat' dir='ltr'>abicien-</span> 
     </span>
     <span class='ocr_line' id='line_1_4' title="bbox 63 637 1386 723; baseline 0.003 -22"><span class='ocrx_word' id='word_1_28' title='bbox 63 637 140 701; x_wconf 91' lang='lat' dir='ltr'>dum</span> <span class='ocrx_word' id='word_1_29' title='bbox 170 637 315 719; x_wconf 84' lang='lat' dir='ltr'>theologi</span> <span class='ocrx_word' id='word_1_30' title='bbox 346 658 408 701; x_wconf 91' lang='lat' dir='ltr'>non</span> <span class='ocrx_word' id='word_1_31' title='bbox 440 637 603 719; x_wconf 90' lang='lat' dir='ltr'>obligant,</span> <span class='ocrx_word' id='word_1_32' title='bbox 634 637 782 719; x_wconf 89' lang='lat' dir='ltr'>obligant</span> <span class='ocrx_word' id='word_1_33' title='bbox 811 640 939 714; x_wconf 89' lang='lat' dir='ltr'>tamen,</span> <span class='ocrx_word' id='word_1_34' title='bbox 970 643 1007 703; x_wconf 93' lang='lat' dir='ltr'>ut</span> <span class='ocrx_word' id='word_1_35' title='bbox 1037 637 1195 703; x_wconf 90' lang='lat' dir='ltr'>eiusmodi</span> <span class='ocrx_word' id='word_1_36' title='bbox 1224 660 1386 723; x_wconf 85' lang='lat' dir='ltr'>expensas</span> 
     </span>
     <span class='ocr_line' id='line_1_5' title="bbox 63 726 1384 810; baseline 0.003 -21"><span class='ocrx_word' id='word_1_37' title='bbox 63 726 238 802; x_wconf 82' lang='lat' dir='ltr'>diminuat,</span> <span class='ocrx_word' id='word_1_38' title='bbox 266 748 329 808; x_wconf 89' lang='lat' dir='ltr'>quo</span> <span class='ocrx_word' id='word_1_39' title='bbox 354 726 507 807; x_wconf 82' lang='lat' dir='ltr'>colligere</span> <span class='ocrx_word' id='word_1_40' title='bbox 530 726 634 809; x_wconf 87' lang='lat' dir='ltr'>possit</span> <span class='ocrx_word' id='word_1_41' title='bbox 657 747 740 808; x_wconf 90' lang='lat' dir='ltr'>quae</span> <span class='ocrx_word' id='word_1_42' title='bbox 764 727 928 792; x_wconf 89' lang='lat' dir='ltr'>restituat.</span> <span class='ocrx_word' id='word_1_43' title='bbox 974 726 1022 793; x_wconf 79' lang='lat' dir='ltr'>ef.</span> <span class='ocrx_word' id='word_1_44' title='bbox 1047 726 1079 792; x_wconf 90' lang='lat' dir='ltr'>S.</span> <span class='ocrx_word' id='word_1_45' title='bbox 1104 726 1302 810; x_wconf 84' lang='lat' dir='ltr'>Alphons.</span> <span class='ocrx_word' id='word_1_46' title='bbox 1327 729 1384 807; x_wconf 94' lang='lat' dir='ltr'>III,</span> 
     </span>
    </p>
   </div>
   <div class='ocr_carea' id='block_1_3' title="bbox 64 818 221 893">
    <p class='ocr_par' dir='ltr' id='par_1_3' title="bbox 64 818 221 893">
     <span class='ocr_line' id='line_1_6' title="bbox 64 818 221 893; baseline 0 -13"><span class='ocrx_word' id='word_1_47' title='bbox 64 818 139 893; x_wconf 86' lang='grc'><strong>698,</strong></span> <span class='ocrx_word' id='word_1_48' title='bbox 164 838 184 880; x_wconf 78' lang='lat' dir='ltr'>s.</span> <span class='ocrx_word' id='word_1_49' title='bbox 203 838 221 880; x_wconf 78' lang='lat' dir='ltr'>r.</span> 
     </span>
    </p>
   </div>
   <div class='ocr_carea' id='block_1_4' title="bbox 60 920 1446 1447">
    <p class='ocr_par' dir='ltr' id='par_1_4' title="bbox 60 920 1446 1447">
     <span class='ocr_line' id='line_1_7' title="bbox 152 920 1446 1002; baseline 0.003 -19"><span class='ocrx_word' id='word_1_50' title='bbox 152 921 205 984; x_wconf 83' lang='lat' dir='ltr'>Au</span> <span class='ocrx_word' id='word_1_51' title='bbox 228 940 419 996; x_wconf 78' lang='lat' dir='ltr'>quausrruu</span> <span class='ocrx_word' id='word_1_52' title='bbox 444 923 482 982; x_wconf 78' lang='lat'>2¹¹¹</span> <span class='ocrx_word' id='word_1_53' title='bbox 506 920 544 984; x_wconf 80' lang='lat' dir='ltr'>R.</span> <span class='ocrx_word' id='word_1_54' title='bbox 564 922 591 985; x_wconf 90' lang='lat'>1.</span> <span class='ocrx_word' id='word_1_55' title='bbox 634 920 681 984; x_wconf 89' lang='lat' dir='ltr'>Ut</span> <span class='ocrx_word' id='word_1_56' title='bbox 705 941 747 984; x_wconf 89' lang='lat' dir='ltr'>ex</span> <span class='ocrx_word' id='word_1_57' title='bbox 770 920 912 985; x_wconf 90' lang='lat' dir='ltr'>narratis</span> <span class='ocrx_word' id='word_1_58' title='bbox 936 923 1038 1002; x_wconf 91' lang='lat' dir='ltr'>patet,</span> <span class='ocrx_word' id='word_1_59' title='bbox 1063 920 1237 986; x_wconf 84' lang='lat' dir='ltr'>Diomedes</span> <span class='ocrx_word' id='word_1_60' title='bbox 1261 926 1446 987; x_wconf 76' lang='lat' dir='ltr'>statamus</span> 
     </span>
     <span class='ocr_line' id='line_1_8' title="bbox 62 1008 1385 1092; baseline 0.001 -19"><span class='ocrx_word' id='word_1_61' title='bbox 62 1030 156 1073; x_wconf 87' lang='lat' dir='ltr'>suum</span> <span class='ocrx_word' id='word_1_62' title='bbox 174 1015 208 1074; x_wconf 94' lang='lat' dir='ltr'>et</span> <span class='ocrx_word' id='word_1_63' title='bbox 224 1030 385 1092; x_wconf 85' lang='lat' dir='ltr'>expensas</span> <span class='ocrx_word' id='word_1_64' title='bbox 405 1012 577 1073; x_wconf 89' lang='lat' dir='ltr'>consuetas</span> <span class='ocrx_word' id='word_1_65' title='bbox 601 1008 665 1073; x_wconf 91' lang='lat' dir='ltr'>iam</span> <span class='ocrx_word' id='word_1_66' title='bbox 689 1008 874 1074; x_wconf 88' lang='lat' dir='ltr'>necessario</span> <span class='ocrx_word' id='word_1_67' title='bbox 890 1010 1027 1074; x_wconf 92' lang='lat' dir='ltr'>multum</span> <span class='ocrx_word' id='word_1_68' title='bbox 1044 1009 1208 1087; x_wconf 88' lang='lat' dir='ltr'>diminuit;</span> <span class='ocrx_word' id='word_1_69' title='bbox 1233 1032 1334 1091; x_wconf 91' lang='lat' dir='ltr'>quare</span> <span class='ocrx_word' id='word_1_70' title='bbox 1358 1012 1385 1076; x_wconf 91' lang='lat' dir='ltr'>si</span> 
     </span>
     <span class='ocr_line' id='line_1_9' title="bbox 62 1097 1384 1180; baseline 0.002 -18"><span class='ocrx_word' id='word_1_71' title='bbox 62 1119 149 1162; x_wconf 91' lang='lat' dir='ltr'>nunc</span> <span class='ocrx_word' id='word_1_72' title='bbox 173 1101 345 1180; x_wconf 86' lang='lat' dir='ltr'>urgeretur</span> <span class='ocrx_word' id='word_1_73' title='bbox 369 1097 410 1162; x_wconf 91' lang='lat' dir='ltr'>ad</span> <span class='ocrx_word' id='word_1_74' title='bbox 434 1097 675 1164; x_wconf 89' lang='lat' dir='ltr'>restitutionem</span> <span class='ocrx_word' id='word_1_75' title='bbox 698 1098 891 1174; x_wconf 87' lang='lat' dir='ltr'>faciendam,</span> <span class='ocrx_word' id='word_1_76' title='bbox 915 1097 948 1163; x_wconf 92' lang='lat' dir='ltr'>in</span> <span class='ocrx_word' id='word_1_77' title='bbox 966 1102 1148 1179; x_wconf 74' lang='lat' dir='ltr'>egestatem</span> <span class='ocrx_word' id='word_1_78' title='bbox 1170 1099 1384 1180; x_wconf 84' lang='lat' dir='ltr'>redigeretur.</span> 
     </span>
     <span class='ocr_line' id='line_1_10' title="bbox 61 1186 1385 1273; baseline 0.002 -22"><span class='ocrx_word' id='word_1_79' title='bbox 61 1187 288 1252; x_wconf 80' lang='lat' dir='ltr'>confessarius</span> <span class='ocrx_word' id='word_1_80' title='bbox 312 1187 413 1267; x_wconf 88' lang='lat' dir='ltr'>igitur</span> <span class='ocrx_word' id='word_1_81' title='bbox 429 1187 525 1251; x_wconf 91' lang='lat' dir='ltr'>debet</span> <span class='ocrx_word' id='word_1_82' title='bbox 544 1186 573 1250; x_wconf 90' lang='lat' dir='ltr'>ei</span> <span class='ocrx_word' id='word_1_83' title='bbox 599 1186 706 1251; x_wconf 88' lang='lat' dir='ltr'>dicere</span> <span class='ocrx_word' id='word_1_84' title='bbox 731 1186 961 1268; x_wconf 80' lang='lat' dir='ltr'>obligationem</span> <span class='ocrx_word' id='word_1_85' title='bbox 986 1187 1074 1252; x_wconf 88' lang='lat' dir='ltr'>illam</span> <span class='ocrx_word' id='word_1_86' title='bbox 1097 1188 1270 1271; x_wconf 88' lang='lat' dir='ltr'>reparandi</span> <span class='ocrx_word' id='word_1_87' title='bbox 1294 1188 1385 1273; x_wconf 84' lang='lat' dir='ltr'>frau-</span> 
     </span>
     <span class='ocr_line' id='line_1_11' title="bbox 62 1275 1383 1360; baseline 0.001 -20"><span class='ocrx_word' id='word_1_88' title='bbox 62 1277 120 1340; x_wconf 86' lang='lat' dir='ltr'>des</span> <span class='ocrx_word' id='word_1_89' title='bbox 146 1297 209 1340; x_wconf 94' lang='lat' dir='ltr'>non</span> <span class='ocrx_word' id='word_1_90' title='bbox 233 1276 360 1357; x_wconf 90' lang='lat' dir='ltr'>quidem</span> <span class='ocrx_word' id='word_1_91' title='bbox 387 1275 568 1356; x_wconf 85' lang='lat' dir='ltr'>exstingui,</span> <span class='ocrx_word' id='word_1_92' title='bbox 600 1280 635 1341; x_wconf 90' lang='lat' dir='ltr'>at</span> <span class='ocrx_word' id='word_1_93' title='bbox 661 1275 694 1340; x_wconf 91' lang='lat' dir='ltr'>in</span> <span class='ocrx_word' id='word_1_94' title='bbox 718 1275 807 1340; x_wconf 91' lang='lat' dir='ltr'>hisce</span> <span class='ocrx_word' id='word_1_95' title='bbox 830 1275 1084 1343; x_wconf 85' lang='lat' dir='ltr'>circumstantiis</span> <span class='ocrx_word' id='word_1_96' title='bbox 1108 1276 1277 1360; x_wconf 87' lang='lat' dir='ltr'>suspendi,</span> <span class='ocrx_word' id='word_1_97' title='bbox 1309 1277 1383 1341; x_wconf 87' lang='lat' dir='ltr'>dum</span> 
     </span>
     <span class='ocr_line' id='line_1_12' title="bbox 60 1365 512 1447; baseline 0 -19"><span class='ocrx_word' id='word_1_98' title='bbox 60 1365 178 1429; x_wconf 89' lang='lat' dir='ltr'>melius</span> <span class='ocrx_word' id='word_1_99' title='bbox 202 1365 376 1430; x_wconf 85' lang='lat' dir='ltr'>restituere</span> <span class='ocrx_word' id='word_1_100' title='bbox 400 1365 512 1447; x_wconf 87' lang='lat' dir='ltr'>possit.</span> 
     </span>
    </p>
   </div>
   <div class='ocr_carea' id='block_1_5' title="bbox 58 1461 1385 3145">
    <p class='ocr_par' dir='ltr' id='par_1_5' title="bbox 60 1461 1385 1984">
     <span class='ocr_line' id='line_1_13' title="bbox 151 1461 1384 1546; baseline 0.003 -21"><span class='ocrx_word' id='word_1_101' title='bbox 151 1462 190 1528; x_wconf 89' lang='lat' dir='ltr'>R.</span> <span class='ocrx_word' id='word_1_102' title='bbox 208 1464 238 1527; x_wconf 90' lang='grc'>2.</span> <span class='ocrx_word' id='word_1_103' title='bbox 277 1461 329 1526; x_wconf 89' lang='lat' dir='ltr'>Ad</span> <span class='ocrx_word' id='word_1_104' title='bbox 346 1482 414 1526; x_wconf 91' lang='lat' dir='ltr'>rem</span> <span class='ocrx_word' id='word_1_105' title='bbox 431 1468 577 1527; x_wconf 91' lang='lat' dir='ltr'>nostram</span> <span class='ocrx_word' id='word_1_106' title='bbox 600 1461 702 1526; x_wconf 91' lang='lat' dir='ltr'>habes</span> <span class='ocrx_word' id='word_1_107' title='bbox 726 1482 768 1526; x_wconf 86' lang='lat' dir='ltr'>ex</span> <span class='ocrx_word' id='word_1_108' title='bbox 791 1462 1079 1539; x_wconf 88' lang='lat' dir='ltr'>Busembaum‚</span> <span class='ocrx_word' id='word_1_109' title='bbox 1104 1483 1199 1544; x_wconf 90' lang='lat' dir='ltr'>quem</span> <span class='ocrx_word' id='word_1_110' title='bbox 1217 1463 1249 1531; x_wconf 87' lang='lat' dir='ltr'>S.</span> <span class='ocrx_word' id='word_1_111' title='bbox 1266 1462 1384 1546; x_wconf 88' lang='lat' dir='ltr'>Alph.</span> 
     </span>
     <span class='ocr_line' id='line_1_14' title="bbox 60 1550 1385 1633; baseline 0 -17"><span class='ocrx_word' id='word_1_112' title='bbox 60 1550 165 1616; x_wconf 89' lang='lat' dir='ltr'>tacite</span> <span class='ocrx_word' id='word_1_113' title='bbox 188 1552 350 1633; x_wconf 88' lang='lat' dir='ltr'>approbat</span> <span class='ocrx_word' id='word_1_114' title='bbox 379 1551 443 1626; x_wconf 91' lang='lat' dir='ltr'>Ill,</span> <span class='ocrx_word' id='word_1_115' title='bbox 470 1552 551 1627; x_wconf 87' lang='grc'><strong>698,</strong></span> <span class='ocrx_word' id='word_1_116' title='bbox 578 1573 606 1614; x_wconf 83' lang='lat' dir='ltr'>o:</span> <span class='ocrx_word' id='word_1_117' title='bbox 643 1550 741 1627; x_wconf 83' lang='lat' dir='ltr'>,Item</span> <span class='ocrx_word' id='word_1_118' title='bbox 767 1550 935 1615; x_wconf 85' lang='lat' dir='ltr'>excusaris</span> <span class='ocrx_word' id='word_1_119' title='bbox 958 1572 978 1616; x_wconf 93' lang='lat' dir='ltr'>a</span> <span class='ocrx_word' id='word_1_120' title='bbox 1002 1551 1226 1630; x_wconf 86' lang='lat' dir='ltr'>restitutione,</span> <span class='ocrx_word' id='word_1_121' title='bbox 1257 1552 1284 1616; x_wconf 93' lang='lat' dir='ltr'>si</span> <span class='ocrx_word' id='word_1_122' title='bbox 1314 1552 1385 1616; x_wconf 91' lang='lat' dir='ltr'>fieri</span> 
     </span>
     <span class='ocr_line' id='line_1_15' title="bbox 60 1639 1385 1723; baseline 0.002 -20"><span class='ocrx_word' id='word_1_123' title='bbox 60 1640 175 1722; x_wconf 92' lang='lat' dir='ltr'>nequit</span> <span class='ocrx_word' id='word_1_124' title='bbox 198 1642 320 1722; x_wconf 86' lang='lat' dir='ltr'>absque</span> <span class='ocrx_word' id='word_1_125' title='bbox 344 1639 487 1722; x_wconf 91' lang='lat' dir='ltr'>periculo</span> <span class='ocrx_word' id='word_1_126' title='bbox 503 1639 631 1705; x_wconf 89' lang='lat' dir='ltr'>animae</span> <span class='ocrx_word' id='word_1_127' title='bbox 646 1644 724 1705; x_wconf 92' lang='lat' dir='ltr'>tuae</span> <span class='ocrx_word' id='word_1_128' title='bbox 739 1640 793 1704; x_wconf 89' lang='lat' dir='ltr'>vel</span> <span class='ocrx_word' id='word_1_129' title='bbox 817 1645 963 1715; x_wconf 90' lang='lat' dir='ltr'>tuorum;</span> <span class='ocrx_word' id='word_1_130' title='bbox 988 1644 1071 1706; x_wconf 84' lang='lat' dir='ltr'>utu.</span> <span class='ocrx_word' id='word_1_131' title='bbox 1089 1662 1131 1722; x_wconf 90' lang='lat' dir='ltr'>g.,</span> <span class='ocrx_word' id='word_1_132' title='bbox 1155 1640 1183 1705; x_wconf 90' lang='lat' dir='ltr'>si</span> <span class='ocrx_word' id='word_1_133' title='bbox 1200 1662 1263 1706; x_wconf 89' lang='lat' dir='ltr'>non</span> <span class='ocrx_word' id='word_1_134' title='bbox 1280 1641 1385 1723; x_wconf 91' lang='lat' dir='ltr'>possis</span> 
     </span>
     <span class='ocr_line' id='line_1_16' title="bbox 60 1728 1385 1813; baseline 0.002 -21"><span class='ocrx_word' id='word_1_135' title='bbox 60 1728 185 1810; x_wconf 87' lang='lat' dir='ltr'>absque</span> <span class='ocrx_word' id='word_1_136' title='bbox 208 1734 352 1812; x_wconf 88' lang='lat' dir='ltr'>peccato,</span> <span class='ocrx_word' id='word_1_137' title='bbox 377 1735 423 1805; x_wconf 88' lang='lat' dir='ltr'>ut,</span> <span class='ocrx_word' id='word_1_138' title='bbox 448 1728 476 1792; x_wconf 89' lang='lat' dir='ltr'>si</span> <span class='ocrx_word' id='word_1_139' title='bbox 499 1728 543 1792; x_wconf 89' lang='lat' dir='ltr'>sit</span> <span class='ocrx_word' id='word_1_140' title='bbox 566 1728 755 1812; x_wconf 89' lang='lat' dir='ltr'>periculum,</span> <span class='ocrx_word' id='word_1_141' title='bbox 781 1750 820 1793; x_wconf 92' lang='lat' dir='ltr'>ne</span> <span class='ocrx_word' id='word_1_142' title='bbox 845 1750 928 1793; x_wconf 84' lang='lat' dir='ltr'>uxor</span> <span class='ocrx_word' id='word_1_143' title='bbox 943 1734 1001 1794; x_wconf 91' lang='lat' dir='ltr'>aut</span> <span class='ocrx_word' id='word_1_144' title='bbox 1020 1729 1106 1794; x_wconf 91' lang='lat' dir='ltr'>filiae</span> <span class='ocrx_word' id='word_1_145' title='bbox 1122 1751 1157 1794; x_wconf 91' lang='lat' dir='ltr'>se</span> <span class='ocrx_word' id='word_1_146' title='bbox 1174 1730 1385 1813; x_wconf 86' lang='lat' dir='ltr'>prostituant,</span> 
     </span>
     <span class='ocr_line' id='line_1_17' title="bbox 60 1816 1385 1902; baseline 0.002 -20"><span class='ocrx_word' id='word_1_147' title='bbox 60 1840 103 1882; x_wconf 90' lang='lat' dir='ltr'>ne</span> <span class='ocrx_word' id='word_1_148' title='bbox 118 1818 174 1883; x_wconf 86' lang='lat' dir='ltr'>filii</span> <span class='ocrx_word' id='word_1_149' title='bbox 192 1818 322 1884; x_wconf 88' lang='lat' dir='ltr'>sedent</span> <span class='ocrx_word' id='word_1_150' title='bbox 344 1817 534 1893; x_wconf 88' lang='lat' dir='ltr'>latrociniis,</span> <span class='ocrx_word' id='word_1_151' title='bbox 559 1838 599 1881; x_wconf 92' lang='lat' dir='ltr'>ne</span> <span class='ocrx_word' id='word_1_152' title='bbox 623 1816 692 1900; x_wconf 89' lang='lat' dir='ltr'>ipse</span> <span class='ocrx_word' id='word_1_153' title='bbox 711 1839 770 1900; x_wconf 91' lang='lat' dir='ltr'>per</span> <span class='ocrx_word' id='word_1_154' title='bbox 785 1817 1023 1900; x_wconf 88' lang='lat' dir='ltr'>impatientiam</span> <span class='ocrx_word' id='word_1_155' title='bbox 1041 1818 1165 1884; x_wconf 91' lang='lat' dir='ltr'>incidas</span> <span class='ocrx_word' id='word_1_156' title='bbox 1180 1819 1213 1883; x_wconf 92' lang='lat' dir='ltr'>in</span> <span class='ocrx_word' id='word_1_157' title='bbox 1230 1820 1385 1902; x_wconf 90' lang='lat' dir='ltr'>despera-</span> 
     </span>
     <span class='ocr_line' id='line_1_18' title="bbox 61 1906 990 1984; baseline -0.002 -12"><span class='ocrx_word' id='word_1_158' title='bbox 61 1907 193 1973; x_wconf 89' lang='lat' dir='ltr'>tionem.</span> <span class='ocrx_word' id='word_1_159' title='bbox 240 1907 406 1983; x_wconf 77' lang='lat' dir='ltr'>Bonae,</span> <span class='ocrx_word' id='word_1_160' title='bbox 431 1907 557 1982; x_wconf 81' lang='lat' dir='ltr'>Lesa,</span> <span class='ocrx_word' id='word_1_161' title='bbox 583 1906 754 1984; x_wconf 88' lang='lat' dir='ltr'>Melina,</span> <span class='ocrx_word' id='word_1_162' title='bbox 780 1906 990 1971; x_wconf 65' lang='lat' dir='ltr'>Filliuecf‘</span> 
     </span>
    </p>

    <p class='ocr_par' dir='ltr' id='par_1_6' title="bbox 58 1995 1385 3060">
     <span class='ocr_line' id='line_1_19' title="bbox 150 1995 1384 2079; baseline 0.001 -20"><span class='ocrx_word' id='word_1_163' title='bbox 150 1995 241 2071; x_wconf 88' lang='lat' dir='ltr'>Quod</span> <span class='ocrx_word' id='word_1_164' title='bbox 266 1996 495 2079; x_wconf 87' lang='lat' dir='ltr'>comprobatur</span> <span class='ocrx_word' id='word_1_165' title='bbox 518 1995 582 2060; x_wconf 94' lang='lat' dir='ltr'>alio</span> <span class='ocrx_word' id='word_1_166' title='bbox 613 1996 683 2060; x_wconf 92' lang='lat' dir='ltr'>loco</span> <span class='ocrx_word' id='word_1_167' title='bbox 715 1995 745 2060; x_wconf 86' lang='lat' dir='ltr'>S.</span> <span class='ocrx_word' id='word_1_168' title='bbox 771 1995 993 2078; x_wconf 86' lang='lat' dir='ltr'>Alphonsi,</span> <span class='ocrx_word' id='word_1_169' title='bbox 1025 1996 1089 2061; x_wconf 88' lang='lat' dir='ltr'>vid.</span> <span class='ocrx_word' id='word_1_170' title='bbox 1122 1996 1185 2073; x_wconf 94' lang='grc' dir='ltr'>ΙΙΙ,</span> <span class='ocrx_word' id='word_1_171' title='bbox 1218 1998 1298 2073; x_wconf 88' lang='grc'>520,</span> <span class='ocrx_word' id='word_1_172' title='bbox 1330 1997 1384 2060; x_wconf 91' lang='lat' dir='ltr'>ubi</span> 
     </span>
     <span class='ocr_line' id='line_1_20' title="bbox 60 2083 1385 2166; baseline 0 -17"><span class='ocrx_word' id='word_1_173' title='bbox 60 2085 93 2150; x_wconf 87' lang='lat' dir='ltr'>S.</span> <span class='ocrx_word' id='word_1_174' title='bbox 105 2085 228 2150; x_wconf 90' lang='lat' dir='ltr'>Doctor</span> <span class='ocrx_word' id='word_1_175' title='bbox 240 2086 378 2166; x_wconf 90' lang='lat' dir='ltr'>quaerit,</span> <span class='ocrx_word' id='word_1_176' title='bbox 396 2084 436 2149; x_wconf 94' lang='lat' dir='ltr'>ob</span> <span class='ocrx_word' id='word_1_177' title='bbox 449 2105 623 2166; x_wconf 91' lang='lat' dir='ltr'>quamnam</span> <span class='ocrx_word' id='word_1_178' title='bbox 640 2083 869 2149; x_wconf 89' lang='lat' dir='ltr'>necessitatem</span> <span class='ocrx_word' id='word_1_179' title='bbox 887 2084 986 2150; x_wconf 89' lang='lat' dir='ltr'>liceat</span> <span class='ocrx_word' id='word_1_180' title='bbox 1001 2084 1097 2149; x_wconf 88' lang='lat' dir='ltr'>alicui</span> <span class='ocrx_word' id='word_1_181' title='bbox 1113 2106 1154 2149; x_wconf 84' lang='lat' dir='ltr'>ex</span> <span class='ocrx_word' id='word_1_182' title='bbox 1165 2084 1280 2149; x_wconf 90' lang='lat' dir='ltr'>alienis</span> <span class='ocrx_word' id='word_1_183' title='bbox 1292 2085 1385 2150; x_wconf 88' lang='lat' dir='ltr'>bonis</span> 
     </span>
     <span class='ocr_line' id='line_1_21' title="bbox 59 2172 1385 2257; baseline 0.001 -20"><span class='ocrx_word' id='word_1_184' title='bbox 59 2173 247 2239; x_wconf 86' lang='lat' dir='ltr'>necessaria</span> <span class='ocrx_word' id='word_1_185' title='bbox 270 2194 445 2239; x_wconf 88' lang='lat' dir='ltr'>assumere.</span> <span class='ocrx_word' id='word_1_186' title='bbox 486 2173 573 2238; x_wconf 89' lang='lat' dir='ltr'>Dicit</span> <span class='ocrx_word' id='word_1_187' title='bbox 596 2172 712 2254; x_wconf 91' lang='lat' dir='ltr'>igitur:</span> <span class='ocrx_word' id='word_1_188' title='bbox 742 2172 823 2249; x_wconf 85' lang='lat' dir='ltr'>,Sed</span> <span class='ocrx_word' id='word_1_189' title='bbox 844 2173 1021 2251; x_wconf 91' lang='lat' dir='ltr'>dubitatur,</span> <span class='ocrx_word' id='word_1_190' title='bbox 1047 2195 1088 2238; x_wconf 91' lang='lat' dir='ltr'>an</span> <span class='ocrx_word' id='word_1_191' title='bbox 1112 2178 1247 2257; x_wconf 89' lang='lat' dir='ltr'>putetur</span> <span class='ocrx_word' id='word_1_192' title='bbox 1270 2174 1385 2239; x_wconf 90' lang='lat' dir='ltr'>eadem</span> 
     </span>
     <span class='ocr_line' id='line_1_22' title="bbox 60 2261 1383 2346; baseline 0 -20"><span class='ocrx_word' id='word_1_193' title='bbox 60 2263 258 2329; x_wconf 89' lang='lat' dir='ltr'>necessitate</span> <span class='ocrx_word' id='word_1_194' title='bbox 282 2264 431 2327; x_wconf 90' lang='lat' dir='ltr'>laborare</span> <span class='ocrx_word' id='word_1_195' title='bbox 454 2266 559 2345; x_wconf 87' lang='lat' dir='ltr'>pater,</span> <span class='ocrx_word' id='word_1_196' title='bbox 584 2261 639 2343; x_wconf 93' lang='lat' dir='ltr'>qui</span> <span class='ocrx_word' id='word_1_197' title='bbox 655 2263 695 2326; x_wconf 92' lang='lat' dir='ltr'>ob</span> <span class='ocrx_word' id='word_1_198' title='bbox 711 2261 853 2345; x_wconf 92' lang='lat' dir='ltr'>inopiam</span> <span class='ocrx_word' id='word_1_199' title='bbox 870 2267 921 2328; x_wconf 89' lang='lat' dir='ltr'>est</span> <span class='ocrx_word' id='word_1_200' title='bbox 943 2263 977 2326; x_wconf 92' lang='lat' dir='ltr'>in</span> <span class='ocrx_word' id='word_1_201' title='bbox 1001 2263 1144 2345; x_wconf 89' lang='lat' dir='ltr'>periculo</span> <span class='ocrx_word' id='word_1_202' title='bbox 1164 2262 1383 2346; x_wconf 89' lang='lat' dir='ltr'>prostituendi</span> 
     </span>
     <span class='ocr_line' id='line_1_23' title="bbox 60 2351 1383 2426; baseline 0 -11"><span class='ocrx_word' id='word_1_203' title='bbox 60 2353 171 2417; x_wconf 87' lang='lat' dir='ltr'>filiam.</span> <span class='ocrx_word' id='word_1_204' title='bbox 225 2352 380 2417; x_wconf 85' lang='lat' dir='ltr'>Affirmat</span> <span class='ocrx_word' id='word_1_205' title='bbox 409 2351 636 2426; x_wconf 82' lang='lat' dir='ltr'>Bonacina,</span> <span class='ocrx_word' id='word_1_206' title='bbox 670 2355 705 2417; x_wconf 88' lang='lat' dir='ltr'>et</span> <span class='ocrx_word' id='word_1_207' title='bbox 734 2351 897 2416; x_wconf 88' lang='lat' dir='ltr'>consentit</span> <span class='ocrx_word' id='word_1_208' title='bbox 926 2351 1136 2417; x_wconf 88' lang='lat' dir='ltr'>Mazzotta</span> <span class='ocrx_word' id='word_1_209' title='bbox 1166 2373 1238 2416; x_wconf 91' lang='lat' dir='ltr'>cum</span> <span class='ocrx_word' id='word_1_210' title='bbox 1269 2351 1383 2416; x_wconf 83' lang='lat' dir='ltr'>Caie-</span> 
     </span>
     <span class='ocr_line' id='line_1_24' title="bbox 59 2438 1383 2523; baseline 0 -17"><span class='ocrx_word' id='word_1_211' title='bbox 59 2447 175 2517; x_wconf 89' lang='lat' dir='ltr'>tano,</span> <span class='ocrx_word' id='word_1_212' title='bbox 201 2441 353 2505; x_wconf 87' lang='lat' dir='ltr'>Suarez</span> <span class='ocrx_word' id='word_1_213' title='bbox 377 2444 439 2505; x_wconf 87' lang='lat' dir='ltr'>etc.</span> <span class='ocrx_word' id='word_1_214' title='bbox 477 2439 540 2505; x_wconf 88' lang='lat' dir='ltr'>Sed</span> <span class='ocrx_word' id='word_1_215' title='bbox 564 2438 762 2523; x_wconf 90' lang='lat' dir='ltr'>probabilius</span> <span class='ocrx_word' id='word_1_216' title='bbox 778 2439 1006 2506; x_wconf 88' lang='lat' dir='ltr'>contradicunt</span> <span class='ocrx_word' id='word_1_217' title='bbox 1029 2441 1281 2518; x_wconf 77' lang='lat' dir='ltr'>Salmantic,</span> <span class='ocrx_word' id='word_1_218' title='bbox 1307 2441 1383 2522; x_wconf 89' lang='lat' dir='ltr'>quia</span> 
     </span>
     <span class='ocr_line' id='line_1_25' title="bbox 59 2527 1383 2613; baseline 0.002 -20"><span class='ocrx_word' id='word_1_219' title='bbox 59 2531 150 2594; x_wconf 89' lang='lat' dir='ltr'>nulla</span> <span class='ocrx_word' id='word_1_220' title='bbox 180 2529 359 2596; x_wconf 87' lang='lat' dir='ltr'>necessitas</span> <span class='ocrx_word' id='word_1_221' title='bbox 389 2533 499 2612; x_wconf 86' lang='lat' dir='ltr'>potest</span> <span class='ocrx_word' id='word_1_222' title='bbox 530 2550 648 2609; x_wconf 87' lang='lat' dir='ltr'>cogere</span> <span class='ocrx_word' id='word_1_223' title='bbox 677 2527 818 2610; x_wconf 91' lang='lat' dir='ltr'>aliquem</span> <span class='ocrx_word' id='word_1_224' title='bbox 849 2530 891 2594; x_wconf 89' lang='lat' dir='ltr'>ad</span> <span class='ocrx_word' id='word_1_225' title='bbox 923 2530 1139 2612; x_wconf 89' lang='lat' dir='ltr'>peccandum,</span> <span class='ocrx_word' id='word_1_226' title='bbox 1173 2550 1245 2595; x_wconf 88' lang='lat' dir='ltr'>cum</span> <span class='ocrx_word' id='word_1_227' title='bbox 1277 2531 1383 2613; x_wconf 89' lang='lat' dir='ltr'>possit</span> 
     </span>
     <span class='ocr_line' id='line_1_26' title="bbox 59 2618 1381 2699; baseline -0.001 -16"><span class='ocrx_word' id='word_1_228' title='bbox 59 2618 126 2684; x_wconf 89' lang='lat' dir='ltr'>alia</span> <span class='ocrx_word' id='word_1_229' title='bbox 150 2618 213 2695; x_wconf 83' lang='lat' dir='ltr'>via,</span> <span class='ocrx_word' id='word_1_230' title='bbox 238 2619 355 2683; x_wconf 90' lang='lat' dir='ltr'>saltem</span> <span class='ocrx_word' id='word_1_231' title='bbox 379 2618 602 2695; x_wconf 88' lang='lat' dir='ltr'>mendicando,</span> <span class='ocrx_word' id='word_1_232' title='bbox 627 2638 706 2683; x_wconf 86' lang='lat' dir='ltr'>suae</span> <span class='ocrx_word' id='word_1_233' title='bbox 729 2618 918 2683; x_wconf 90' lang='lat' dir='ltr'>necessitati</span> <span class='ocrx_word' id='word_1_234' title='bbox 942 2619 1124 2685; x_wconf 86' lang='lat' dir='ltr'>subvenire.</span> <span class='ocrx_word' id='word_1_235' title='bbox 1165 2619 1227 2684; x_wconf 89' lang='lat' dir='ltr'>Sed</span> <span class='ocrx_word' id='word_1_236' title='bbox 1244 2619 1330 2699; x_wconf 90' lang='lat' dir='ltr'>quid,</span> <span class='ocrx_word' id='word_1_237' title='bbox 1355 2619 1381 2683; x_wconf 92' lang='lat' dir='ltr'>si</span> 
     </span>
     <span class='ocr_line' id='line_1_27' title="bbox 58 2706 1383 2790; baseline 0 -18"><span class='ocrx_word' id='word_1_238' title='bbox 58 2708 199 2789; x_wconf 90' lang='lat' dir='ltr'>aliquem</span> <span class='ocrx_word' id='word_1_239' title='bbox 236 2707 342 2772; x_wconf 89' lang='lat' dir='ltr'>virum</span> <span class='ocrx_word' id='word_1_240' title='bbox 377 2707 570 2772; x_wconf 90' lang='lat' dir='ltr'>honoratum</span> <span class='ocrx_word' id='word_1_241' title='bbox 603 2706 701 2772; x_wconf 89' lang='lat' dir='ltr'>valde</span> <span class='ocrx_word' id='word_1_242' title='bbox 735 2707 874 2790; x_wconf 87' lang='lat' dir='ltr'>puderet</span> <span class='ocrx_word' id='word_1_243' title='bbox 908 2708 1101 2772; x_wconf 90' lang='lat' dir='ltr'>mendicare.</span> <span class='ocrx_word' id='word_1_244' title='bbox 1128 2762 1134 2773; x_wconf 94' lang='lat'>.</span> <span class='ocrx_word' id='word_1_245' title='bbox 1161 2760 1168 2773; x_wconf 92' lang='lat'>.</span> <span class='ocrx_word' id='word_1_246' title='bbox 1195 2761 1201 2773; x_wconf 93' lang='lat'>.</span> <span class='ocrx_word' id='word_1_247' title='bbox 1248 2707 1383 2790; x_wconf 87' lang='lat' dir='ltr'>Negant</span> 
     </span>
     <span class='ocr_line' id='line_1_28' title="bbox 59 2796 1383 2882; baseline 0 -21"><span class='ocrx_word' id='word_1_248' title='bbox 59 2797 258 2862; x_wconf 86' lang='lat' dir='ltr'>Salmant.</span> <span class='ocrx_word' id='word_1_249' title='bbox 287 2801 348 2860; x_wconf 88' lang='lat' dir='ltr'>etc.</span> <span class='ocrx_word' id='word_1_250' title='bbox 375 2849 381 2860; x_wconf 95' lang='lat'>.</span> <span class='ocrx_word' id='word_1_251' title='bbox 409 2848 415 2861; x_wconf 95' lang='lat'>.</span> <span class='ocrx_word' id='word_1_252' title='bbox 442 2848 448 2861; x_wconf 94' lang='lat'>.</span> <span class='ocrx_word' id='word_1_253' title='bbox 496 2796 672 2861; x_wconf 82' lang='lat' dir='ltr'>Affirmant</span> <span class='ocrx_word' id='word_1_254' title='bbox 695 2816 774 2861; x_wconf 92' lang='lat' dir='ltr'>vero</span> <span class='ocrx_word' id='word_1_255' title='bbox 800 2849 806 2861; x_wconf 96' lang='lat'>.</span> <span class='ocrx_word' id='word_1_256' title='bbox 833 2849 839 2861; x_wconf 97' lang='lat'>.</span> <span class='ocrx_word' id='word_1_257' title='bbox 866 2848 872 2861; x_wconf 91' lang='lat'>.</span> <span class='ocrx_word' id='word_1_258' title='bbox 920 2797 1049 2881; x_wconf 81' lang='lat' dir='ltr'>Hocque</span> <span class='ocrx_word' id='word_1_259' title='bbox 1073 2798 1274 2882; x_wconf 76' lang='lat' dir='ltr'>probabilius</span> <span class='ocrx_word' id='word_1_260' title='bbox 1304 2799 1383 2861; x_wconf 74' lang='lat' dir='ltr'>aiibi</span> 
     </span>
     <span class='ocr_line' id='line_1_29' title="bbox 61 2887 1381 2969; baseline 0 -19"><span class='ocrx_word' id='word_1_261' title='bbox 61 2888 197 2965; x_wconf 82' lang='lat' dir='ltr'>uidetur,</span> <span class='ocrx_word' id='word_1_262' title='bbox 221 2889 249 2950; x_wconf 85' lang='lat' dir='ltr'>si</span> <span class='ocrx_word' id='word_1_263' title='bbox 271 2887 377 2969; x_wconf 83' lang='lat' dir='ltr'>pudor</span> <span class='ocrx_word' id='word_1_264' title='bbox 398 2887 604 2950; x_wconf 70' lang='lat' dir='ltr'>arcadicoadi</span> <span class='ocrx_word' id='word_1_265' title='bbox 628 2893 704 2949; x_wconf 82' lang='lat' dir='ltr'>esset</span> <span class='ocrx_word' id='word_1_266' title='bbox 726 2893 845 2968; x_wconf 78' lang='lat' dir='ltr'>tentas,</span> <span class='ocrx_word' id='word_1_267' title='bbox 873 2894 904 2949; x_wconf 83' lang='lat' dir='ltr'>at</span> <span class='ocrx_word' id='word_1_268' title='bbox 922 2889 1031 2969; x_wconf 81' lang='lat' dir='ltr'>potius</span> <span class='ocrx_word' id='word_1_269' title='bbox 1056 2888 1106 2950; x_wconf 83' lang='lat' dir='ltr'>ille</span> <span class='ocrx_word' id='word_1_270' title='bbox 1130 2895 1257 2950; x_wconf 77' lang='lat' dir='ltr'>mortem</span> <span class='ocrx_word' id='word_1_271' title='bbox 1276 2887 1381 2950; x_wconf 81' lang='lat' dir='ltr'>subire</span> 
     </span>
     <span class='ocr_line' id='line_1_30' title="bbox 59 2973 499 3060; baseline 0 -22"><span class='ocrx_word' id='word_1_272' title='bbox 59 2979 146 3040; x_wconf 77' lang='lat' dir='ltr'>vellet</span> <span class='ocrx_word' id='word_1_273' title='bbox 170 2997 265 3060; x_wconf 82' lang='lat' dir='ltr'>qaum</span> <span class='ocrx_word' id='word_1_274' title='bbox 288 2973 499 3039; x_wconf 49' lang='lat' dir='ltr'>cimicem</span> 
     </span>
    </p>

    <p class='ocr_par' dir='ltr' id='par_1_7' title="bbox 150 3061 1382 3145">
     <span class='ocr_line' id='line_1_31' title="bbox 150 3061 1382 3145; baseline -0.002 -16"><span class='ocrx_word' id='word_1_275' title='bbox 150 3063 244 3129; x_wconf 90' lang='lat' dir='ltr'>Unde</span> <span class='ocrx_word' id='word_1_276' title='bbox 275 3062 429 3127; x_wconf 88' lang='lat' dir='ltr'>conclude</span> <span class='ocrx_word' id='word_1_277' title='bbox 459 3062 588 3127; x_wconf 90' lang='lat' dir='ltr'>facilius</span> <span class='ocrx_word' id='word_1_278' title='bbox 620 3083 700 3126; x_wconf 91' lang='lat' dir='ltr'>sane</span> <span class='ocrx_word' id='word_1_279' title='bbox 730 3083 826 3145; x_wconf 90' lang='lat' dir='ltr'>posse</span> <span class='ocrx_word' id='word_1_280' title='bbox 855 3062 1002 3144; x_wconf 88' lang='lat' dir='ltr'>permitti</span> <span class='ocrx_word' id='word_1_281' title='bbox 1026 3062 1214 3126; x_wconf 89' lang='lat' dir='ltr'>dilationem</span> <span class='ocrx_word' id='word_1_282' title='bbox 1247 3061 1382 3128; x_wconf 88' lang='lat' dir='ltr'>restitu-</span> 
     </span>
    </p>
   </div>
   <div class='ocr_carea' id='block_1_6' title="bbox 57 3151 895 3235">
    <p class='ocr_par' dir='ltr' id='par_1_8' title="bbox 57 3151 895 3235">
     <span class='ocr_line' id='line_1_32' title="bbox 57 3151 895 3235; baseline -0.002 -18"><span class='ocrx_word' id='word_1_283' title='bbox 57 3152 158 3218; x_wconf 92' lang='lat' dir='ltr'>tionis</span> <span class='ocrx_word' id='word_1_284' title='bbox 181 3173 278 3235; x_wconf 89' lang='lat' dir='ltr'>quam</span> <span class='ocrx_word' id='word_1_285' title='bbox 303 3152 480 3216; x_wconf 90' lang='lat' dir='ltr'>alienorum</span> <span class='ocrx_word' id='word_1_286' title='bbox 504 3153 661 3216; x_wconf 91' lang='lat' dir='ltr'>bonorum</span> <span class='ocrx_word' id='word_1_287' title='bbox 685 3151 895 3216; x_wconf 80' lang='lat' dir='ltr'>invasionem.</span> 
     </span>
    </p>
   </div>
   <div class='ocr_carea' id='block_1_7' title="bbox 86 3365 1353 3434">
    <p class='ocr_par' dir='ltr' id='par_1_9' title="bbox 86 3365 1353 3434">
     <span class='ocr_line' id='line_1_33' title="bbox 86 3365 1353 3434; baseline -0.002 0"><span class='ocrx_word' id='word_1_288' title='bbox 86 3368 327 3434; x_wconf 80' lang='lat' dir='ltr'><strong>INDUSTRIA</strong></span> <span class='ocrx_word' id='word_1_289' title='bbox 351 3368 410 3431; x_wconf 86' lang='grc' dir='ltr'>ΑΙ)</span> <span class='ocrx_word' id='word_1_290' title='bbox 435 3367 756 3433; x_wconf 85' lang='lat' dir='ltr'><strong>DECLINANDAM</strong></span> <span class='ocrx_word' id='word_1_291' title='bbox 780 3365 1062 3431; x_wconf 83' lang='lat' dir='ltr'><strong>SOLUTIONEM</strong></span> <span class='ocrx_word' id='word_1_292' title='bbox 1085 3365 1353 3432; x_wconf 84' lang='lat' dir='ltr'>DEBITORUM.</span> 
     </span>
    </p>
   </div>
   <div class='ocr_carea' id='block_1_8' title="bbox 614 3509 826 3583">
    <p class='ocr_par' dir='ltr' id='par_1_10' title="bbox 614 3509 826 3583">
     <span class='ocr_line' id='line_1_34' title="bbox 614 3509 826 3583; baseline -0.038 -8"><span class='ocrx_word' id='word_1_293' title='bbox 614 3509 723 3575; x_wconf 79' lang='lat' dir='ltr'>Casus,</span> <span class='ocrx_word' id='word_1_294' title='bbox 751 3517 826 3583; x_wconf 78' lang='lat'>(237)</span> 
     </span>
    </p>
   </div>
   <div class='ocr_carea' id='block_1_9' title="bbox 56 3631 1382 4109">
    <p class='ocr_par' dir='ltr' id='par_1_11' title="bbox 56 3631 1382 4109">
     <span class='ocr_line' id='line_1_35' title="bbox 148 3631 1382 3709; baseline -0.003 -14"><span class='ocrx_word' id='word_1_295' title='bbox 148 3634 333 3695; x_wconf 86' lang='lat' dir='ltr'>Gaudentius</span> <span class='ocrx_word' id='word_1_296' title='bbox 354 3633 530 3709; x_wconf 89' lang='lat' dir='ltr'>negotiator,</span> <span class='ocrx_word' id='word_1_297' title='bbox 554 3633 651 3691; x_wconf 89' lang='lat' dir='ltr'>audax</span> <span class='ocrx_word' id='word_1_298' title='bbox 673 3633 702 3690; x_wconf 93' lang='lat' dir='ltr'>in</span> <span class='ocrx_word' id='word_1_299' title='bbox 722 3632 850 3707; x_wconf 90' lang='lat' dir='ltr'>negotiis</span> <span class='ocrx_word' id='word_1_300' title='bbox 872 3631 1078 3708; x_wconf 89' lang='lat' dir='ltr'>suscipiendis,</span> <span class='ocrx_word' id='word_1_301' title='bbox 1100 3632 1208 3690; x_wconf 87' lang='lat' dir='ltr'>multas</span> <span class='ocrx_word' id='word_1_302' title='bbox 1231 3633 1382 3706; x_wconf 87' lang='lat' dir='ltr'>congessit</span> 
     </span>
     <span class='ocr_line' id='line_1_36' title="bbox 57 3712 1380 3790; baseline -0.002 -16"><span class='ocrx_word' id='word_1_303' title='bbox 57 3716 195 3784; x_wconf 77' lang='lat' dir='ltr'>(livitias3</span> <span class='ocrx_word' id='word_1_304' title='bbox 217 3734 295 3773; x_wconf 89' lang='lat' dir='ltr'>nunc</span> <span class='ocrx_word' id='word_1_305' title='bbox 316 3733 387 3772; x_wconf 87' lang='lat' dir='ltr'>vero</span> <span class='ocrx_word' id='word_1_306' title='bbox 408 3714 576 3790; x_wconf 90' lang='lat' dir='ltr'>implicatur</span> <span class='ocrx_word' id='word_1_307' title='bbox 597 3714 694 3788; x_wconf 91' lang='lat' dir='ltr'>aliquo</span> <span class='ocrx_word' id='word_1_308' title='bbox 715 3713 844 3787; x_wconf 89' lang='lat' dir='ltr'>negotio,</span> <span class='ocrx_word' id='word_1_309' title='bbox 867 3732 903 3770; x_wconf 89' lang='lat' dir='ltr'>ex</span> <span class='ocrx_word' id='word_1_310' title='bbox 926 3732 982 3788; x_wconf 94' lang='lat' dir='ltr'>quo</span> <span class='ocrx_word' id='word_1_311' title='bbox 1004 3712 1060 3771; x_wconf 87' lang='lat' dir='ltr'>sibi</span> <span class='ocrx_word' id='word_1_312' title='bbox 1081 3712 1229 3788; x_wconf 90' lang='lat' dir='ltr'>impendet</span> <span class='ocrx_word' id='word_1_313' title='bbox 1244 3712 1380 3772; x_wconf 88' lang='lat' dir='ltr'>damnum</span> 
     </span>
     <span class='ocr_line' id='line_1_37' title="bbox 57 3793 1381 3869; baseline -0.002 -14"><span class='ocrx_word' id='word_1_314' title='bbox 57 3799 183 3855; x_wconf 85' lang='grc'>500000</span> <span class='ocrx_word' id='word_1_315' title='bbox 198 3814 287 3853; x_wconf 90' lang='lat' dir='ltr'>marc.</span> <span class='ocrx_word' id='word_1_316' title='bbox 322 3795 368 3851; x_wconf 85' lang='lat' dir='ltr'>Ex</span> <span class='ocrx_word' id='word_1_317' title='bbox 382 3795 463 3851; x_wconf 90' lang='lat' dir='ltr'>lucro</span> <span class='ocrx_word' id='word_1_318' title='bbox 479 3799 567 3851; x_wconf 89' lang='lat' dir='ltr'>antea</span> <span class='ocrx_word' id='word_1_319' title='bbox 581 3793 661 3852; x_wconf 79' lang='lat' dir='ltr'>facto</span> <span class='ocrx_word' id='word_1_320' title='bbox 684 3794 791 3851; x_wconf 76' lang='lat' dir='ltr'>coemit</span> <span class='ocrx_word' id='word_1_321' title='bbox 811 3793 931 3869; x_wconf 87' lang='lat' dir='ltr'>praedia</span> <span class='ocrx_word' id='word_1_322' title='bbox 953 3798 983 3851; x_wconf 90' lang='lat' dir='ltr'>et</span> <span class='ocrx_word' id='word_1_323' title='bbox 1003 3793 1091 3850; x_wconf 86' lang='lat' dir='ltr'>villas</span> <span class='ocrx_word' id='word_1_324' title='bbox 1113 3799 1143 3850; x_wconf 89' lang='lat' dir='ltr'>et</span> <span class='ocrx_word' id='word_1_325' title='bbox 1164 3812 1250 3867; x_wconf 87' lang='lat' dir='ltr'>agros</span> <span class='ocrx_word' id='word_1_326' title='bbox 1269 3793 1381 3853; x_wconf 79' lang='lat' dir='ltr'>valoris</span> 
     </span>
     <span class='ocr_line' id='line_1_38' title="bbox 57 3873 1380 3949; baseline -0.002 -14"><span class='ocrx_word' id='word_1_327' title='bbox 57 3877 177 3935; x_wconf 85' lang='lat' dir='ltr'>circiter</span> <span class='ocrx_word' id='word_1_328' title='bbox 198 3876 290 3933; x_wconf 88' lang='lat' dir='ltr'>vicies</span> <span class='ocrx_word' id='word_1_329' title='bbox 312 3879 465 3932; x_wconf 88' lang='lat' dir='ltr'>centenum</span> <span class='ocrx_word' id='word_1_330' title='bbox 487 3874 597 3931; x_wconf 91' lang='lat' dir='ltr'>milium</span> <span class='ocrx_word' id='word_1_331' title='bbox 619 3893 708 3932; x_wconf 88' lang='lat' dir='ltr'>marc.</span> <span class='ocrx_word' id='word_1_332' title='bbox 750 3875 832 3943; x_wconf 81' lang='lat' dir='ltr'>Quae</span> <span class='ocrx_word' id='word_1_333' title='bbox 858 3878 890 3931; x_wconf 89' lang='lat' dir='ltr'>ut</span> <span class='ocrx_word' id='word_1_334' title='bbox 914 3873 1028 3941; x_wconf 89' lang='lat' dir='ltr'>salvet,</span> <span class='ocrx_word' id='word_1_335' title='bbox 1057 3878 1188 3948; x_wconf 90' lang='lat' dir='ltr'>tompore</span> <span class='ocrx_word' id='word_1_336' title='bbox 1216 3880 1380 3949; x_wconf 88' lang='lat' dir='ltr'>opportuno</span> 
     </span>
     <span class='ocr_line' id='line_1_39' title="bbox 57 3953 1380 4029; baseline -0.002 -13"><span class='ocrx_word' id='word_1_337' title='bbox 57 3957 202 4016; x_wconf 86' lang='lat' dir='ltr'>transfert</span> <span class='ocrx_word' id='word_1_338' title='bbox 228 3956 259 4013; x_wconf 94' lang='lat' dir='ltr'>in</span> <span class='ocrx_word' id='word_1_339' title='bbox 283 3974 412 4013; x_wconf 81' lang='lat' dir='ltr'>rrxorem.</span> <span class='ocrx_word' id='word_1_340' title='bbox 454 3954 527 4012; x_wconf 92' lang='lat' dir='ltr'>Post</span> <span class='ocrx_word' id='word_1_341' title='bbox 555 3973 662 4012; x_wconf 90' lang='lat' dir='ltr'>annum</span> <span class='ocrx_word' id='word_1_342' title='bbox 690 3953 818 4011; x_wconf 90' lang='lat' dir='ltr'>nondum</span> <span class='ocrx_word' id='word_1_343' title='bbox 840 3954 971 4029; x_wconf 90' lang='lat' dir='ltr'>elapsum</span> <span class='ocrx_word' id='word_1_344' title='bbox 994 3953 1109 4027; x_wconf 84' lang='lat' dir='ltr'>cogitur</span> <span class='ocrx_word' id='word_1_345' title='bbox 1131 3954 1235 4011; x_wconf 89' lang='lat' dir='ltr'>cedere</span> <span class='ocrx_word' id='word_1_346' title='bbox 1257 3955 1380 4013; x_wconf 90' lang='lat' dir='ltr'>credito·</span> 
     </span>
     <span class='ocr_line' id='line_1_40' title="bbox 56 4032 1330 4109; baseline -0.004 -12"><span class='ocrx_word' id='word_1_347' title='bbox 56 4039 139 4097; x_wconf 86' lang='lat' dir='ltr'>ribus</span> <span class='ocrx_word' id='word_1_348' title='bbox 161 4038 239 4095; x_wconf 89' lang='lat' dir='ltr'>bona</span> <span class='ocrx_word' id='word_1_349' title='bbox 261 4054 324 4104; x_wconf 91' lang='lat' dir='ltr'>sua,</span> <span class='ocrx_word' id='word_1_350' title='bbox 346 4054 421 4109; x_wconf 88' lang='lat' dir='ltr'>quas</span> <span class='ocrx_word' id='word_1_351' title='bbox 443 4035 568 4092; x_wconf 91' lang='grc'>400000</span> <span class='ocrx_word' id='word_1_352' title='bbox 589 4053 678 4092; x_wconf 89' lang='lat' dir='ltr'>marc.</span> <span class='ocrx_word' id='word_1_353' title='bbox 700 4034 824 4091; x_wconf 91' lang='lat' dir='ltr'>haerent</span> <span class='ocrx_word' id='word_1_354' title='bbox 845 4033 922 4091; x_wconf 87' lang='lat' dir='ltr'>inira</span> <span class='ocrx_word' id='word_1_355' title='bbox 944 4033 1043 4092; x_wconf 87' lang='lat' dir='ltr'>debita</span> <span class='ocrx_word' id='word_1_356' title='bbox 1064 4032 1159 4090; x_wconf 87' lang='lat' dir='ltr'>adhuc</span> <span class='ocrx_word' id='word_1_357' title='bbox 1181 4034 1330 4093; x_wconf 88' lang='lat' dir='ltr'>solvenda.</span> 
     </span>
    </p>
   </div>
   <div class='ocr_carea' id='block_1_10' title="bbox 56 4137 1209 4215">
    <p class='ocr_par' dir='ltr' id='par_1_12' title="bbox 56 4137 1209 4215">
     <span class='ocr_line' id='line_1_41' title="bbox 56 4137 1209 4215; baseline -0.008 -11"><span class='ocrx_word' id='word_1_358' title='bbox 56 4144 235 4215; x_wconf 70' lang='lat' dir='ltr'>Quaeramus</span> <span class='ocrx_word' id='word_1_359' title='bbox 257 4144 286 4199; x_wconf 85' lang='lat'>1⁰</span> <span class='ocrx_word' id='word_1_360' title='bbox 310 4160 379 4198; x_wconf 91' lang='lat' dir='ltr'>num</span> <span class='ocrx_word' id='word_1_361' title='bbox 402 4139 585 4199; x_wconf 80' lang='lat' dir='ltr'>Gaudentius</span> <span class='ocrx_word' id='word_1_362' title='bbox 606 4144 671 4198; x_wconf 89' lang='lat' dir='ltr'>tuta</span> <span class='ocrx_word' id='word_1_363' title='bbox 693 4137 875 4196; x_wconf 87' lang='lat' dir='ltr'>conscientia</span> <span class='ocrx_word' id='word_1_364' title='bbox 896 4137 940 4196; x_wconf 90' lang='lat' dir='ltr'>ita</span> <span class='ocrx_word' id='word_1_365' title='bbox 961 4157 1049 4213; x_wconf 89' lang='lat' dir='ltr'>agere</span> <span class='ocrx_word' id='word_1_366' title='bbox 1071 4138 1209 4214; x_wconf 89' lang='lat' dir='ltr'>potuerit.</span> 
     </span>
    </p>
   </div>
   <div class='ocr_carea' id='block_1_11' title="bbox 256 4226 1379 4696">
    <p class='ocr_par' dir='ltr' id='par_1_13' title="bbox 256 4226 1379 4542">
     <span class='ocr_line' id='line_1_42' title="bbox 256 4226 1379 4304; baseline -0.003 -17"><span class='ocrx_word' id='word_1_367' title='bbox 256 4231 286 4287; x_wconf 87' lang='grc'>20</span> <span class='ocrx_word' id='word_1_368' title='bbox 312 4229 380 4304; x_wconf 94' lang='lat' dir='ltr'>quid</span> <span class='ocrx_word' id='word_1_369' title='bbox 395 4228 557 4297; x_wconf 89' lang='lat' dir='ltr'>dicendum,</span> <span class='ocrx_word' id='word_1_370' title='bbox 580 4226 606 4284; x_wconf 90' lang='lat' dir='ltr'>si</span> <span class='ocrx_word' id='word_1_371' title='bbox 627 4232 696 4285; x_wconf 88' lang='lat' dir='ltr'>ante</span> <span class='ocrx_word' id='word_1_372' title='bbox 718 4232 858 4302; x_wconf 88' lang='lat' dir='ltr'>suscepta</span> <span class='ocrx_word' id='word_1_373' title='bbox 871 4227 1000 4301; x_wconf 86' lang='lat' dir='ltr'>negotia,</span> <span class='ocrx_word' id='word_1_374' title='bbox 1023 4246 1098 4301; x_wconf 90' lang='lat' dir='ltr'>quae</span> <span class='ocrx_word' id='word_1_375' title='bbox 1112 4227 1163 4283; x_wconf 82' lang='lat' dir='ltr'>vix</span> <span class='ocrx_word' id='word_1_376' title='bbox 1184 4245 1241 4284; x_wconf 93' lang='lat' dir='ltr'>non</span> <span class='ocrx_word' id='word_1_377' title='bbox 1264 4245 1379 4300; x_wconf 89' lang='lat' dir='ltr'>semper</span> 
     </span>
     <span class='ocr_line' id='line_1_43' title="bbox 311 4306 1377 4384; baseline -0.005 -17"><span class='ocrx_word' id='word_1_378' title='bbox 311 4329 376 4367; x_wconf 88' lang='lat' dir='ltr'>cum</span> <span class='ocrx_word' id='word_1_379' title='bbox 398 4329 450 4384; x_wconf 90' lang='lat' dir='ltr'>spo</span> <span class='ocrx_word' id='word_1_380' title='bbox 470 4308 545 4366; x_wconf 89' lang='lat' dir='ltr'>lucri</span> <span class='ocrx_word' id='word_1_381' title='bbox 566 4307 655 4365; x_wconf 88' lang='lat' dir='ltr'>etiam</span> <span class='ocrx_word' id='word_1_382' title='bbox 677 4307 838 4382; x_wconf 87' lang='lat' dir='ltr'>periculum</span> <span class='ocrx_word' id='word_1_383' title='bbox 854 4306 952 4364; x_wconf 89' lang='lat' dir='ltr'>damni</span> <span class='ocrx_word' id='word_1_384' title='bbox 974 4326 1072 4364; x_wconf 92' lang='lat' dir='ltr'>secum</span> <span class='ocrx_word' id='word_1_385' title='bbox 1090 4308 1198 4374; x_wconf 88' lang='lat' dir='ltr'>ferunt,</span> <span class='ocrx_word' id='word_1_386' title='bbox 1220 4306 1377 4362; x_wconf 87' lang='lat' dir='ltr'>maximam</span> 
     </span>
     <span class='ocr_line' id='line_1_44' title="bbox 313 4384 1378 4464; baseline -0.004 -18"><span class='ocrx_word' id='word_1_387' title='bbox 313 4393 452 4447; x_wconf 89' lang='lat' dir='ltr'>bonorum</span> <span class='ocrx_word' id='word_1_388' title='bbox 473 4393 587 4464; x_wconf 87' lang='lat' dir='ltr'>partem</span> <span class='ocrx_word' id='word_1_389' title='bbox 608 4388 656 4444; x_wconf 81' lang='lat' dir='ltr'>vel</span> <span class='ocrx_word' id='word_1_390' title='bbox 677 4388 760 4446; x_wconf 90' lang='lat' dir='ltr'>lucra</span> <span class='ocrx_word' id='word_1_391' title='bbox 781 4406 879 4444; x_wconf 91' lang='lat' dir='ltr'>annua</span> <span class='ocrx_word' id='word_1_392' title='bbox 899 4387 930 4444; x_wconf 92' lang='lat' dir='ltr'>in</span> <span class='ocrx_word' id='word_1_393' title='bbox 952 4405 1072 4444; x_wconf 86' lang='lat' dir='ltr'>uxorem</span> <span class='ocrx_word' id='word_1_394' title='bbox 1095 4384 1295 4455; x_wconf 88' lang='lat' dir='ltr'>transtulerit,</span> <span class='ocrx_word' id='word_1_395' title='bbox 1322 4385 1378 4442; x_wconf 90' lang='lat' dir='ltr'>sibi</span> 
     </span>
     <span class='ocr_line' id='line_1_45' title="bbox 312 4467 996 4542; baseline -0.004 -15"><span class='ocrx_word' id='word_1_396' title='bbox 312 4475 428 4527; x_wconf 87' lang='lat' dir='ltr'>retenta</span> <span class='ocrx_word' id='word_1_397' title='bbox 450 4469 513 4525; x_wconf 94' lang='lat' dir='ltr'>sola</span> <span class='ocrx_word' id='word_1_398' title='bbox 534 4472 623 4536; x_wconf 87' lang='lat' dir='ltr'>sorte,</span> <span class='ocrx_word' id='word_1_399' title='bbox 646 4486 703 4541; x_wconf 89' lang='lat' dir='ltr'>qua</span> <span class='ocrx_word' id='word_1_400' title='bbox 724 4467 870 4541; x_wconf 89' lang='lat' dir='ltr'>negotiari</span> <span class='ocrx_word' id='word_1_401' title='bbox 892 4468 996 4542; x_wconf 89' lang='lat' dir='ltr'>pergit.</span> 
     </span>
    </p>

    <p class='ocr_par' dir='ltr' id='par_1_14' title="bbox 257 4552 1377 4696">
     <span class='ocr_line' id='line_1_46' title="bbox 257 4552 1377 4630; baseline -0.005 -14"><span class='ocrx_word' id='word_1_402' title='bbox 257 4560 287 4617; x_wconf 76' lang='lat'>3⁰</span> <span class='ocrx_word' id='word_1_403' title='bbox 313 4559 457 4616; x_wconf 86' lang='lat' dir='ltr'>debeatne</span> <span class='ocrx_word' id='word_1_404' title='bbox 478 4576 553 4614; x_wconf 80' lang='lat' dir='ltr'>uxor</span> <span class='ocrx_word' id='word_1_405' title='bbox 574 4575 610 4612; x_wconf 83' lang='lat' dir='ltr'>ex</span> <span class='ocrx_word' id='word_1_406' title='bbox 630 4555 715 4612; x_wconf 90' lang='lat' dir='ltr'>bonis</span> <span class='ocrx_word' id='word_1_407' title='bbox 736 4555 867 4630; x_wconf 87' lang='lat' dir='ltr'>acceptis</span> <span class='ocrx_word' id='word_1_408' title='bbox 888 4555 1045 4612; x_wconf 88' lang='lat' dir='ltr'>restituere</span> <span class='ocrx_word' id='word_1_409' title='bbox 1068 4573 1121 4612; x_wconf 87' lang='lat' dir='ltr'>seu</span> <span class='ocrx_word' id='word_1_410' title='bbox 1141 4552 1257 4627; x_wconf 87' lang='lat' dir='ltr'>integra</span> <span class='ocrx_word' id='word_1_411' title='bbox 1279 4553 1377 4611; x_wconf 87' lang='lat' dir='ltr'>debita</span> 
     </span>
     <span class='ocr_line' id='line_1_47' title="bbox 311 4640 435 4696; baseline 0 0"><span class='ocrx_word' id='word_1_412' title='bbox 311 4640 435 4696; x_wconf 87' lang='lat' dir='ltr'>solvere.</span> 
     </span>
    </p>
   </div>
   <div class='ocr_carea' id='block_1_12' title="bbox 1110 4729 1164 4783">
    <p class='ocr_par' dir='ltr' id='par_1_15' title="bbox 1110 4729 1164 4783">
     <span class='ocr_line' id='line_1_48' title="bbox 1110 4729 1164 4783; baseline 0 0"><span class='ocrx_word' id='word_1_413' title='bbox 1110 4729 1164 4783; x_wconf 78' lang='lat'>25*</span> 
     </span>
    </p>
   </div>
   <div class='ocr_carea' id='block_1_13' title="bbox 0 0 1558 5168">
    <p class='ocr_par' dir='ltr' id='par_1_16' title="bbox 0 0 1558 5168">
     <span class='ocr_line' id='line_1_49' title="bbox 0 0 1558 5168; baseline 0 3"><span class='ocrx_word' id='word_1_414' title='bbox 0 0 1558 5168; x_wconf 95' lang='lat' dir='ltr'> </span> 
     </span>
    </p>
   </div>
  </div>
 </body>
</html>
