3106 5168
180 301 280 357 Officia
297 302 370 358 circs
387 303 486 357 bonum
505 304 603 356 famae.
621 331 656 340 -
674 301 787 355 Alienae
806 301 896 356 fimas
913 301 998 356 laesio
1016 331 1052 340 -
1071 302 1129 355 eius
1146 305 1275 370 pravitas.
1328 305 1394 370 485

73 480 178 546 canda
202 485 301 561 atque
325 500 365 545 ea
388 479 506 559 etiam,
539 478 567 544 si
590 479 676 562 apud
699 500 798 543 unum
830 479 889 545 fiat
920 477 953 542 in
977 497 1013 541 re
1036 477 1146 559 gravi,
1180 499 1239 562 pro
1263 479 1395 545 mortali

71 574 209 652 peccato
233 569 382 634 habenda
405 569 458 648 sit,
484 574 535 635 est
557 567 761 652 potissimum
785 567 882 645 haee,
915 566 1001 649 quod
1024 566 1058 631 in
1081 567 1283 634 detractione
1307 569 1396 633 circa

73 658 195 723 crimen
219 679 330 723 verum
354 657 601 724 fundamentum
626 656 734 721 famae
757 655 892 739 abipso
915 659 1072 739 peccante
1094 655 1160 721 iam
1184 658 1227 722 sit
1243 678 1394 722 eversum

73 747 220 829 adeoque
243 746 332 812 fama
355 747 427 830 ipsa
454 746 518 811 iam
550 745 693 811 evaserit
716 745 842 828 labilis,
873 749 990 810 ututa
1023 745 1217 810 detrahente
1245 747 1395 830 formalia

72 836 163 901 fama
186 835 371 912 auferatur;
402 836 461 900 sed
490 835 524 900 in
554 834 716 900 calumnia
745 834 835 899 fama
858 833 988 899 omnino
1012 832 1223 912 inconcussa,
1247 856 1304 900 seu
1328 835 1394 900 for·

74 925 169 990 malis
201 924 290 990 fama
320 946 393 989 cum
426 925 496 989 eius
527 923 756 1001 fundamento,
791 944 811 988 a
842 924 912 988 solo
935 923 1171 988 calumniatore
1204 924 1393 990 destruitur.

75 1013 125 1079 ef.
150 1013 279 1095 Lug0‚
303 1015 354 1078 De
377 1016 589 1079 testatiore
612 1013 641 1078 d.
669 1016 709 1076 14
733 1034 764 1080 n.
792 1015 842 1079 12.
868 1014 927 1089 51;
952 1011 985 1078 S.
1008 1012 1125 1095 Alph.
1148 1012 1206 1090 ΙΙΙ,
1233 1015 1297 1078 973
1321 1035 1395 1078 cum

72 1102 238 1178 Lessio,
264 1102 487 1179 Caietano,
512 1104 596 1167 aliis.

164 1208 201 1274 R.
227 1212 257 1276 3.
305 1207 338 1273 Si
362 1208 448 1289 quod
471 1211 627 1272 narratur
649 1206 714 1284 ita,
739 1211 777 1272 ut
800 1206 970 1273 audientes
993 1228 1057 1271 non
1081 1212 1206 1273 certum
1230 1206 1394 1280 iudicium,

72 1297 132 1362 scd
155 1296 257 1361 solam
282 1296 497 1380 suspicionem
529 1296 686 1361 leviorem
717 1296 756 1360 de
788 1296 893 1361 altero
917 1295 1118 1379 concipiant,
1148 1317 1212 1361 uon
1245 1301 1397 1362 censetur

72 1386 163 1451 fama
185 1389 325 1472 probiter
354 1386 445 1450 laesa
467 1406 573 1466 neque
605 1406 708 1466 grave
738 1389 909 1467 peccatum
937 1405 957 1449 a
990 1389 1146 1450 narrante
1177 1385 1395 1453 commissum.

73 1474 217 1558 Excipe,
249 1474 277 1538 si
308 1474 448 1558 suspicio
470 1475 641 1556 ingeratur
670 1473 717 1539 rei
740 1473 901 1557 pessimae
924 1472 1020 1555 idque
1044 1478 1159 1540 contra
1183 1474 1287 1539 virum
1310 1474 1397 1541 inte-

75 1563 264 1646 gerrimum,
289 1563 380 1628 cuius
409 1563 497 1628 fama
527 1564 601 1646 plus
633 1563 779 1646 patiatur
811 1561 994 1645 suspicione
1025 1584 1122 1644 quam
1146 1562 1282 1628 aliorum
1306 1563 1398 1629 fama

74 1657 166 1718 certa
189 1652 395 1729 narratione;
421 1651 520 1717 etiam
544 1652 754 1735 excipiendus
778 1657 829 1718 est
853 1672 948 1716 casus
972 1673 1083 1729 rarus,
1108 1653 1236 1734 quando
1261 1674 1302 1717 ex
1326 1654 1398 1718 sola

73 1741 257 1825 suspicione
281 1740 377 1806 alicui
400 1761 503 1822 grave
527 1740 680 1806 damnum
704 1741 862 1806 oriturum
886 1761 958 1805 esse
982 1742 1202 1823 praevidetur.

164 1830 371 1913 Quapropter
394 1829 421 1894 si
445 1829 516 1911 quis
540 1835 655 1895 narrat
669 1851 739 1894 rem
759 1851 819 1906 ,ex
835 1851 965 1894 rumore
981 1851 1044 1893 non
1061 1830 1143 1896 satis
1160 1831 1283 1907 firmo“‚
1309 1853 1398 1896 com·

74 1918 218 1984 maniter
240 1940 304 1983 non
328 1924 444 2002 peccat
467 1919 630 2000 graviter;
661 1940 765 2000 neque
788 1919 853 1995 ille,
879 1917 930 1983 cui
953 1923 1088 2002 propter
1111 1941 1203 1984 suam
1227 1920 1397 1986 levitatem

72 2008 172 2092 plena
194 2008 274 2073 fides
297 2029 362 2073 non
385 2008 470 2074 solet
492 2007 648 2073 adhiberi.

164 2112 203 2179 R.
228 2114 259 2178 4.
305 2112 464 2177 Defectus
486 2111 717 2178 manifestatus
747 2132 804 2176 sen
835 2133 888 2176 ree
917 2111 990 2195 ipsa
1013 2111 1185 2177 diffamans
1215 2113 1460 2180 111εθ11011954

73 2201 187 2284 gravis
211 2205 320 2284 potest
342 2202 491 2281 graviter
513 2201 682 2266 diffamare
698 2203 797 2283 atque
820 2200 896 2266 talis
913 2201 1091 2266 diffamatio
1108 2208 1277 2284 peccatum
1293 2223 1397 2282 grave

73 2291 258 2368 involvere,
283 2289 310 2354 si
333 2289 405 2367 ille,
430 2289 483 2372 qui
507 2290 664 2368 laeditur,
693 2290 923 2371 integerrimae
946 2289 1054 2355 famae
1078 2294 1130 2356 est
1153 2291 1206 2355 vel
1229 2290 1262 2354 in
1285 2290 1396 2372 singu·

73 2381 154 2446 laris
178 2377 388 2462 perfectionis
411 2379 650 2453 aestimatione,
675 2379 728 2444 vel
744 2378 772 2443 si
787 2378 890 2463 ipsius
905 2379 1031 2445 narrati
1047 2379 1194 2446 defectus
1210 2379 1397 2446 immunitas

73 2491 134 2552 pro
158 2489 207 2545 eo,
232 2489 263 2533 v.
288 2490 319 2549 g.
344 2473 479 2551 propter
502 2468 592 2533 vitae
615 2472 749 2545 statum,
774 2467 884 2549 magni
907 2469 1063 2534 momenti
1087 2472 1154 2534 est:
1184 2469 1233 2536 ita
1256 2468 1397 2550 aliquem

74 2579 134 2640 pro
158 2557 315 2622 mendace
331 2556 503 2622 traducere
516 2566 616 2642 potest
632 2578 703 2622 csse
719 2561 889 2640 peccatum
905 2558 1060 2635 mortale;
1084 2558 1235 2624 similiter
1257 2558 1398 2640 aliquem

74 2647 261 2730 imperitum
285 2646 392 2710 dicere
415 2646 448 2710 in
472 2667 530 2709 suo
554 2666 697 2710 munere.
715 2646 911 2729 --Saepius
934 2668 1013 2712 vero
1029 2668 1047 2712 θ
1064 2647 1226 2713 contrario
1251 2647 1398 2714 deiectus

77 2736 177 2800 etiam
202 2734 350 2800 mortalis
373 2733 405 2797 in
430 2755 550 2817 genere
573 2756 698 2799 morum
723 2735 945 2801 manifestatio
978 2741 1148 2818 peccatum
1172 2736 1309 2802 mortale
1333 2759 1397 2802 non

74 2831 136 2899 est,
161 2824 290 2905 quando
307 2823 460 2888 videlicet
483 2823 639 2888 eiusmodi
657 2823 804 2888 defectus
823 2824 855 2887 in
872 2823 986 2889 similis
1002 2825 1199 2889 condicionis
1214 2825 1398 2891 hominibus

72 2934 189 2997 parum
214 2912 423 2988 aestimetur,
454 2914 508 2976 vel
532 2913 661 2994 quando
686 2933 840 2995 persona,
874 2914 914 2977 de
937 2934 1002 2993 qua
1025 2935 1077 2978 res
1101 2919 1271 2993 narratur,
1305 2914 1398 2980 inre

73 3002 170 3067 simili
193 3001 259 3066 iam
284 3004 334 3066 est
357 3001 534 3067 diffamata.

163 3108 202 3174 It.
228 3110 258 3173 5.
306 3109 355 3173 Ι)θ
378 3129 416 3172 θο
440 3107 542 3189 igitur
572 3107 625 3189 qui
655 3107 688 3170 in
719 3111 811 3171 certa
843 3107 954 3188 aliqua
976 3128 1012 3172 re
1036 3108 1158 3172 famam
1188 3108 1252 3172 iam
1277 3108 1396 3185 amisit,

74 3219 144 3262 rem
167 3197 306 3262 similem
330 3218 373 3262 ex
396 3217 431 3261 se
455 3196 677 3263 diffamantem
709 3216 844 3261 narrare
874 3217 938 3260 non
963 3201 1014 3262 est
1046 3218 1133 3261 nova
1161 3196 1261 3261 laesio
1285 3198 1398 3277 gravis

73 3287 212 3368 ideoque
235 3308 299 3351 non
323 3291 440 3352 estex
463 3307 498 3350 se
522 3289 692 3368 peccatum
715 3285 873 3362 mortale;
899 3284 1011 3351 aliter:
1040 3286 1071 3367 1)
1093 3286 1121 3349 si
1144 3307 1196 3350 res
1219 3285 1316 3368 plane
1339 3285 1398 3350 ab·

75 3375 191 3440 similis
214 3378 378 3452 narratur,
403 3396 486 3449 cum,
512 3374 566 3456 qui
589 3374 622 3438 in
647 3395 712 3438 una
734 3394 770 3438 re
794 3374 915 3439 lamam
933 3373 1053 3451 amisit,
1071 3395 1142 3439 eam
1159 3375 1299 3439 nondum
1317 3375 1397 3438 ami·

73 3463 156 3530 serit
171 3464 204 3527 in
220 3462 370 3545 reliquis;
389 3465 440 3527 vel
459 3465 491 3542 2)
505 3463 532 3527 si
549 3462 695 3528 narratio
711 3461 854 3527 criminis
869 3463 1001 3546 repetiti
1018 3463 1139 3528 famam
1155 3464 1250 3547 plene
1267 3463 1396 3540 evertit,

76 3573 162 3635 quae
186 3574 228 3617 ex
250 3552 359 3635 priore
383 3553 516 3616 crimine
540 3553 580 3617 ob
604 3551 819 3633 fragilitatem
836 3552 1007 3617 commisso
1031 3552 1087 3617 sed
1111 3551 1323 3636 probabiliter
1345 3572 1398 3616 re-

74 3645 220 3708 tractato
253 3641 398 3706 nonnihil
430 3646 558 3706 tantum
594 3647 667 3708 erat
700 3662 867 3707 concussa.
921 3641 953 3706 S.
983 3640 1104 3724 Alph.
1136 3642 1156 3706 l.
1191 3663 1217 3706 c.
1252 3663 1282 3706 n.
1315 3644 1396 3719 976;

73 3731 186 3813 Lugo
209 3731 230 3796 l.
255 3751 282 3796 c.
306 3752 337 3795 n.
363 3731 505 3796 55-58.

163 3837 203 3905 R.
228 3839 281 3902 6..
306 3836 338 3901 Si
363 3835 435 3917 quis
458 3835 586 3918 publice
609 3835 729 3900 crimen
754 3834 931 3913 commisit,
961 3836 1014 3900 vel
1038 3836 1065 3901 si
1089 3837 1210 3901 crimen
1234 3835 1397 3920 publicum
1407 3850 1458 3903 955

73 3927 201 4003 evasit,
232 3925 311 3991 illud
343 3945 478 3989 narrare
511 3924 609 3988 etiam
640 3924 866 4005 ignorantibus
895 3946 960 3989 non
991 3926 1129 4009 amplius
1161 3931 1311 3990 censetur
1341 3925 1398 3990 de·

73 4015 194 4080 tractio
218 4015 326 4080 famae
351 4034 440 4090 esse;
465 4035 540 4078 nam
565 4034 703 4096 peccans
726 4013 759 4078 in
783 4015 891 4097 priore
908 4035 985 4078 casu
1002 4015 1124 4080 famam
1147 4014 1180 4078 in
1204 4015 1265 4079 hac
1281 4034 1316 4078 re
1339 4014 1397 4078 ab·

73 4103 168 4181 iecit,
203 4104 237 4169 in
269 4103 450 4187 posteriore
485 4103 602 4167 saltem
638 4101 757 4169 amisit.
813 4103 845 4169 S.
875 4102 992 4187 Alph.
1026 4104 1047 4169 l.
1079 4125 1105 4170 c.
1137 4125 1168 4168 n.
1200 4106 1274 4168 974.
1312 4104 1395 4176 975;

73 4194 186 4276 Lugo
209 4194 231 4261 1.
256 4215 283 4259 c.
309 4215 340 4258 n.
365 4196 424 4268 59;
454 4193 509 4257 Tb.
534 4214 575 4256 m.
600 4192 625 4267 l,
653 4193 747 4257 1181.

164 4300 202 4365 R.
229 4302 258 4365 7.
306 4299 338 4364 Si
363 4319 441 4363 vero
465 4297 644 4363 diffamatio
668 4299 705 4363 fit
722 4297 774 4361 vel
798 4296 832 4361 in
855 4297 925 4362 loco
942 4297 1058 4374 alieno,
1082 4297 1137 4361 ubi
1153 4317 1206 4360 res
1229 4299 1308 4361 nota
1331 4316 1395 4360 non

74 4393 137 4466 est,
161 4389 215 4453 vel
237 4389 265 4453 si
289 4393 436 4471 tempore
459 4386 640 4470 posteriore
663 4407 717 4449 res
733 4389 832 4450 antea
848 4391 942 4466 gesta
959 4391 992 4452 et
1008 4387 1124 4469 plenae
1148 4383 1301 4448 oblivioni
1317 4384 1397 4450 data

73 4480 182 4544 denuo
205 4477 440 4542 resuscitatur:
465 4475 621 4557 distingui
645 4474 742 4539 debet
765 4473 937 4559 publicitas
958 4474 1037 4538 iuris
1061 4479 1095 4539 et
1118 4473 1290 4557 publicitas
1313 4474 1396 4538 meri

72 4567 165 4634 facti.
213 4566 247 4632 Si
278 4566 372 4631 adest
402 4565 575 4649 publicitas
603 4563 682 4628 iuris
713 4585 755 4628 ex
786 4562 1054 4628 condemnatione
1084 4563 1117 4626 in
1148 4563 1234 4628 iusto
1265 4562 1393 4641 iudicio,

72 4656 158 4723 satis
182 4656 350 4739 probabile
374 4659 426 4720 est
449 4653 607 4719 iustitiam
632 4673 697 4716 non
720 4652 815 4728 laedi,
841 4659 1015 4734 utcumque
1039 4673 1092 4716 res
1115 4657 1211 4732 gesta
1234 4651 1298 4717 alio
1322 4652 1395 4716 loco
