3106 5168
158 288 222 352 266
280 284 320 338 De
338 284 487 340 virtutibus
505 287 534 340 et
551 284 649 340 officiis
667 303 733 355 arga
750 284 881 340 homines.
900 314 936 324 -
954 284 1052 340 Officia
1071 287 1144 342 circa
1161 286 1260 341 bonurn
1281 287 1364 342 vitae.

246 459 285 526 R.
304 462 334 527 3.
373 461 537 546 Experto
557 461 670 529 militis
684 482 788 545 grave
811 467 981 547 peccatum
997 465 1097 546 atqua
1113 464 1482 532 excommunicationem

157 549 309 634 papalem
346 555 517 617 contracta
553 571 626 617 esse
662 551 805 617 dubitari
841 551 964 634 nequit.
1017 552 1211 620 Provocatio
1249 554 1336 620 enim
1374 554 1483 632 duelli,

157 638 306 811 gdddecatd
329 638 558 706 incurrendam
582 640 949 706 excommunicationem
972 640 1107 721 sufficit,
1133 663 1175 708 ex
1198 642 1268 709 eius
1290 647 1388 728 parte
1411 649 1484 710 erat

294 928 497 996 ABORTUS
521 928 759 996 INDIREGTE
782 928 872 998 AUT
896 931 1084 999 Dlaacru
1107 932 1341 1000 INDUCTUS.

709 1091 820 1158 casua.
847 1100 924 1169 (155)

243 1229 359 1308 Elpidia
379 1230 504 1306 gravida
518 1231 656 1292 continuo
678 1233 794 1293 laborat
808 1234 936 1305 vomitu;
958 1235 1118 1294 remedium
1139 1254 1157 1293 a
1178 1234 1290 1294 medico
1313 1236 1481 1295 consultum

155 1311 317 1388 periculum
337 1330 398 1370 uon
419 1331 543 1388 parvum
566 1312 658 1371 foetui
679 1314 798 1372 afferet:
827 1315 903 1391 quod
923 1314 1039 1392 Elpidia
1060 1335 1094 1374 eo
1115 1314 1256 1374 libentius
1282 1320 1312 1374 st
1333 1315 1482 1393 copiosius

155 1391 300 1462 admittit,
322 1391 390 1467 quia
411 1411 464 1468 per
485 1393 620 1451 abortum
640 1392 815 1453 liberabitur
834 1396 872 1453 ab
893 1395 1055 1470 angustiis,
1076 1415 1150 1472 quas
1171 1394 1247 1455 aliae
1268 1395 1404 1455 subitura
1426 1402 1481 1467 est,

155 1470 181 1531 si
203 1472 312 1531 inferat
332 1472 443 1549 prolem
464 1472 659 1532 adulterinam
679 1473 710 1532 in
730 1473 872 1533 familiam
893 1475 1000 1533 mariti.

156 1586 332 1657 Quiumrua
354 1589 383 1646 1⁰
408 1586 476 1663 quid
498 1587 538 1647 ait
558 1590 680 1647 abortus
702 1587 803 1648 eiusve
825 1589 1002 1666 procuratio.

353 1676 383 1734 2⁰
407 1676 535 1815 licleatna
556 1676 713 1815 agiquando
734 1696 894 1754 procurare
915 1680 1049 1737 abortum
1072 1697 1125 1738 seu
1146 1678 1256 1738 directe
1279 1698 1420 1751 causare;
1442 1699 1480 1738 an

409 1776 442 1815 sa
455 1761 514 1815 tem
535 1757 566 1815 in
586 1757 686 1817 irecte.

354 1846 384 1904 3⁰
409 1845 477 1921 quid
499 1846 536 1905 ad
558 1865 658 1905 casum
679 1846 862 1923 propositum
884 1846 923 1906 sit
944 1847 1105 1906 dicendum.

748 2037 884 2105 Salutio.

93 2185 144 2241 522
243 2177 295 2243 An
311 2198 502 2254 ouansmuu
520 2182 557 2242 1¹²²
573 2179 612 2244 R.
633 2182 660 2245 1.
692 2179 838 2244 Abortus
861 2183 912 2245 est
935 2179 1101 2246 immaturi
1123 2179 1232 2246 foetus
1255 2179 1386 2258 eiectio,
1412 2182 1432 2249 i.
1449 2203 1477 2248 e.

153 2267 187 2332 in
217 2289 257 2333 ea
286 2266 474 2334 condicione
504 2267 713 2346 exsistentis,
746 2268 780 2333 in
809 2289 875 2349 qua
905 2273 1002 2334 extra
1033 2271 1162 2334 uterum
1193 2268 1305 2334 vivere
1335 2271 1479 2337 nondum

154 2356 267 2441 possit.
314 2356 367 2422 Sic
397 2356 608 2438 distinguitur
631 2378 651 2422 a
674 2361 771 2441 partu
800 2360 1026 2441 praematuro,
1057 2356 1090 2421 in
1117 2377 1181 2439 quo
1210 2357 1319 2425 foetus
1350 2359 1478 2441 quidem

154 2447 271 2523 editur,
296 2450 473 2527 antequam
489 2446 530 2510 ad
547 2446 675 2529 planam
692 2445 916 2513 maturitatem
932 2445 1129 2530 pervenerit,
1153 2446 1210 2512 sed
1233 2445 1266 2511 in
1282 2467 1323 2513 ea
1338 2449 1479 2516 exsistat

154 2535 352 2612 condicione,
377 2538 413 2600 ut
437 2534 466 2599 ei
490 2539 588 2602 extra
610 2539 738 2601 utemm
763 2534 875 2600 vivere
897 2556 963 2599 non
986 2535 1030 2601 sit
1052 2534 1261 2619 impossibile.

243 2634 401 2699 Censetur
429 2631 539 2699 foetus
570 2631 783 2708 immaturus,
816 2637 993 2715 antequam
1025 2635 1044 2697 7
1075 2653 1204 2698 menses
1236 2653 1294 2698 seu
1328 2635 1370 2699 28
1401 2635 1479 2701 heb·

153 2723 311 2789 domadae
350 2721 392 2787 ab
430 2721 499 2787 eius
537 2720 747 2805 conceptione
786 2720 889 2805 elapsi
927 2722 1011 2798 sint;
1050 2721 1148 2786 immo
1186 2727 1223 2788 ut
1261 2721 1332 2789 vita
1369 2722 1478 2790 foetus

153 2813 185 2877 in
215 2816 288 2878 tuto
318 2811 362 2876 sit
393 2811 519 2895 posita,
551 2811 722 2892 requirunt
751 2811 868 2876 medici
897 2810 995 2894 periti
1025 2813 1067 2875 32
1098 2811 1316 2877 hebdomades
1348 2813 1477 2897 elapsas

154 2903 206 2966 vel
230 2902 328 2967 ultra.

240 2992 413 3066 Attamen,
439 2988 466 3054 si
490 2988 597 3053 omnia
621 2993 752 3072 praesto
777 2989 916 3054 suntad
941 2987 1145 3055 artificialem
1168 2987 1278 3055 foetus
1302 3010 1478 3056 conserva·

151 3079 290 3154 tionem,
325 3079 431 3144 fertur
461 3077 654 3160 contigisse,
693 3082 730 3143 ut
760 3077 868 3143 foetus
897 3082 973 3162 post
1003 3078 1132 3161 elapsos
1165 3082 1183 3142 6
1212 3099 1340 3143 menses
1371 3080 1477 3146 editus

152 3168 295 3253 potuerit
318 3168 506 3233 conservari
530 3172 564 3232 et
587 3167 728 3232 educari.

241 3275 279 3339 a.
305 3277 334 3339 2.
370 3274 552 3339 Procurare
575 3294 632 3338 seu
656 3294 791 3338 causare
816 3273 939 3338 directe
962 3273 1114 3338 abortum
1139 3273 1266 3356 dicitur,
1291 3275 1346 3356 qui
1371 3275 1477 3341 media

152 3363 284 3429 adhibet
314 3363 355 3428 ad
385 3363 469 3427 hunc
495 3365 607 3438 finem,
639 3367 676 3427 ut
699 3362 828 3427 accidat
851 3363 1003 3438 abortae,
1035 3383 1092 3426 seu
1116 3363 1172 3443 qui
1196 3363 1348 3429 abortum
1378 3364 1412 3429 in
1442 3385 1477 3429 se

151 3452 291 3518 intendit
321 3452 435 3517 mediis
466 3451 628 3516 adhibitis.
675 3450 735 3528 Qui
759 3472 837 3516 vero
868 3472 932 3515 non
962 3451 1102 3517 intendit
1129 3452 1280 3518 abortum
1308 3473 1416 3535 neque
1439 3474 1476 3519 eo

152 3541 214 3606 fine
238 3541 371 3607 adhibet
395 3540 516 3617 media,
547 3541 604 3606 sed
628 3540 782 3606 adhibitis
805 3539 919 3604 mediis
943 3544 1077 3622 propter
1100 3541 1199 3605 alium
1223 3543 1336 3618 finem,
1361 3543 1477 3609 matris

152 3629 343 3706 sanitatem,
368 3629 463 3695 simul
487 3629 658 3712 praevidet
681 3629 859 3712 periculum
883 3628 1026 3694 secuturi
1051 3629 1201 3694 abortus:
1226 3629 1263 3707 ia,
1288 3630 1315 3694 si
1341 3631 1477 3697 abortus

151 3718 316 3795 acciderit,
342 3718 460 3784 dicitur
482 3718 640 3785 indirecte
664 3739 817 3784 causasse
842 3718 1004 3783 abortum.

90 3849 143 3902 523
241 3843 292 3906 An
316 3862 506 3916 ouansrruu
531 3845 570 3905 2¹¹¹
594 3842 632 3908 R.
652 3845 679 3908 1.
712 3842 875 3906 Indirecte
899 3862 1034 3906 causare
1058 3841 1220 3919 abortum,
1243 3841 1264 3907 i.
1290 3862 1317 3907 e.
1343 3849 1477 3927 propter

152 3931 234 3996 alias
264 3931 408 3995 rationes
439 3936 472 3996 et
502 3933 637 3996 effectus
664 3931 745 3996 alios
776 3931 999 4014 producendos
1024 3930 1177 3995 adhibere
1200 3931 1361 4007 remedia,
1394 3953 1476 4014 quae

152 4020 364 4105 probabiliter
388 4021 486 4086 etiam
503 4042 613 4084 secum
630 4020 764 4085 trahant
780 4021 940 4095 abortum,
964 4020 1041 4085 licet
1057 4040 1100 4084 ex
1116 4041 1215 4085 causa
1230 4021 1476 4103 proportionata

153 4111 256 4191 gravi.
304 4110 388 4174 Hinc
411 4110 438 4174 si
463 4111 501 4173 de
526 4110 668 4174 curando
692 4110 786 4191 gravi
810 4113 844 4174 et
867 4110 1048 4191 periculoso
1079 4109 1190 4173 morbo
1221 4109 1337 4174 matris
1367 4111 1476 4192 agitur

153 4219 256 4279 neque
276 4199 362 4265 adsit
379 4198 565 4274 remedium,
590 4199 652 4262 nisi
676 4199 760 4279 quod
785 4198 887 4263 foetui
904 4202 954 4262 est
975 4198 1202 4281 periculosum,
1227 4198 1337 4264 licebit
1353 4200 1396 4263 ad
1412 4201 1476 4264 sal·

152 4289 292 4353 vendam
310 4291 448 4353 matrem
464 4288 643 4370 periculum
660 4288 793 4352 abortus
810 4288 1010 4370 permittere,
1032 4288 1149 4353 saltem
1165 4288 1193 4351 si
1209 4308 1284 4370 spes
1300 4287 1475 4371 recipiendi

152 4377 305 4460 baptismi
336 4399 394 4460 pro
424 4378 514 4443 foetu
544 4398 609 4441 non
638 4377 759 4441 evadat
782 4376 934 4442 deterior.
980 4376 1065 4441 Nam
1091 4376 1117 4441 si
1141 4376 1250 4441 foetus
1274 4377 1476 4443 coniceretur

152 4466 184 4530 in
208 4487 310 4549 grave
334 4466 511 4549 perieulum
535 4466 604 4531 sine
628 4465 789 4548 baptismo
813 4465 990 4529 emoriendi
1014 4499 1058 4508 -
1081 4468 1164 4530 altas
1190 4468 1241 4530 illo
1261 4470 1403 4551 periculo
1424 4469 1475 4531 ub·

153 4564 237 4620 serite
260 4581 321 4619 -:
351 4561 456 4621 mater
486 4555 594 4637 potius
624 4554 813 4638 temporalis
837 4554 925 4619 vitae
949 4576 1045 4636 quam
1076 4555 1184 4620 foetus
1208 4559 1363 4621 aeternae
1388 4557 1476 4622 vitae

153 4645 353 4710 amittendae
376 4645 553 4728 periculum
578 4645 674 4710 debet
696 4644 814 4709 subire.
