3106 5168
161 268 225 332 202
315 265 356 319 De
374 264 523 319 virtutibus
541 268 570 319 et
586 264 686 320 officiis
704 283 771 336 erga
787 267 919 323 homines.
938 297 971 307 ·-
991 267 1099 324 Caritas
1115 269 1144 325 in
1162 269 1324 341 proximum.

554 468 744 536 AVERSIO
768 470 825 537 ΕΤ
847 470 1090 540 ΙΝΙΜΙΟΙΤΙΑ.

714 626 825 694 dasus.
853 636 930 704 (110)

250 765 387 844 Olympia
403 785 468 826 cum
483 765 560 827 Iulia
574 772 695 845 propter
709 767 772 828 eius
788 766 916 828 indolem
930 769 1131 829 turbulentam
1152 774 1182 830 et
1202 772 1361 849 superbam
1381 790 1484 849 pacem

160 852 262 906 tenore
289 866 349 906 non
376 852 491 924 potest3
519 846 573 906 vix
600 867 659 906 non
689 867 805 925 semper
826 849 942 925 quando
967 868 1031 909 cum
1063 869 1098 909 66
1128 858 1323 911 conversatur
1350 853 1485 912 oriuntur

160 926 325 987 discordiae
346 933 377 986 et
398 927 550 987 clamores.
586 926 784 996 1166166666
805 929 912 988 statuit
932 928 1038 989 Iuliam
1059 930 1177 990 omnino
1196 932 1303 1003 vitare,
1324 932 1355 991 in
1374 932 1433 992 viis
1454 940 1484 991 et

159 1007 267 1083 plateis
295 1026 360 1066 eam
388 1006 520 1067 studiose
542 1007 658 1084 quaerit
678 1007 844 1076 declinare,
873 1009 900 1067 si
928 1008 1117 1069 nihilominus
1139 1011 1256 1071 obviam
1281 1010 1389 1083 habet,
1418 1032 1483 1071 eam

159 1106 315 1164 numquam
343 1087 439 1164 prima
466 1087 595 1160 salutat,
622 1087 675 1147 vix
702 1088 863 1158 resalutat,
891 1108 952 1148 non
979 1090 1044 1149 sine
1070 1091 1226 1150 aversione
1245 1109 1312 1151 eam
1331 1092 1416 1151 videt
1435 1093 1483 1151 vel

159 1167 273 1243 cogitat
294 1172 383 1244 atque
404 1168 482 1227 hanc
503 1187 587 1227 suam
608 1168 795 1228 aversionem
816 1186 915 1228 coram
935 1169 1003 1228 aliis
1025 1175 1128 1246 aperte
1149 1170 1269 1232 fatetur.

159 1282 337 1352 Qvaaarrva
360 1283 388 1340 1⁰
413 1300 489 1358 quae
511 1281 551 1340 611
571 1281 687 1341 aversio
709 1281 924 1361 peccaminosa.

357 1372 387 1428 2⁰
412 1371 540 1447 qualiter
562 1370 700 1447 Olympia
722 1370 877 1430 aversione
898 1371 946 1429 vel
972 1370 1128 1431 inimicitia
1149 1392 1222 1448 6166
1242 1373 1348 1432 1611661
1368 1380 1481 1451 666661.

755 1553 889 1622 Salutio.

97 1707 149 1762 396
247 1697 301 1761 Ao
324 1716 516 1771 6616611611
541 1697 578 1759 1¹¹¹
596 1694 635 1760 lt.
665 1696 693 1760 1.
739 1692 815 1759 Alia
845 1698 896 1760 est
920 1693 1048 1760 aversio
1073 1696 1113 1761 ab
1137 1696 1209 1780 1666
1231 1718 1388 1780 persona,
1419 1720 1482 1781 qua

159 1783 231 1868 quis
253 1784 407 1851 tristatur
430 1784 470 1850 de
492 1783 563 1849 eius
579 1782 681 1857 bonis,
706 1783 828 1866 gaudet
845 1783 885 1849 de
908 1784 977 1849 eius
998 1784 1103 1862 malis,
1127 1790 1289 1867 quatenus
1311 1787 1387 1853 huic
1407 1809 1481 1872 per·

158 1895 259 1941 sonae
282 1874 371 1938 mala
385 1878 472 1951 suut,
496 1892 579 1939 eave
598 1876 702 1956 optat.
743 1873 833 1937 Haec
850 1876 988 1938 vocatur
1003 1873 1132 1939 aversio
1157 1877 1345 1940 1616ιί611166
1368 1883 1481 1960 estque

158 1963 395 2047 peccaminosa,
419 1961 516 2044 idque
539 1961 696 2044 graviter,
721 1961 783 2027 nisi
806 1962 945 2028 sistatur
966 1962 1000 2027 16
1021 1963 1141 2043 gaudio
1159 1964 1212 2029 vel
1229 1963 1389 2029 desiderio
1405 1967 1480 2031 mali

159 2052 288 2119 omnino
311 2050 417 2136 parvi.

247 2140 323 2206 Alia
346 2145 398 2207 est
420 2138 563 2213 aversio,
588 2160 653 2221 qua
676 2139 749 2222 quis
771 2143 946 2205 aversatur
968 2160 1027 2204 sen
1050 2141 1248 2223 aegrotent,
1273 2162 1346 2206 cum
1371 2141 1480 2227 displi-

160 2230 277 2309 centia,
302 2229 439 2296 alicuius
461 2229 639 2312 qualitates
661 2229 715 2293 vel
738 2228 862 2310 aliquid
884 2228 917 2293 in
940 2228 1011 2312 ipso
1034 2250 1093 2294 sau
1115 2230 1158 2295 ad
1176 2229 1281 2313 ipsum
1297 2231 1480 2314 pertinens:

159 2325 258 2403 atque
281 2340 454 2403 personam
474 2319 579 2403 ipsam
594 2321 724 2384 tantum
740 2321 886 2394 6616666,
911 2323 1071 2399 quatenus
1087 2319 1145 2384 illa
1160 2319 1347 2384 condicione
1363 2322 1481 2388 affecta

159 2414 220 2475 661.
267 2409 357 2474 Η666
380 2412 518 2474 vocatur
541 2409 670 2472 aversio
694 2427 752 2472 seu
775 2405 883 2471 odium
907 2408 1160 2473 abominationis.

248 2514 286 2581 lt.
312 2516 342 2581 2.
389 2512 506 2580 Odium
534 2534 591 2578 666
622 2512 750 2578 aversio
782 2511 1032 2577 abominationis
1061 2517 1233 2597 peccatum
1263 2519 1423 2593 nonest,
1454 2516 1480 2581 61

158 2607 311 2670 66166161
342 2601 429 2669 61166
452 2600 583 2685 aliquod
613 2624 682 2667 vere
704 2602 823 2667 6161616
852 2601 885 2666 16
912 2622 1052 2685 6616666
1074 2623 1179 2685 neque
1201 2603 1320 2668 iustam
1345 2624 1481 2688 616661·

158 2692 280 2758 tionem
310 2692 396 2758 illius
423 2691 500 2756 mali
530 2691 675 2768 excedit;
706 2696 877 2774 peecatum
901 2695 968 2766 est,
1000 2692 1027 2756 61
1051 2695 1204 2757 versatur
1227 2692 1315 2758 61166
1338 2692 1479 2775 aliquod,

158 2781 244 2865 quod
267 2802 326 2865 pro
349 2780 435 2846 malo
452 2779 651 2845 considerari
673 2801 737 2844 666
758 2784 912 2856 16616161,
936 2781 989 2845 vel
1006 2780 1033 2844 si
1049 2780 1180 2846 modum
1196 2781 1316 2848 iustum
1333 2783 1478 2850 excedit:

158 2875 257 2954 atque
279 2870 327 2936 ita
350 2891 409 2954 pro
432 2870 539 2936 166166
563 2890 682 2935 666666
705 2868 835 2935 defectu
860 2872 959 2950 atque
975 2869 1224 2937 abominationis
1248 2892 1386 2937 excessu
1410 2893 1480 2937 esse

157 2963 267 3044 potest
289 2965 461 3044 peccatum
485 2958 612 3024 veniale
635 2960 693 3023 661
708 2958 857 3023 mortale.
898 2959 944 3023 uf.
962 2958 1170 3042 Laymann
1194 2960 1215 3025 l.
1233 2961 1263 3039 2,
1288 2966 1330 3028 tr.
1349 2966 1379 3040 3,
1405 2983 1431 3029 o.
1449 2964 1478 3037 8,

157 3072 188 3115 6.
216 3052 232 3115 1
257 3053 292 3115 61
315 3051 352 3126 5;
375 3048 410 3115 S.
433 3047 549 3131 Alph.
574 3069 617 3112 ex
639 3047 815 3114 Busenb.
841 3046 881 3125 Il,
907 3050 959 3113 30.

96 3190 146 3244 397
244 3170 298 3237 An
314 3192 504 3248 6666611661
521 3173 560 3235 2“
575 3171 614 3236 R.
634 3174 662 3236 1.
694 3170 746 3234 Ex
767 3170 816 3249 iis,
841 3191 925 3252 quae
941 3171 974 3235 16
990 3190 1068 3236 casu
1084 3170 1245 3248 dicuntur,
1261 3192 1325 3236 666
1342 3180 1479 3257 6666161

156 3283 228 3327 6666
251 3261 285 3325 16
302 3260 454 3344 Olympia
476 3260 584 3325 odium
600 3259 789 3325 inimicitiae
806 3280 886 3340 6166
901 3259 1033 3324 Iuliam:
1057 3261 1263 3342 interrogare
1279 3282 1352 3326 6616
1369 3267 1478 3328 tamen

156 3351 319 3426 convenit,
343 3371 420 3414 num
443 3349 563 3431 gaudio
587 3348 760 3426 afficiatur,
785 3348 812 3412 si
835 3348 919 3414 Iulia
942 3369 977 3413 se
999 3348 1086 3415 male
1108 3349 1238 3415 habeat.

212 3517 218 3529 ,
244 3457 283 3524 lt.
301 3460 331 3521 2.
359 3456 392 3520 Si
416 3455 516 3537 igitur
531 3454 661 3520 1616166
676 3453 847 3521 inimicitia
862 3476 926 3519 666
942 3455 1080 3533 laborat,
1105 3455 1255 3536 61661161
1269 3477 1334 3520 666
1350 3462 1476 3540 666661,

156 3545 257 3610 Iuliae
281 3544 480 3610 consortium
503 3544 649 3622 evitans,
681 3544 757 3625 quia
786 3544 900 3610 subest
923 3544 1031 3625 aliqua
1055 3544 1258 3609 rationabilis
1282 3565 1392 3624 causa,
1418 3546 1479 3612 etsi

157 3634 300 3700 fortasse
324 3654 478 3699 excessus
502 3634 631 3716 quidem
655 3633 688 3697 in
712 3633 773 3698 hac
798 3633 915 3714 agendi
940 3633 1067 3698 1611666
1089 3632 1178 3699 16611.

244 3730 335 3808 Quod
358 3752 430 3796 6661
454 3752 518 3795 666
534 3731 639 3813 611616
655 3730 788 3807 6616161,
812 3751 871 3812 661
885 3751 921 3795 66
936 3729 1064 3814 6666611
1079 3731 1187 3796 661611
1204 3730 1324 3812 nequit.
1357 3730 1477 3797 Verum

157 3820 355 3886 considerari
380 3821 499 3886 debent
522 3819 788 3885 circumstantiae
811 3819 875 3884 loci
899 3825 932 3885 61
955 3821 1215 3886 consuetudines
1255 3821 1341 3885 Nam
1358 3821 1386 3886 si
1403 3842 1478 3887 con·

155 3910 292 3976 suetudo
316 3910 423 3975 66116
447 3908 518 3974 1666
542 3908 661 3991 exiguo
692 3908 854 3990 quoslibet
886 3911 1000 3984 utpote
1027 3914 1123 3974 notos
1146 3909 1327 3983 salutandi,
1358 3931 1477 3996 6661661·

155 4003 348 4083 exspectare
371 3999 618 4074 salutationem,
643 4003 680 4063 61
703 3998 1072 4071 166616161611661661,
1097 3999 1159 4063 6161
1183 3999 1226 4064 611
1249 3998 1398 4081 66661161·
1420 4020 1477 4064 no·

154 4089 312 4170 biliorque
336 4087 491 4164 condicio,
517 4087 702 4170 superbiam
727 4088 862 4152 denotat
886 4086 937 4150 vel
962 4087 1168 4152 eversionem
1187 4093 1222 4154 61
1238 4092 1477 4173 contemptum:

155 4179 228 4245 hinc
257 4181 427 4261 peccatum
452 4181 519 4254 est;
550 4176 679 4242 sivero
709 4176 812 4241 661166
842 4176 1060 4254 resalutatur,
1091 4198 1155 4242 non
1182 4176 1278 4242 facile
1308 4184 1477 4262 peccatum

154 4289 267 4350 gravo.

242 4357 288 4422 At
304 4355 388 4437 quod
405 4353 558 4437 Olympia
581 4353 637 4417 vix
653 4353 822 4431 resalutat,
845 4353 1025 4421 timendum
1045 4359 1105 4431 est,
1133 4375 1174 4419 ne
1190 4353 1339 4436 graviter
1353 4360 1474 4440 666661.

154 4447 239 4511 Nam
264 4446 326 4511 etsi
349 4444 512 4510 internum
536 4443 642 4507 odium
667 4464 731 4508 666
755 4448 860 4525 66161,
885 4442 1011 4508 6611616
1035 4444 1132 4509 debet
1148 4444 1248 4508 etiam
1264 4444 1370 4525 61666,
1395 4467 1475 4528 quac

154 4536 194 4600 ab
225 4535 298 4599 aliis
327 4533 505 4617 prudenter
535 4554 592 4615 pro
623 4532 725 4613 616616
756 4533 820 4596 odii
850 4533 902 4597 661
933 4532 1045 4614 616616
1069 4537 1275 4616 66616616166
1299 4533 1475 4602 habentur:

153 4643 296 4705 quaere
320 4644 486 4688 6616666
510 4622 594 4686 66161
618 4622 753 4687 evitare.
801 4622 832 4686 S.
850 4621 965 4704 Alph.
989 4622 1029 4699 Il,
1055 4625 1106 4688 28.
