<?xml version="1.0" encoding="UTF-8"?>
<!DOCTYPE html PUBLIC "-//W3C//DTD XHTML 1.0 Transitional//EN"
    "http://www.w3.org/TR/xhtml1/DTD/xhtml1-transitional.dtd">
<html xmlns="http://www.w3.org/1999/xhtml" xml:lang="en" lang="en">
 <head>
  <title>
</title>
<meta http-equiv="Content-Type" content="text/html;charset=utf-8" />
  <meta name='ocr-system' content='tesseract 3.04.00' />
  <meta name='ocr-capabilities' content='ocr_page ocr_carea ocr_par ocr_line ocrx_word'/>
</head>
<body>
  <div class='ocr_page' id='page_1' title='image "./casusconscienti01lehmgoog_0308.png"; bbox 0 0 3106 5168; ppageno 0'>
   <div class='ocr_carea' id='block_1_1' title="bbox 168 272 1352 341">
    <p class='ocr_par' dir='ltr' id='par_1_1' title="bbox 168 272 1352 341">
     <span class='ocr_line' id='line_1_1' title="bbox 168 272 1352 341; baseline 0.001 -14"><span class='ocrx_word' id='word_1_1' title='bbox 168 276 232 340; x_wconf 84' lang='lat'><strong>292</strong></span> <span class='ocrx_word' id='word_1_2' title='bbox 305 272 346 326; x_wconf 85' lang='lat' dir='ltr'><strong>Do</strong></span> <span class='ocrx_word' id='word_1_3' title='bbox 365 272 513 326; x_wconf 81' lang='lat' dir='ltr'><strong>virtutibus</strong></span> <span class='ocrx_word' id='word_1_4' title='bbox 532 276 560 327; x_wconf 87' lang='lat' dir='ltr'><strong>st</strong></span> <span class='ocrx_word' id='word_1_5' title='bbox 578 272 676 328; x_wconf 83' lang='lat' dir='ltr'><strong>officiis</strong></span> <span class='ocrx_word' id='word_1_6' title='bbox 694 289 760 341; x_wconf 83' lang='lat' dir='ltr'><strong>erga</strong></span> <span class='ocrx_word' id='word_1_7' title='bbox 778 272 908 327; x_wconf 90' lang='lat' dir='ltr'><strong>homines.</strong></span> <span class='ocrx_word' id='word_1_8' title='bbox 929 303 961 312; x_wconf 92' lang='lat'>-</span> <span class='ocrx_word' id='word_1_9' title='bbox 981 273 1032 328; x_wconf 82' lang='lat' dir='ltr'><strong>Off.</strong></span> <span class='ocrx_word' id='word_1_10' title='bbox 1052 274 1123 329; x_wconf 86' lang='lat' dir='ltr'><strong>circa</strong></span> <span class='ocrx_word' id='word_1_11' title='bbox 1141 275 1211 329; x_wconf 84' lang='lat' dir='ltr'><strong>bona</strong></span> <span class='ocrx_word' id='word_1_12' title='bbox 1230 277 1352 329; x_wconf 83' lang='lat' dir='ltr'><strong>externa.</strong></span> 
     </span>
    </p>
   </div>
   <div class='ocr_carea' id='block_1_2' title="bbox 167 447 1493 710">
    <p class='ocr_par' dir='ltr' id='par_1_2' title="bbox 167 447 1493 710">
     <span class='ocr_line' id='line_1_2' title="bbox 167 447 1492 536; baseline 0.004 -24"><span class='ocrx_word' id='word_1_13' title='bbox 167 470 209 513; x_wconf 83' lang='lat' dir='ltr'><strong>ex</strong></span> <span class='ocrx_word' id='word_1_14' title='bbox 234 448 326 513; x_wconf 90' lang='lat' dir='ltr'><strong>bonis</strong></span> <span class='ocrx_word' id='word_1_15' title='bbox 349 447 498 534; x_wconf 89' lang='lat' dir='ltr'><strong>propriis,</strong></span> <span class='ocrx_word' id='word_1_16' title='bbox 523 447 651 531; x_wconf 88' lang='lat' dir='ltr'><strong>siquae</strong></span> <span class='ocrx_word' id='word_1_17' title='bbox 670 448 779 525; x_wconf 89' lang='lat' dir='ltr'><strong>habet,</strong></span> <span class='ocrx_word' id='word_1_18' title='bbox 803 450 864 515; x_wconf 89' lang='lat' dir='ltr'><strong>nisi</strong></span> <span class='ocrx_word' id='word_1_19' title='bbox 881 451 963 515; x_wconf 92' lang='lat' dir='ltr'><strong>sumi</strong></span> <span class='ocrx_word' id='word_1_20' title='bbox 981 451 1085 533; x_wconf 84' lang='lat' dir='ltr'><strong>possit</strong></span> <span class='ocrx_word' id='word_1_21' title='bbox 1107 451 1260 517; x_wconf 88' lang='lat' dir='ltr'><strong>maritum</strong></span> <span class='ocrx_word' id='word_1_22' title='bbox 1276 457 1353 536; x_wconf 91' lang='lat' dir='ltr'><strong>post</strong></span> <span class='ocrx_word' id='word_1_23' title='bbox 1369 453 1492 534; x_wconf 85' lang='lat' dir='ltr'><strong>factum</strong></span> 
     </span>
     <span class='ocr_line' id='line_1_3' title="bbox 168 537 1493 622; baseline 0.004 -20"><span class='ocrx_word' id='word_1_24' title='bbox 168 538 425 604; x_wconf 87' lang='lat' dir='ltr'><strong>condonaturum</strong></span> <span class='ocrx_word' id='word_1_25' title='bbox 457 557 545 612; x_wconf 86' lang='lat' dir='ltr'><strong>esse;</strong></span> <span class='ocrx_word' id='word_1_26' title='bbox 576 537 718 620; x_wconf 90' lang='lat' dir='ltr'><strong>alioquin</strong></span> <span class='ocrx_word' id='word_1_27' title='bbox 747 539 880 605; x_wconf 79' lang='lat' dir='ltr'><strong>studeat</strong></span> <span class='ocrx_word' id='word_1_28' title='bbox 903 539 1025 605; x_wconf 91' lang='lat' dir='ltr'><strong>maiore</strong></span> <span class='ocrx_word' id='word_1_29' title='bbox 1049 539 1219 622; x_wconf 79' lang='lat' dir='ltr'>diligentia</span> <span class='ocrx_word' id='word_1_30' title='bbox 1242 545 1276 606; x_wconf 91' lang='lat' dir='ltr'><strong>et</strong></span> <span class='ocrx_word' id='word_1_31' title='bbox 1299 542 1413 607; x_wconf 88' lang='lat' dir='ltr'><strong>labore</strong></span> <span class='ocrx_word' id='word_1_32' title='bbox 1438 542 1493 607; x_wconf 93' lang='lat' dir='ltr'><strong>do·</strong></span> 
     </span>
     <span class='ocr_line' id='line_1_4' title="bbox 168 626 607 710; baseline 0 -19"><span class='ocrx_word' id='word_1_33' title='bbox 168 626 305 693; x_wconf 83' lang='lat' dir='ltr'><strong>mastico</strong></span> <span class='ocrx_word' id='word_1_34' title='bbox 329 627 362 692; x_wconf 94' lang='lat' dir='ltr'><strong>id</strong></span> <span class='ocrx_word' id='word_1_35' title='bbox 385 647 607 710; x_wconf 90' lang='lat' dir='ltr'><strong>compensare.</strong></span> 
     </span>
    </p>
   </div>
   <div class='ocr_carea' id='block_1_3' title="bbox 168 725 1494 1066">
    <p class='ocr_par' dir='ltr' id='par_1_3' title="bbox 168 725 1494 1066">
     <span class='ocr_line' id='line_1_5' title="bbox 257 725 1493 809; baseline 0.005 -19"><span class='ocrx_word' id='word_1_36' title='bbox 257 725 295 791; x_wconf 87' lang='lat' dir='ltr'><strong>R.</strong></span> <span class='ocrx_word' id='word_1_37' title='bbox 321 728 351 791; x_wconf 88' lang='lat'><strong>3.</strong></span> <span class='ocrx_word' id='word_1_38' title='bbox 398 725 512 801; x_wconf 89' lang='lat' dir='ltr'><strong>Quoad</strong></span> <span class='ocrx_word' id='word_1_39' title='bbox 542 725 767 809; x_wconf 80' lang='lat' dir='ltr'><strong>eleemosynas</strong></span> <span class='ocrx_word' id='word_1_40' title='bbox 796 725 865 791; x_wconf 91' lang='lat' dir='ltr'><strong>fere</strong></span> <span class='ocrx_word' id='word_1_41' title='bbox 888 725 973 790; x_wconf 92' lang='lat' dir='ltr'><strong>idem</strong></span> <span class='ocrx_word' id='word_1_42' title='bbox 998 726 1058 792; x_wconf 89' lang='lat' dir='ltr'><strong>dic.</strong></span> <span class='ocrx_word' id='word_1_43' title='bbox 1105 725 1220 794; x_wconf 92' lang='lat' dir='ltr'><strong>Potest</strong></span> <span class='ocrx_word' id='word_1_44' title='bbox 1243 727 1327 792; x_wconf 90' lang='lat' dir='ltr'><strong>euim</strong></span> <span class='ocrx_word' id='word_1_45' title='bbox 1352 727 1493 796; x_wconf 82' lang='lat' dir='ltr'>Eulalia.</span> 
     </span>
     <span class='ocr_line' id='line_1_6' title="bbox 168 813 1493 900; baseline 0.003 -22"><span class='ocrx_word' id='word_1_46' title='bbox 168 814 268 880; x_wconf 91' lang='lat' dir='ltr'><strong>etiam</strong></span> <span class='ocrx_word' id='word_1_47' title='bbox 297 813 400 879; x_wconf 89' lang='lat' dir='ltr'><strong>inscio</strong></span> <span class='ocrx_word' id='word_1_48' title='bbox 423 814 477 879; x_wconf 90' lang='lat' dir='ltr'><strong>vel</strong></span> <span class='ocrx_word' id='word_1_49' title='bbox 506 813 650 880; x_wconf 87' lang='lat' dir='ltr'><strong>fortasse</strong></span> <span class='ocrx_word' id='word_1_50' title='bbox 680 814 779 880; x_wconf 90' lang='lat' dir='ltr'><strong>etiam</strong></span> <span class='ocrx_word' id='word_1_51' title='bbox 808 814 912 880; x_wconf 90' lang='lat' dir='ltr'><strong>invito</strong></span> <span class='ocrx_word' id='word_1_52' title='bbox 936 814 1023 889; x_wconf 86' lang='lat' dir='ltr'><strong>viro,</strong></span> <span class='ocrx_word' id='word_1_53' title='bbox 1058 815 1283 900; x_wconf 82' lang='lat' dir='ltr'><strong>eleemosynas</strong></span> <span class='ocrx_word' id='word_1_54' title='bbox 1316 819 1493 882; x_wconf 90' lang='lat' dir='ltr'><strong>secundum</strong></span> 
     </span>
     <span class='ocr_line' id='line_1_7' title="bbox 168 902 1494 971; baseline 0.005 -6"><span class='ocrx_word' id='word_1_55' title='bbox 168 907 291 969; x_wconf 89' lang='lat' dir='ltr'><strong>statum</strong></span> <span class='ocrx_word' id='word_1_56' title='bbox 321 903 465 969; x_wconf 84' lang='lat' dir='ltr'><strong>familiae</strong></span> <span class='ocrx_word' id='word_1_57' title='bbox 496 902 677 968; x_wconf 88' lang='lat' dir='ltr'><strong>ordinarias</strong></span> <span class='ocrx_word' id='word_1_58' title='bbox 707 907 741 968; x_wconf 89' lang='lat' dir='ltr'><strong>et</strong></span> <span class='ocrx_word' id='word_1_59' title='bbox 765 910 939 971; x_wconf 87' lang='lat' dir='ltr'><strong>consuetas</strong></span> <span class='ocrx_word' id='word_1_60' title='bbox 962 903 1080 970; x_wconf 88' lang='lat' dir='ltr'><strong>facere.</strong></span> <span class='ocrx_word' id='word_1_61' title='bbox 1128 905 1176 969; x_wconf 90' lang='lat' dir='ltr'><strong>De</strong></span> <span class='ocrx_word' id='word_1_62' title='bbox 1200 906 1333 970; x_wconf 81' lang='lat' dir='ltr'><strong>uolubili</strong></span> <span class='ocrx_word' id='word_1_63' title='bbox 1356 926 1494 971; x_wconf 88' lang='lat' dir='ltr'><strong>excessu</strong></span> 
     </span>
     <span class='ocr_line' id='line_1_8' title="bbox 168 991 617 1066; baseline 0.002 -10"><span class='ocrx_word' id='word_1_64' title='bbox 168 991 338 1057; x_wconf 89' lang='lat' dir='ltr'><strong>dicendum</strong></span> <span class='ocrx_word' id='word_1_65' title='bbox 362 997 423 1066; x_wconf 87' lang='lat' dir='ltr'><strong>est,</strong></span> <span class='ocrx_word' id='word_1_66' title='bbox 448 996 485 1058; x_wconf 91' lang='lat' dir='ltr'><strong>ut</strong></span> <span class='ocrx_word' id='word_1_67' title='bbox 508 996 617 1058; x_wconf 91' lang='lat' dir='ltr'><strong>antea.</strong></span> 
     </span>
    </p>
   </div>
   <div class='ocr_carea' id='block_1_4' title="bbox 105 1088 1495 1440">
    <p class='ocr_par' dir='ltr' id='par_1_4' title="bbox 105 1088 1495 1174">
     <span class='ocr_line' id='line_1_9' title="bbox 105 1088 1495 1174; baseline 0.005 -24"><span class='ocrx_word' id='word_1_68' title='bbox 105 1096 158 1151; x_wconf 76' lang='lat'><strong>573</strong></span> <span class='ocrx_word' id='word_1_69' title='bbox 256 1089 295 1156; x_wconf 88' lang='lat' dir='ltr'><strong>R.</strong></span> <span class='ocrx_word' id='word_1_70' title='bbox 320 1092 351 1155; x_wconf 84' lang='lat'><strong>4.</strong></span> <span class='ocrx_word' id='word_1_71' title='bbox 398 1088 510 1166; x_wconf 90' lang='lat' dir='ltr'><strong>Quoad</strong></span> <span class='ocrx_word' id='word_1_72' title='bbox 543 1090 729 1155; x_wconf 69' lang='lat' dir='ltr'><strong>Matucaium.</strong></span> <span class='ocrx_word' id='word_1_73' title='bbox 784 1088 817 1154; x_wconf 86' lang='lat' dir='ltr'><strong>Si</strong></span> <span class='ocrx_word' id='word_1_74' title='bbox 849 1106 965 1154; x_wconf 86' lang='lat' dir='ltr'><strong>revera</strong></span> <span class='ocrx_word' id='word_1_75' title='bbox 997 1091 1135 1157; x_wconf 88' lang='lat' dir='ltr'><strong>maritus</strong></span> <span class='ocrx_word' id='word_1_76' title='bbox 1166 1091 1402 1174; x_wconf 81' lang='lat' dir='ltr'><strong>prodigalitate</strong></span> <span class='ocrx_word' id='word_1_77' title='bbox 1435 1113 1495 1157; x_wconf 91' lang='lat' dir='ltr'><strong>sua</strong></span> 
     </span>
    </p>

    <p class='ocr_par' dir='ltr' id='par_1_5' title="bbox 105 1177 1494 1440">
     <span class='ocr_line' id='line_1_10' title="bbox 105 1177 1494 1264; baseline 0.002 -21"><span class='ocrx_word' id='word_1_78' title='bbox 105 1211 107 1216; x_wconf 43' lang='lat'><em>⁷</em></span> <span class='ocrx_word' id='word_1_79' title='bbox 167 1177 327 1243; x_wconf 85' lang='lat' dir='ltr'><strong>familiam</strong></span> <span class='ocrx_word' id='word_1_80' title='bbox 349 1178 382 1243; x_wconf 91' lang='lat' dir='ltr'><strong>in</strong></span> <span class='ocrx_word' id='word_1_81' title='bbox 406 1178 620 1261; x_wconf 83' lang='lat' dir='ltr'><strong>indigentiam</strong></span> <span class='ocrx_word' id='word_1_82' title='bbox 644 1179 849 1244; x_wconf 90' lang='lat' dir='ltr'><strong>coniecturus</strong></span> <span class='ocrx_word' id='word_1_83' title='bbox 872 1179 926 1257; x_wconf 86' lang='lat' dir='ltr'><strong>sit,</strong></span> <span class='ocrx_word' id='word_1_84' title='bbox 950 1200 1033 1244; x_wconf 88' lang='lat' dir='ltr'><strong>uxor</strong></span> <span class='ocrx_word' id='word_1_85' title='bbox 1057 1180 1160 1246; x_wconf 92' lang='lat' dir='ltr'><strong>utitur</strong></span> <span class='ocrx_word' id='word_1_86' title='bbox 1180 1180 1250 1245; x_wconf 90' lang='lat' dir='ltr'><strong>iure</strong></span> <span class='ocrx_word' id='word_1_87' title='bbox 1266 1202 1323 1245; x_wconf 92' lang='lat' dir='ltr'><strong>suo</strong></span> <span class='ocrx_word' id='word_1_88' title='bbox 1341 1180 1373 1245; x_wconf 95' lang='lat' dir='ltr'><strong>id</strong></span> <span class='ocrx_word' id='word_1_89' title='bbox 1398 1202 1494 1264; x_wconf 90' lang='lat' dir='ltr'><strong>prae·</strong></span> 
     </span>
     <span class='ocr_line' id='line_1_11' title="bbox 168 1267 1493 1354; baseline 0.002 -21"><span class='ocrx_word' id='word_1_90' title='bbox 168 1288 289 1333; x_wconf 88' lang='lat' dir='ltr'><strong>cavens</strong></span> <span class='ocrx_word' id='word_1_91' title='bbox 313 1271 347 1332; x_wconf 92' lang='lat' dir='ltr'><strong>et</strong></span> <span class='ocrx_word' id='word_1_92' title='bbox 370 1268 454 1333; x_wconf 90' lang='lat' dir='ltr'><strong>clam</strong></span> <span class='ocrx_word' id='word_1_93' title='bbox 478 1267 638 1348; x_wconf 88' lang='lat' dir='ltr'><strong>quaedam</strong></span> <span class='ocrx_word' id='word_1_94' title='bbox 662 1288 832 1352; x_wconf 85' lang='lat' dir='ltr'><strong>seponens.</strong></span> <span class='ocrx_word' id='word_1_95' title='bbox 880 1268 951 1333; x_wconf 89' lang='lat' dir='ltr'><strong>Hoc</strong></span> <span class='ocrx_word' id='word_1_96' title='bbox 975 1268 1059 1332; x_wconf 93' lang='lat' dir='ltr'><strong>enim</strong></span> <span class='ocrx_word' id='word_1_97' title='bbox 1083 1268 1179 1333; x_wconf 91' lang='lat' dir='ltr'><strong>modo</strong></span> <span class='ocrx_word' id='word_1_98' title='bbox 1205 1268 1292 1351; x_wconf 87' lang='lat' dir='ltr'><strong>gerit</strong></span> <span class='ocrx_word' id='word_1_99' title='bbox 1320 1269 1493 1354; x_wconf 84' lang='lat' dir='ltr'><strong>providam</strong></span> 
     </span>
     <span class='ocr_line' id='line_1_12' title="bbox 167 1356 1191 1440; baseline 0.001 -17"><span class='ocrx_word' id='word_1_100' title='bbox 167 1377 280 1423; x_wconf 87' lang='lat' dir='ltr'><strong>curam</strong></span> <span class='ocrx_word' id='word_1_101' title='bbox 305 1377 388 1434; x_wconf 86' lang='lat' dir='ltr'><strong>earn,</strong></span> <span class='ocrx_word' id='word_1_102' title='bbox 413 1377 510 1438; x_wconf 89' lang='lat' dir='ltr'><strong>quarn</strong></span> <span class='ocrx_word' id='word_1_103' title='bbox 534 1356 672 1422; x_wconf 90' lang='lat' dir='ltr'><strong>maritus</strong></span> <span class='ocrx_word' id='word_1_104' title='bbox 695 1377 810 1439; x_wconf 86' lang='lat' dir='ltr'><strong>gerere</strong></span> <span class='ocrx_word' id='word_1_105' title='bbox 834 1357 931 1422; x_wconf 91' lang='lat' dir='ltr'><strong>debet</strong></span> <span class='ocrx_word' id='word_1_106' title='bbox 954 1358 1011 1422; x_wconf 91' lang='lat' dir='ltr'><strong>sed</strong></span> <span class='ocrx_word' id='word_1_107' title='bbox 1034 1358 1191 1440; x_wconf 85' lang='lat' dir='ltr'><strong>neglegit.</strong></span> 
     </span>
    </p>
   </div>
   <div class='ocr_carea' id='block_1_5' title="bbox 167 1460 1494 2170">
    <p class='ocr_par' dir='ltr' id='par_1_6' title="bbox 167 1460 1494 2170">
     <span class='ocr_line' id='line_1_13' title="bbox 258 1460 1494 1547; baseline 0.002 -21"><span class='ocrx_word' id='word_1_108' title='bbox 258 1462 298 1528; x_wconf 86' lang='lat' dir='ltr'><strong>R.</strong></span> <span class='ocrx_word' id='word_1_109' title='bbox 323 1464 352 1528; x_wconf 84' lang='lat'><strong>5.</strong></span> <span class='ocrx_word' id='word_1_110' title='bbox 388 1460 503 1544; x_wconf 90' lang='lat' dir='ltr'><strong>Neque</strong></span> <span class='ocrx_word' id='word_1_111' title='bbox 528 1461 613 1542; x_wconf 89' lang='lat' dir='ltr'><strong>quod</strong></span> <span class='ocrx_word' id='word_1_112' title='bbox 637 1481 680 1526; x_wconf 87' lang='lat' dir='ltr'><strong>ex</strong></span> <span class='ocrx_word' id='word_1_113' title='bbox 702 1461 840 1545; x_wconf 88' lang='lat' dir='ltr'><strong>pecunia</strong></span> <span class='ocrx_word' id='word_1_114' title='bbox 863 1462 909 1527; x_wconf 88' lang='lat' dir='ltr'><strong>sic</strong></span> <span class='ocrx_word' id='word_1_115' title='bbox 933 1462 1070 1528; x_wconf 88' lang='lat' dir='ltr'><strong>collecta</strong></span> <span class='ocrx_word' id='word_1_116' title='bbox 1092 1466 1247 1547; x_wconf 91' lang='lat' dir='ltr'><strong>parentes</strong></span> <span class='ocrx_word' id='word_1_117' title='bbox 1269 1462 1398 1546; x_wconf 86' lang='lat' dir='ltr'><strong>indigos</strong></span> <span class='ocrx_word' id='word_1_118' title='bbox 1422 1485 1494 1529; x_wconf 91' lang='lat' dir='ltr'><strong>sus·</strong></span> 
     </span>
     <span class='ocr_line' id='line_1_14' title="bbox 167 1550 1492 1635; baseline 0 -16"><span class='ocrx_word' id='word_1_119' title='bbox 167 1550 358 1628; x_wconf 86' lang='lat' dir='ltr'><strong>tentaverit,</strong></span> <span class='ocrx_word' id='word_1_120' title='bbox 380 1554 480 1632; x_wconf 89' lang='lat' dir='ltr'><strong>atque</strong></span> <span class='ocrx_word' id='word_1_121' title='bbox 501 1570 624 1634; x_wconf 88' lang='lat' dir='ltr'><strong>paucas</strong></span> <span class='ocrx_word' id='word_1_122' title='bbox 647 1551 872 1635; x_wconf 86' lang='lat' dir='ltr'><strong>eleemosynas</strong></span> <span class='ocrx_word' id='word_1_123' title='bbox 888 1552 1065 1616; x_wconf 91' lang='lat' dir='ltr'><strong>secundum</strong></span> <span class='ocrx_word' id='word_1_124' title='bbox 1082 1550 1301 1617; x_wconf 89' lang='lat' dir='ltr'><strong>condicionem</strong></span> <span class='ocrx_word' id='word_1_125' title='bbox 1318 1558 1352 1619; x_wconf 88' lang='grc'><strong>61</strong></span> <span class='ocrx_word' id='word_1_126' title='bbox 1368 1556 1492 1619; x_wconf 89' lang='lat' dir='ltr'><strong>statum</strong></span> 
     </span>
     <span class='ocr_line' id='line_1_15' title="bbox 167 1638 1493 1725; baseline 0.002 -19"><span class='ocrx_word' id='word_1_127' title='bbox 167 1661 263 1706; x_wconf 90' lang='lat' dir='ltr'><strong>suum</strong></span> <span class='ocrx_word' id='word_1_128' title='bbox 285 1639 410 1716; x_wconf 89' lang='lat' dir='ltr'><strong>feeerit,</strong></span> <span class='ocrx_word' id='word_1_129' title='bbox 433 1640 467 1705; x_wconf 92' lang='lat' dir='ltr'><strong>id</strong></span> <span class='ocrx_word' id='word_1_130' title='bbox 490 1639 586 1703; x_wconf 87' lang='lat' dir='ltr'><strong>uxori</strong></span> <span class='ocrx_word' id='word_1_131' title='bbox 608 1638 723 1723; x_wconf 91' lang='lat' dir='ltr'><strong>culpae</strong></span> <span class='ocrx_word' id='word_1_132' title='bbox 747 1639 818 1709; x_wconf 91' lang='grc'><strong>6111.</strong></span> <span class='ocrx_word' id='word_1_133' title='bbox 837 1640 998 1706; x_wconf 88' lang='lat' dir='ltr'><strong>—Immo</strong></span> <span class='ocrx_word' id='word_1_134' title='bbox 1021 1640 1106 1723; x_wconf 90' lang='lat' dir='ltr'><strong>quod</strong></span> <span class='ocrx_word' id='word_1_135' title='bbox 1129 1641 1190 1706; x_wconf 90' lang='lat' dir='ltr'><strong>sibi</strong></span> <span class='ocrx_word' id='word_1_136' title='bbox 1213 1640 1362 1708; x_wconf 90' lang='lat' dir='ltr'><strong>modesto</strong></span> <span class='ocrx_word' id='word_1_137' title='bbox 1383 1642 1493 1725; x_wconf 92' lang='lat' dir='ltr'><strong>aliquo</strong></span> 
     </span>
     <span class='ocr_line' id='line_1_16' title="bbox 168 1726 1494 1812; baseline 0.001 -16"><span class='ocrx_word' id='word_1_138' title='bbox 168 1750 268 1796; x_wconf 88' lang='lat' dir='ltr'><strong>censu</strong></span> <span class='ocrx_word' id='word_1_139' title='bbox 291 1726 433 1793; x_wconf 89' lang='lat' dir='ltr'><strong>vitalitio</strong></span> <span class='ocrx_word' id='word_1_140' title='bbox 463 1728 660 1812; x_wconf 88' lang='lat' dir='ltr'><strong>providerit,</strong></span> <span class='ocrx_word' id='word_1_141' title='bbox 691 1728 720 1793; x_wconf 89' lang='lat' dir='ltr'><strong>si</strong></span> <span class='ocrx_word' id='word_1_142' title='bbox 749 1729 835 1794; x_wconf 89' lang='lat' dir='ltr'><strong>iuste</strong></span> <span class='ocrx_word' id='word_1_143' title='bbox 864 1729 980 1796; x_wconf 89' lang='lat' dir='ltr'><strong>timere</strong></span> <span class='ocrx_word' id='word_1_144' title='bbox 1003 1729 1115 1795; x_wconf 88' lang='lat' dir='ltr'><strong>debuit</strong></span> <span class='ocrx_word' id='word_1_145' title='bbox 1144 1729 1297 1795; x_wconf 91' lang='lat' dir='ltr'><strong>maritum</strong></span> <span class='ocrx_word' id='word_1_146' title='bbox 1321 1730 1383 1796; x_wconf 91' lang='lat' dir='ltr'><strong>sibi</strong></span> <span class='ocrx_word' id='word_1_147' title='bbox 1407 1732 1494 1797; x_wconf 84' lang='lat' dir='ltr'><strong>forte</strong></span> 
     </span>
     <span class='ocr_line' id='line_1_17' title="bbox 167 1816 1493 1905; baseline 0.004 -22"><span class='ocrx_word' id='word_1_148' title='bbox 167 1816 337 1902; x_wconf 84' lang='lat' dir='ltr'><strong>superstiti</strong></span> <span class='ocrx_word' id='word_1_149' title='bbox 363 1816 551 1884; x_wconf 89' lang='lat' dir='ltr'><strong>nullatenus</strong></span> <span class='ocrx_word' id='word_1_150' title='bbox 580 1816 785 1900; x_wconf 90' lang='lat' dir='ltr'><strong>provisurum</strong></span> <span class='ocrx_word' id='word_1_151' title='bbox 810 1839 897 1897; x_wconf 86' lang='lat' dir='ltr'><strong>esse,</strong></span> <span class='ocrx_word' id='word_1_152' title='bbox 927 1822 1006 1902; x_wconf 91' lang='lat' dir='ltr'><strong>puto</strong></span> <span class='ocrx_word' id='word_1_153' title='bbox 1034 1818 1209 1884; x_wconf 88' lang='lat' dir='ltr'><strong>Melaniam</strong></span> <span class='ocrx_word' id='word_1_154' title='bbox 1233 1841 1297 1884; x_wconf 95' lang='lat' dir='ltr'><strong>non</strong></span> <span class='ocrx_word' id='word_1_155' title='bbox 1327 1841 1493 1905; x_wconf 83' lang='lat' dir='ltr'><strong>peccasse.</strong></span> 
     </span>
     <span class='ocr_line' id='line_1_18' title="bbox 168 1905 1492 1992; baseline 0.002 -20"><span class='ocrx_word' id='word_1_156' title='bbox 168 1907 240 1972; x_wconf 92' lang='lat' dir='ltr'><strong>Viri</strong></span> <span class='ocrx_word' id='word_1_157' title='bbox 267 1905 351 1970; x_wconf 90' lang='lat' dir='ltr'><strong>euim</strong></span> <span class='ocrx_word' id='word_1_158' title='bbox 382 1910 433 1972; x_wconf 87' lang='lat' dir='ltr'><strong>est</strong></span> <span class='ocrx_word' id='word_1_159' title='bbox 463 1927 527 1971; x_wconf 93' lang='lat' dir='ltr'><strong>non</strong></span> <span class='ocrx_word' id='word_1_160' title='bbox 555 1906 659 1971; x_wconf 92' lang='lat' dir='ltr'><strong>solum</strong></span> <span class='ocrx_word' id='word_1_161' title='bbox 683 1927 819 1973; x_wconf 86' lang='lat' dir='ltr'><strong>uxorem</strong></span> <span class='ocrx_word' id='word_1_162' title='bbox 842 1908 947 1985; x_wconf 88' lang='lat' dir='ltr'><strong>alere,</strong></span> <span class='ocrx_word' id='word_1_163' title='bbox 979 1909 1052 1973; x_wconf 89' lang='lat' dir='ltr'><strong>dum</strong></span> <span class='ocrx_word' id='word_1_164' title='bbox 1077 1908 1202 1992; x_wconf 89' lang='lat' dir='ltr'><strong>ipsein</strong></span> <span class='ocrx_word' id='word_1_165' title='bbox 1227 1908 1311 1974; x_wconf 90' lang='lat' dir='ltr'><strong>vivis</strong></span> <span class='ocrx_word' id='word_1_166' title='bbox 1335 1917 1404 1986; x_wconf 88' lang='lat' dir='ltr'><strong>est,</strong></span> <span class='ocrx_word' id='word_1_167' title='bbox 1436 1912 1492 1975; x_wconf 90' lang='lat' dir='ltr'><strong>sed</strong></span> 
     </span>
     <span class='ocr_line' id='line_1_19' title="bbox 168 1993 1493 2078; baseline 0.001 -15"><span class='ocrx_word' id='word_1_168' title='bbox 168 1997 268 2063; x_wconf 89' lang='lat' dir='ltr'><strong>ctiam</strong></span> <span class='ocrx_word' id='word_1_169' title='bbox 293 1993 462 2078; x_wconf 83' lang='lat' dir='ltr'><strong>superstiti</strong></span> <span class='ocrx_word' id='word_1_170' title='bbox 485 1994 618 2074; x_wconf 89' lang='lat' dir='ltr'><strong>viduae,</strong></span> <span class='ocrx_word' id='word_1_171' title='bbox 644 2017 727 2078; x_wconf 88' lang='lat' dir='ltr'><strong>quae</strong></span> <span class='ocrx_word' id='word_1_172' title='bbox 751 2001 856 2062; x_wconf 89' lang='lat' dir='ltr'><strong>totam</strong></span> <span class='ocrx_word' id='word_1_173' title='bbox 879 1997 981 2062; x_wconf 89' lang='lat' dir='ltr'><strong>vitam</strong></span> <span class='ocrx_word' id='word_1_174' title='bbox 1005 1997 1038 2062; x_wconf 91' lang='lat' dir='ltr'><strong>in</strong></span> <span class='ocrx_word' id='word_1_175' title='bbox 1062 2018 1173 2062; x_wconf 90' lang='lat' dir='ltr'><strong>curam</strong></span> <span class='ocrx_word' id='word_1_176' title='bbox 1197 1997 1409 2064; x_wconf 90' lang='lat' dir='ltr'><strong>domesticam</strong></span> <span class='ocrx_word' id='word_1_177' title='bbox 1434 2000 1493 2064; x_wconf 90' lang='lat' dir='ltr'><strong>irn-</strong></span> 
     </span>
     <span class='ocr_line' id='line_1_20' title="bbox 168 2082 1492 2170; baseline 0.001 -19"><span class='ocrx_word' id='word_1_178' title='bbox 168 2084 328 2170; x_wconf 88' lang='lat' dir='ltr'><strong>penderit,</strong></span> <span class='ocrx_word' id='word_1_179' title='bbox 353 2082 400 2149; x_wconf 89' lang='lat' dir='ltr'><strong>ita</strong></span> <span class='ocrx_word' id='word_1_180' title='bbox 423 2083 604 2168; x_wconf 89' lang='lat' dir='ltr'><strong>providere,</strong></span> <span class='ocrx_word' id='word_1_181' title='bbox 629 2089 666 2150; x_wconf 93' lang='lat' dir='ltr'><strong>ut</strong></span> <span class='ocrx_word' id='word_1_182' title='bbox 689 2084 837 2150; x_wconf 88' lang='lat' dir='ltr'><strong>modeste</strong></span> <span class='ocrx_word' id='word_1_183' title='bbox 859 2085 963 2168; x_wconf 89' lang='lat' dir='ltr'><strong>possit</strong></span> <span class='ocrx_word' id='word_1_184' title='bbox 986 2083 1107 2152; x_wconf 89' lang='lat' dir='ltr'><strong>vivere.</strong></span> <span class='ocrx_word' id='word_1_185' title='bbox 1140 2086 1187 2152; x_wconf 86' lang='lat' dir='ltr'><strong>Ct&#39;.</strong></span> <span class='ocrx_word' id='word_1_186' title='bbox 1209 2107 1309 2170; x_wconf 89' lang='lat' dir='ltr'><strong>supra</strong></span> <span class='ocrx_word' id='word_1_187' title='bbox 1332 2107 1398 2153; x_wconf 87' lang='lat' dir='ltr'><strong>cas.</strong></span> <span class='ocrx_word' id='word_1_188' title='bbox 1420 2090 1492 2153; x_wconf 85' lang='grc'><strong>169.</strong></span> 
     </span>
    </p>
   </div>
   <div class='ocr_carea' id='block_1_6' title="bbox 106 2192 1496 4144">
    <p class='ocr_par' dir='ltr' id='par_1_7' title="bbox 106 2192 1495 2722">
     <span class='ocr_line' id='line_1_21' title="bbox 106 2192 1492 2274; baseline 0.006 -22"><span class='ocrx_word' id='word_1_189' title='bbox 106 2200 160 2253; x_wconf 79' lang='grc'><strong>574</strong></span> <span class='ocrx_word' id='word_1_190' title='bbox 259 2193 298 2260; x_wconf 88' lang='lat' dir='ltr'><strong>R.</strong></span> <span class='ocrx_word' id='word_1_191' title='bbox 316 2197 345 2260; x_wconf 88' lang='grc'><strong>6.</strong></span> <span class='ocrx_word' id='word_1_192' title='bbox 379 2193 518 2258; x_wconf 86' lang='lat' dir='ltr'><strong>Gravior</strong></span> <span class='ocrx_word' id='word_1_193' title='bbox 541 2193 717 2258; x_wconf 88' lang='lat' dir='ltr'><strong>difficultas</strong></span> <span class='ocrx_word' id='word_1_194' title='bbox 741 2192 845 2258; x_wconf 91' lang='lat' dir='ltr'><strong>oritur</strong></span> <span class='ocrx_word' id='word_1_195' title='bbox 866 2214 908 2257; x_wconf 85' lang='lat' dir='ltr'><strong>ex</strong></span> <span class='ocrx_word' id='word_1_196' title='bbox 929 2214 977 2267; x_wconf 84' lang='lat' dir='ltr'><strong>eo,</strong></span> <span class='ocrx_word' id='word_1_197' title='bbox 1002 2194 1088 2274; x_wconf 90' lang='lat' dir='ltr'><strong>quod</strong></span> <span class='ocrx_word' id='word_1_198' title='bbox 1111 2193 1264 2259; x_wconf 85' lang='lat' dir='ltr'><strong>defuncto</strong></span> <span class='ocrx_word' id='word_1_199' title='bbox 1285 2194 1405 2260; x_wconf 89' lang='lat' dir='ltr'><strong>marito</strong></span> <span class='ocrx_word' id='word_1_200' title='bbox 1429 2216 1492 2260; x_wconf 94' lang='lat' dir='ltr'><strong>non</strong></span> 
     </span>
     <span class='ocr_line' id='line_1_22' title="bbox 169 2282 1493 2364; baseline 0.003 -19"><span class='ocrx_word' id='word_1_201' title='bbox 169 2283 273 2348; x_wconf 91' lang='lat' dir='ltr'><strong>solum</strong></span> <span class='ocrx_word' id='word_1_202' title='bbox 297 2304 361 2347; x_wconf 90' lang='lat' dir='ltr'><strong>non</strong></span> <span class='ocrx_word' id='word_1_203' title='bbox 386 2282 612 2364; x_wconf 85' lang='lat' dir='ltr'><strong>relinquuntur</strong></span> <span class='ocrx_word' id='word_1_204' title='bbox 634 2282 719 2347; x_wconf 88' lang='lat' dir='ltr'><strong>bona</strong></span> <span class='ocrx_word' id='word_1_205' title='bbox 743 2283 935 2359; x_wconf 86' lang='lat' dir='ltr'><strong>communia,</strong></span> <span class='ocrx_word' id='word_1_206' title='bbox 960 2284 1018 2346; x_wconf 92' lang='lat' dir='ltr'><strong>sed</strong></span> <span class='ocrx_word' id='word_1_207' title='bbox 1040 2283 1154 2347; x_wconf 81' lang='lat' dir='ltr'><strong>debito.</strong></span> <span class='ocrx_word' id='word_1_208' title='bbox 1187 2282 1264 2347; x_wconf 84' lang='lat' dir='ltr'><strong>Cum</strong></span> <span class='ocrx_word' id='word_1_209' title='bbox 1289 2282 1375 2348; x_wconf 90' lang='lat' dir='ltr'><strong>euim</strong></span> <span class='ocrx_word' id='word_1_210' title='bbox 1399 2305 1493 2360; x_wconf 84' lang='lat' dir='ltr'><strong>uxor,</strong></span> 
     </span>
     <span class='ocr_line' id='line_1_23' title="bbox 169 2370 1495 2455; baseline 0.002 -18"><span class='ocrx_word' id='word_1_211' title='bbox 169 2376 207 2437; x_wconf 92' lang='lat' dir='ltr'><strong>ut</strong></span> <span class='ocrx_word' id='word_1_212' title='bbox 230 2393 272 2437; x_wconf 87' lang='lat' dir='ltr'><strong>ex</strong></span> <span class='ocrx_word' id='word_1_213' title='bbox 295 2392 373 2436; x_wconf 90' lang='lat' dir='ltr'><strong>casu</strong></span> <span class='ocrx_word' id='word_1_214' title='bbox 397 2371 482 2436; x_wconf 88' lang='lat' dir='ltr'><strong>sumi</strong></span> <span class='ocrx_word' id='word_1_215' title='bbox 505 2370 610 2448; x_wconf 89' lang='lat' dir='ltr'><strong>debet,</strong></span> <span class='ocrx_word' id='word_1_216' title='bbox 635 2392 699 2437; x_wconf 92' lang='lat' dir='ltr'><strong>non</strong></span> <span class='ocrx_word' id='word_1_217' title='bbox 722 2370 873 2436; x_wconf 88' lang='lat' dir='ltr'><strong>habuerit</strong></span> <span class='ocrx_word' id='word_1_218' title='bbox 896 2371 981 2436; x_wconf 92' lang='lat' dir='ltr'><strong>bona</strong></span> <span class='ocrx_word' id='word_1_219' title='bbox 1004 2371 1145 2455; x_wconf 90' lang='lat' dir='ltr'><strong>propria,</strong></span> <span class='ocrx_word' id='word_1_220' title='bbox 1170 2372 1227 2436; x_wconf 91' lang='lat' dir='ltr'><strong>sed</strong></span> <span class='ocrx_word' id='word_1_221' title='bbox 1244 2371 1352 2437; x_wconf 90' lang='lat' dir='ltr'><strong>omnia</strong></span> <span class='ocrx_word' id='word_1_222' title='bbox 1371 2371 1495 2439; x_wconf 87' lang='lat' dir='ltr'><strong>fuerint</strong></span> 
     </span>
     <span class='ocr_line' id='line_1_24' title="bbox 170 2459 1493 2536; baseline 0.002 -13"><span class='ocrx_word' id='word_1_223' title='bbox 170 2460 222 2524; x_wconf 88' lang='lat' dir='ltr'><strong>vel</strong></span> <span class='ocrx_word' id='word_1_224' title='bbox 252 2460 363 2526; x_wconf 87' lang='lat' dir='ltr'><strong>mariti</strong></span> <span class='ocrx_word' id='word_1_225' title='bbox 392 2460 445 2525; x_wconf 88' lang='lat' dir='ltr'><strong>vel</strong></span> <span class='ocrx_word' id='word_1_226' title='bbox 477 2460 675 2536; x_wconf 90' lang='lat' dir='ltr'><strong>communia,</strong></span> <span class='ocrx_word' id='word_1_227' title='bbox 707 2459 837 2524; x_wconf 87' lang='lat' dir='ltr'><strong>videtur</strong></span> <span class='ocrx_word' id='word_1_228' title='bbox 867 2459 967 2525; x_wconf 88' lang='lat' dir='ltr'><strong>etiarn</strong></span> <span class='ocrx_word' id='word_1_229' title='bbox 991 2460 1083 2525; x_wconf 82' lang='lat' dir='ltr'><strong>valor</strong></span> <span class='ocrx_word' id='word_1_230' title='bbox 1111 2481 1226 2525; x_wconf 89' lang='lat' dir='ltr'><strong>census</strong></span> <span class='ocrx_word' id='word_1_231' title='bbox 1248 2460 1335 2525; x_wconf 90' lang='lat' dir='ltr'><strong>illius</strong></span> <span class='ocrx_word' id='word_1_232' title='bbox 1359 2461 1493 2529; x_wconf 87' lang='lat' dir='ltr'><strong>vitalitii</strong></span> 
     </span>
     <span class='ocr_line' id='line_1_25' title="bbox 169 2548 1493 2633; baseline 0.002 -19"><span class='ocrx_word' id='word_1_233' title='bbox 169 2549 334 2633; x_wconf 88' lang='lat' dir='ltr'><strong>pertinere</strong></span> <span class='ocrx_word' id='word_1_234' title='bbox 357 2549 399 2615; x_wconf 92' lang='lat' dir='ltr'><strong>ad</strong></span> <span class='ocrx_word' id='word_1_235' title='bbox 429 2549 514 2614; x_wconf 90' lang='lat' dir='ltr'><strong>bona</strong></span> <span class='ocrx_word' id='word_1_236' title='bbox 538 2548 599 2614; x_wconf 91' lang='lat' dir='ltr'><strong>viri</strong></span> <span class='ocrx_word' id='word_1_237' title='bbox 623 2549 767 2615; x_wconf 84' lang='lat' dir='ltr'><strong>defuncti</strong></span> <span class='ocrx_word' id='word_1_238' title='bbox 791 2549 845 2613; x_wconf 90' lang='lat' dir='ltr'><strong>vel</strong></span> <span class='ocrx_word' id='word_1_239' title='bbox 868 2549 909 2614; x_wconf 92' lang='lat' dir='ltr'><strong>ad</strong></span> <span class='ocrx_word' id='word_1_240' title='bbox 933 2549 1018 2613; x_wconf 91' lang='lat' dir='ltr'><strong>bona</strong></span> <span class='ocrx_word' id='word_1_241' title='bbox 1041 2549 1238 2614; x_wconf 91' lang='lat' dir='ltr'><strong>communia:</strong></span> <span class='ocrx_word' id='word_1_242' title='bbox 1270 2549 1355 2631; x_wconf 91' lang='lat' dir='ltr'><strong>quod</strong></span> <span class='ocrx_word' id='word_1_243' title='bbox 1380 2551 1407 2614; x_wconf 87' lang='lat' dir='ltr'><strong>si</strong></span> <span class='ocrx_word' id='word_1_244' title='bbox 1433 2557 1493 2628; x_wconf 90' lang='lat' dir='ltr'><strong>est,</strong></span> 
     </span>
     <span class='ocr_line' id='line_1_26' title="bbox 169 2637 1199 2722; baseline 0.001 -20"><span class='ocrx_word' id='word_1_245' title='bbox 169 2639 225 2704; x_wconf 92' lang='grc'><strong>1116</strong></span> <span class='ocrx_word' id='word_1_246' title='bbox 248 2638 406 2722; x_wconf 86' lang='lat' dir='ltr'><strong>imprimis</strong></span> <span class='ocrx_word' id='word_1_247' title='bbox 429 2637 663 2721; x_wconf 88' lang='lat' dir='ltr'><strong>impendendus</strong></span> <span class='ocrx_word' id='word_1_248' title='bbox 687 2641 737 2703; x_wconf 89' lang='lat' dir='ltr'><strong>est</strong></span> <span class='ocrx_word' id='word_1_249' title='bbox 761 2638 793 2702; x_wconf 93' lang='lat' dir='ltr'><strong>in</strong></span> <span class='ocrx_word' id='word_1_250' title='bbox 818 2637 929 2704; x_wconf 87' lang='lat' dir='ltr'><strong>debita</strong></span> <span class='ocrx_word' id='word_1_251' title='bbox 952 2637 1199 2718; x_wconf 83' lang='lat' dir='ltr'><strong>exstinguenda.</strong></span> 
     </span>
    </p>

    <p class='ocr_par' dir='ltr' id='par_1_8' title="bbox 169 2726 1493 2899">
     <span class='ocr_line' id='line_1_27' title="bbox 259 2726 1493 2809; baseline 0.001 -17"><span class='ocrx_word' id='word_1_252' title='bbox 259 2728 371 2793; x_wconf 87' lang='lat' dir='ltr'><strong>Mitior</strong></span> <span class='ocrx_word' id='word_1_253' title='bbox 394 2732 504 2793; x_wconf 90' lang='lat' dir='ltr'><strong>tamen</strong></span> <span class='ocrx_word' id='word_1_254' title='bbox 529 2726 728 2809; x_wconf 86' lang='lat' dir='ltr'><strong>quaestionis</strong></span> <span class='ocrx_word' id='word_1_255' title='bbox 752 2726 870 2791; x_wconf 90' lang='lat' dir='ltr'><strong>solutio</strong></span> <span class='ocrx_word' id='word_1_256' title='bbox 887 2748 950 2790; x_wconf 94' lang='lat' dir='ltr'><strong>non</strong></span> <span class='ocrx_word' id='word_1_257' title='bbox 968 2727 1098 2791; x_wconf 89' lang='lat' dir='ltr'><strong>videtur</strong></span> <span class='ocrx_word' id='word_1_258' title='bbox 1113 2726 1262 2791; x_wconf 91' lang='lat' dir='ltr'><strong>absolute</strong></span> <span class='ocrx_word' id='word_1_259' title='bbox 1278 2727 1493 2803; x_wconf 83' lang='lat' dir='ltr'><strong>excludenda,</strong></span> 
     </span>
     <span class='ocr_line' id='line_1_28' title="bbox 169 2814 1493 2899; baseline 0.002 -19"><span class='ocrx_word' id='word_1_260' title='bbox 169 2816 227 2881; x_wconf 89' lang='lat' dir='ltr'><strong>sed</strong></span> <span class='ocrx_word' id='word_1_261' title='bbox 251 2817 285 2881; x_wconf 92' lang='lat' dir='ltr'><strong>in</strong></span> <span class='ocrx_word' id='word_1_262' title='bbox 307 2817 455 2881; x_wconf 85' lang='lat' dir='ltr'><strong>favorem</strong></span> <span class='ocrx_word' id='word_1_263' title='bbox 478 2815 639 2880; x_wconf 88' lang='lat' dir='ltr'><strong>Melaniae</strong></span> <span class='ocrx_word' id='word_1_264' title='bbox 663 2814 928 2881; x_wconf 88' lang='lat' dir='ltr'><strong>circumstantiae</strong></span> <span class='ocrx_word' id='word_1_265' title='bbox 952 2816 1137 2881; x_wconf 87' lang='lat' dir='ltr'><strong>accuratius</strong></span> <span class='ocrx_word' id='word_1_266' title='bbox 1160 2814 1382 2899; x_wconf 87' lang='lat' dir='ltr'><strong>inspiciendae</strong></span> <span class='ocrx_word' id='word_1_267' title='bbox 1407 2824 1493 2883; x_wconf 93' lang='lat' dir='ltr'><strong>sunt.</strong></span> 
     </span>
    </p>

    <p class='ocr_par' dir='ltr' id='par_1_9' title="bbox 170 2904 1496 4144">
     <span class='ocr_line' id='line_1_29' title="bbox 261 2904 1494 2986; baseline 0 -15"><span class='ocrx_word' id='word_1_268' title='bbox 261 2906 294 2971; x_wconf 87' lang='lat' dir='ltr'><strong>Si</strong></span> <span class='ocrx_word' id='word_1_269' title='bbox 324 2925 428 2986; x_wconf 90' lang='lat' dir='ltr'><strong>neque</strong></span> <span class='ocrx_word' id='word_1_270' title='bbox 458 2905 595 2970; x_wconf 89' lang='lat' dir='ltr'><strong>maritus</strong></span> <span class='ocrx_word' id='word_1_271' title='bbox 624 2904 679 2967; x_wconf 90' lang='lat' dir='ltr'><strong>ille</strong></span> <span class='ocrx_word' id='word_1_272' title='bbox 708 2925 794 2968; x_wconf 91' lang='lat' dir='ltr'><strong>nunc</strong></span> <span class='ocrx_word' id='word_1_273' title='bbox 818 2905 991 2970; x_wconf 82' lang='lat' dir='ltr'><strong>defunctus</strong></span> <span class='ocrx_word' id='word_1_274' title='bbox 1018 2926 1121 2986; x_wconf 92' lang='lat' dir='ltr'><strong>neque</strong></span> <span class='ocrx_word' id='word_1_275' title='bbox 1145 2904 1322 2970; x_wconf 88' lang='lat' dir='ltr'><strong>creditores</strong></span> <span class='ocrx_word' id='word_1_276' title='bbox 1344 2905 1393 2970; x_wconf 92' lang='lat' dir='ltr'><strong>illi</strong></span> <span class='ocrx_word' id='word_1_277' title='bbox 1418 2927 1494 2971; x_wconf 90' lang='lat' dir='ltr'><strong>cau·</strong></span> 
     </span>
     <span class='ocr_line' id='line_1_30' title="bbox 170 2993 1495 3078; baseline 0.001 -19"><span class='ocrx_word' id='word_1_278' title='bbox 170 3016 272 3078; x_wconf 87' lang='lat' dir='ltr'><strong>pones</strong></span> <span class='ocrx_word' id='word_1_279' title='bbox 302 2994 478 3077; x_wconf 92' lang='lat' dir='ltr'><strong>quidquam</strong></span> <span class='ocrx_word' id='word_1_280' title='bbox 507 2993 651 3058; x_wconf 88' lang='lat' dir='ltr'><strong>scierunt</strong></span> <span class='ocrx_word' id='word_1_281' title='bbox 675 2993 715 3058; x_wconf 92' lang='lat' dir='ltr'><strong>de</strong></span> <span class='ocrx_word' id='word_1_282' title='bbox 745 3014 871 3058; x_wconf 91' lang='lat' dir='ltr'><strong>summa</strong></span> <span class='ocrx_word' id='word_1_283' title='bbox 895 3014 915 3058; x_wconf 91' lang='lat' dir='ltr'><strong>a</strong></span> <span class='ocrx_word' id='word_1_284' title='bbox 938 2993 1079 3057; x_wconf 90' lang='lat' dir='ltr'><strong>Melania</strong></span> <span class='ocrx_word' id='word_1_285' title='bbox 1110 2993 1263 3071; x_wconf 88' lang='lat' dir='ltr'><strong>collecta,</strong></span> <span class='ocrx_word' id='word_1_286' title='bbox 1295 2997 1329 3058; x_wconf 88' lang='lat' dir='ltr'><strong>et</strong></span> <span class='ocrx_word' id='word_1_287' title='bbox 1356 2995 1495 3061; x_wconf 87' lang='lat' dir='ltr'><strong>maritus</strong></span> 
     </span>
     <span class='ocr_line' id='line_1_31' title="bbox 170 3082 1496 3164; baseline 0.002 -17"><span class='ocrx_word' id='word_1_288' title='bbox 170 3084 276 3149; x_wconf 83' lang='lat' dir='ltr'><strong>levius</strong></span> <span class='ocrx_word' id='word_1_289' title='bbox 299 3083 477 3158; x_wconf 82' lang='lat' dir='ltr'><strong>contraxit,</strong></span> <span class='ocrx_word' id='word_1_290' title='bbox 502 3102 665 3164; x_wconf 85' lang='lat' dir='ltr'><strong>caupones</strong></span> <span class='ocrx_word' id='word_1_291' title='bbox 689 3082 889 3147; x_wconf 90' lang='lat' dir='ltr'><strong>admiserunt</strong></span> <span class='ocrx_word' id='word_1_292' title='bbox 913 3082 1023 3148; x_wconf 89' lang='lat' dir='ltr'><strong>debita</strong></span> <span class='ocrx_word' id='word_1_293' title='bbox 1045 3082 1118 3156; x_wconf 91' lang='lat' dir='ltr'><strong>illa,</strong></span> <span class='ocrx_word' id='word_1_294' title='bbox 1143 3082 1258 3163; x_wconf 91' lang='lat' dir='ltr'><strong>quibus</strong></span> <span class='ocrx_word' id='word_1_295' title='bbox 1282 3084 1496 3164; x_wconf 86' lang='lat' dir='ltr'><strong>probabiliter</strong></span> 
     </span>
     <span class='ocr_line' id='line_1_32' title="bbox 170 3171 1495 3255; baseline 0 -17"><span class='ocrx_word' id='word_1_296' title='bbox 170 3174 308 3238; x_wconf 89' lang='lat' dir='ltr'><strong>maritus</strong></span> <span class='ocrx_word' id='word_1_297' title='bbox 340 3173 445 3255; x_wconf 88' lang='lat' dir='ltr'><strong>impar</strong></span> <span class='ocrx_word' id='word_1_298' title='bbox 477 3192 635 3236; x_wconf 88' lang='lat' dir='ltr'><strong>evasurus</strong></span> <span class='ocrx_word' id='word_1_299' title='bbox 667 3174 754 3235; x_wconf 86' lang='lat' dir='ltr'><strong>esset</strong></span> <span class='ocrx_word' id='word_1_300' title='bbox 784 3171 957 3236; x_wconf 84' lang='lat' dir='ltr'><strong>solvendis.</strong></span> <span class='ocrx_word' id='word_1_301' title='bbox 1011 3171 1062 3235; x_wconf 89' lang='lat' dir='ltr'><strong>llli</strong></span> <span class='ocrx_word' id='word_1_302' title='bbox 1094 3171 1195 3253; x_wconf 87' lang='lat' dir='ltr'><strong>igitur</strong></span> <span class='ocrx_word' id='word_1_303' title='bbox 1230 3171 1291 3235; x_wconf 85' lang='lat' dir='ltr'><strong>sibi</strong></span> <span class='ocrx_word' id='word_1_304' title='bbox 1328 3172 1495 3238; x_wconf 89' lang='lat' dir='ltr'><strong>ascribant</strong></span> 
     </span>
     <span class='ocr_line' id='line_1_33' title="bbox 171 3259 1492 3343; baseline 0.003 -18"><span class='ocrx_word' id='word_1_305' title='bbox 171 3262 333 3327; x_wconf 90' lang='lat' dir='ltr'><strong>damnum.</strong></span> <span class='ocrx_word' id='word_1_306' title='bbox 374 3262 576 3343; x_wconf 86' lang='lat' dir='ltr'><strong>Quamquam</strong></span> <span class='ocrx_word' id='word_1_307' title='bbox 601 3265 710 3325; x_wconf 90' lang='lat' dir='ltr'><strong>autem</strong></span> <span class='ocrx_word' id='word_1_308' title='bbox 733 3259 814 3324; x_wconf 87' lang='lat' dir='ltr'><strong>haec</strong></span> <span class='ocrx_word' id='word_1_309' title='bbox 837 3262 907 3325; x_wconf 92' lang='lat' dir='ltr'><strong>sola</strong></span> <span class='ocrx_word' id='word_1_310' title='bbox 932 3261 1146 3325; x_wconf 88' lang='lat' dir='ltr'><strong>consideratio</strong></span> <span class='ocrx_word' id='word_1_311' title='bbox 1170 3280 1237 3323; x_wconf 90' lang='lat' dir='ltr'><strong>rem</strong></span> <span class='ocrx_word' id='word_1_312' title='bbox 1263 3280 1327 3324; x_wconf 93' lang='lat' dir='ltr'><strong>non</strong></span> <span class='ocrx_word' id='word_1_313' title='bbox 1351 3262 1492 3331; x_wconf 81' lang='lat' dir='ltr'><strong>evincat.</strong></span> 
     </span>
     <span class='ocr_line' id='line_1_34' title="bbox 171 3348 1491 3433; baseline 0.002 -19"><span class='ocrx_word' id='word_1_314' title='bbox 171 3351 274 3416; x_wconf 90' lang='lat' dir='ltr'><strong>videri</strong></span> <span class='ocrx_word' id='word_1_315' title='bbox 292 3352 397 3426; x_wconf 89' lang='lat' dir='ltr'><strong>debet,</strong></span> <span class='ocrx_word' id='word_1_316' title='bbox 415 3371 490 3414; x_wconf 92' lang='lat' dir='ltr'><strong>num</strong></span> <span class='ocrx_word' id='word_1_317' title='bbox 507 3348 749 3433; x_wconf 85' lang='grc'><strong>1111011101116111</strong></span> <span class='ocrx_word' id='word_1_318' title='bbox 765 3350 806 3413; x_wconf 92' lang='lat' dir='ltr'><strong>ab</strong></span> <span class='ocrx_word' id='word_1_319' title='bbox 823 3349 914 3415; x_wconf 92' lang='lat' dir='ltr'><strong>initio</strong></span> <span class='ocrx_word' id='word_1_320' title='bbox 931 3349 1128 3414; x_wconf 89' lang='lat' dir='ltr'><strong>matrimonii</strong></span> <span class='ocrx_word' id='word_1_321' title='bbox 1148 3353 1413 3430; x_wconf 84' lang='lat' dir='ltr'><strong>,acquaestunr“,</strong></span> <span class='ocrx_word' id='word_1_322' title='bbox 1432 3351 1450 3416; x_wconf 94' lang='lat' dir='ltr'><strong>i.</strong></span> <span class='ocrx_word' id='word_1_323' title='bbox 1465 3373 1491 3416; x_wconf 91' lang='lat' dir='ltr'><strong>e.</strong></span> 
     </span>
     <span class='ocr_line' id='line_1_35' title="bbox 171 3438 1493 3521; baseline 0.001 -18"><span class='ocrx_word' id='word_1_324' title='bbox 171 3461 210 3504; x_wconf 91' lang='lat' dir='ltr'><strong>ea</strong></span> <span class='ocrx_word' id='word_1_325' title='bbox 235 3461 318 3521; x_wconf 87' lang='lat' dir='ltr'><strong>quae</strong></span> <span class='ocrx_word' id='word_1_326' title='bbox 339 3443 448 3505; x_wconf 89' lang='lat' dir='ltr'><strong>stante</strong></span> <span class='ocrx_word' id='word_1_327' title='bbox 472 3439 678 3503; x_wconf 91' lang='lat' dir='ltr'><strong>matrimonio</strong></span> <span class='ocrx_word' id='word_1_328' title='bbox 702 3439 962 3520; x_wconf 87' lang='lat' dir='ltr'><strong>acquirebantur,</strong></span> <span class='ocrx_word' id='word_1_329' title='bbox 986 3459 1044 3521; x_wconf 92' lang='lat' dir='ltr'><strong>pro</strong></span> <span class='ocrx_word' id='word_1_330' title='bbox 1070 3438 1161 3501; x_wconf 90' lang='lat' dir='ltr'><strong>bonis</strong></span> <span class='ocrx_word' id='word_1_331' title='bbox 1177 3438 1400 3503; x_wconf 85' lang='lat' dir='ltr'><strong>communibus</strong></span> <span class='ocrx_word' id='word_1_332' title='bbox 1417 3461 1493 3504; x_wconf 92' lang='lat' dir='ltr'><strong>con·</strong></span> 
     </span>
     <span class='ocr_line' id='line_1_36' title="bbox 171 3527 1492 3610; baseline 0.001 -18"><span class='ocrx_word' id='word_1_333' title='bbox 171 3529 326 3594; x_wconf 89' lang='lat' dir='ltr'><strong>siderare.</strong></span> <span class='ocrx_word' id='word_1_334' title='bbox 370 3528 459 3603; x_wconf 87' lang='lat' dir='ltr'><strong>Quod</strong></span> <span class='ocrx_word' id='word_1_335' title='bbox 483 3529 510 3591; x_wconf 92' lang='lat' dir='ltr'><strong>si</strong></span> <span class='ocrx_word' id='word_1_336' title='bbox 534 3529 581 3594; x_wconf 89' lang='lat' dir='ltr'><strong>ita</strong></span> <span class='ocrx_word' id='word_1_337' title='bbox 604 3531 665 3604; x_wconf 89' lang='lat' dir='ltr'><strong>est,</strong></span> <span class='ocrx_word' id='word_1_338' title='bbox 691 3531 725 3592; x_wconf 92' lang='lat' dir='ltr'><strong>et</strong></span> <span class='ocrx_word' id='word_1_339' title='bbox 747 3527 893 3602; x_wconf 91' lang='lat' dir='ltr'><strong>maritus,</strong></span> <span class='ocrx_word' id='word_1_340' title='bbox 918 3532 1091 3610; x_wconf 90' lang='lat' dir='ltr'><strong>postquam</strong></span> <span class='ocrx_word' id='word_1_341' title='bbox 1111 3527 1339 3608; x_wconf 87' lang='lat' dir='ltr'><strong>acquisiverat,</strong></span> <span class='ocrx_word' id='word_1_342' title='bbox 1364 3527 1492 3593; x_wconf 91' lang='lat' dir='ltr'><strong>demum</strong></span> 
     </span>
     <span class='ocr_line' id='line_1_37' title="bbox 172 3616 1492 3699; baseline 0.001 -19"><span class='ocrx_word' id='word_1_343' title='bbox 172 3618 204 3680; x_wconf 94' lang='lat' dir='ltr'><strong>in</strong></span> <span class='ocrx_word' id='word_1_344' title='bbox 235 3617 498 3699; x_wconf 86' lang='lat' dir='ltr'><strong>prodigalitatem</strong></span> <span class='ocrx_word' id='word_1_345' title='bbox 529 3616 700 3699; x_wconf 89' lang='lat' dir='ltr'><strong>prolapsus</strong></span> <span class='ocrx_word' id='word_1_346' title='bbox 724 3616 831 3681; x_wconf 91' lang='lat' dir='ltr'><strong>omnia</strong></span> <span class='ocrx_word' id='word_1_347' title='bbox 856 3616 1041 3699; x_wconf 88' lang='lat' dir='ltr'><strong>dissipavit:</strong></span> <span class='ocrx_word' id='word_1_348' title='bbox 1074 3637 1156 3680; x_wconf 84' lang='lat' dir='ltr'><strong>uxor</strong></span> <span class='ocrx_word' id='word_1_349' title='bbox 1179 3616 1308 3699; x_wconf 88' lang='lat' dir='ltr'><strong>proprio</strong></span> <span class='ocrx_word' id='word_1_350' title='bbox 1332 3623 1439 3683; x_wconf 90' lang='lat' dir='ltr'><strong>marte</strong></span> <span class='ocrx_word' id='word_1_351' title='bbox 1462 3618 1492 3682; x_wconf 91' lang='lat' dir='ltr'><strong>id</strong></span> 
     </span>
     <span class='ocr_line' id='line_1_38' title="bbox 172 3702 1493 3788; baseline 0.002 -19"><span class='ocrx_word' id='word_1_352' title='bbox 172 3710 329 3770; x_wconf 80' lang='lat' dir='ltr'><strong>exsecuta</strong></span> <span class='ocrx_word' id='word_1_353' title='bbox 353 3711 419 3781; x_wconf 93' lang='lat' dir='ltr'><strong>est,</strong></span> <span class='ocrx_word' id='word_1_354' title='bbox 451 3707 536 3786; x_wconf 92' lang='lat' dir='ltr'><strong>quod</strong></span> <span class='ocrx_word' id='word_1_355' title='bbox 560 3727 579 3769; x_wconf 91' lang='lat' dir='ltr'><strong>a</strong></span> <span class='ocrx_word' id='word_1_356' title='bbox 603 3706 721 3770; x_wconf 92' lang='lat' dir='ltr'><strong>marito</strong></span> <span class='ocrx_word' id='word_1_357' title='bbox 751 3705 918 3787; x_wconf 89' lang='lat' dir='ltr'><strong>postulare</strong></span> <span class='ocrx_word' id='word_1_358' title='bbox 947 3709 1093 3788; x_wconf 84' lang='lat' dir='ltr'><strong>poterat,</strong></span> <span class='ocrx_word' id='word_1_359' title='bbox 1126 3711 1161 3770; x_wconf 93' lang='lat' dir='ltr'><strong>ut</strong></span> <span class='ocrx_word' id='word_1_360' title='bbox 1185 3702 1244 3770; x_wconf 85' lang='lat' dir='ltr'><strong>sibi</strong></span> <span class='ocrx_word' id='word_1_361' title='bbox 1269 3707 1385 3787; x_wconf 82' lang='lat' dir='ltr'><strong>quavis</strong></span> <span class='ocrx_word' id='word_1_362' title='bbox 1416 3707 1493 3771; x_wconf 91' lang='lat' dir='ltr'><strong>heb·</strong></span> 
     </span>
     <span class='ocr_line' id='line_1_39' title="bbox 172 3794 1492 3877; baseline 0.002 -19"><span class='ocrx_word' id='word_1_363' title='bbox 172 3794 311 3859; x_wconf 88' lang='lat' dir='ltr'><strong>domada</strong></span> <span class='ocrx_word' id='word_1_364' title='bbox 327 3795 379 3858; x_wconf 92' lang='lat' dir='ltr'><strong>vel</strong></span> <span class='ocrx_word' id='word_1_365' title='bbox 396 3795 510 3875; x_wconf 88' lang='lat' dir='ltr'><strong>quovis</strong></span> <span class='ocrx_word' id='word_1_366' title='bbox 526 3816 637 3859; x_wconf 88' lang='lat' dir='ltr'><strong>mense</strong></span> <span class='ocrx_word' id='word_1_367' title='bbox 654 3795 788 3858; x_wconf 90' lang='lat' dir='ltr'><strong>daretur</strong></span> <span class='ocrx_word' id='word_1_368' title='bbox 803 3799 893 3859; x_wconf 89' lang='lat' dir='ltr'><strong>certa</strong></span> <span class='ocrx_word' id='word_1_369' title='bbox 909 3815 1044 3871; x_wconf 91' lang='lat' dir='ltr'><strong>summa,</strong></span> <span class='ocrx_word' id='word_1_370' title='bbox 1065 3795 1182 3859; x_wconf 88' lang='lat' dir='ltr'><strong>marito</strong></span> <span class='ocrx_word' id='word_1_371' title='bbox 1199 3795 1295 3877; x_wconf 89' lang='lat' dir='ltr'><strong>plane</strong></span> <span class='ocrx_word' id='word_1_372' title='bbox 1311 3795 1492 3869; x_wconf 80' lang='lat' dir='ltr'><strong>subtracta.</strong></span> 
     </span>
     <span class='ocr_line' id='line_1_40' title="bbox 173 3883 1493 3966; baseline 0.003 -20"><span class='ocrx_word' id='word_1_373' title='bbox 173 3905 230 3965; x_wconf 92' lang='lat' dir='ltr'><strong>pro</strong></span> <span class='ocrx_word' id='word_1_374' title='bbox 262 3904 339 3947; x_wconf 89' lang='lat' dir='ltr'><strong>cura</strong></span> <span class='ocrx_word' id='word_1_375' title='bbox 369 3884 418 3947; x_wconf 90' lang='lat' dir='ltr'><strong>sui</strong></span> <span class='ocrx_word' id='word_1_376' title='bbox 446 3887 479 3948; x_wconf 91' lang='lat' dir='ltr'><strong>et</strong></span> <span class='ocrx_word' id='word_1_377' title='bbox 509 3884 661 3949; x_wconf 87' lang='lat' dir='ltr'><strong>familiae.</strong></span> <span class='ocrx_word' id='word_1_378' title='bbox 709 3883 797 3959; x_wconf 88' lang='lat' dir='ltr'><strong>Quae</strong></span> <span class='ocrx_word' id='word_1_379' title='bbox 821 3883 949 3966; x_wconf 89' lang='lat' dir='ltr'><strong>parcius</strong></span> <span class='ocrx_word' id='word_1_380' title='bbox 973 3884 1112 3947; x_wconf 83' lang='lat' dir='ltr'><strong>vivendo</strong></span> <span class='ocrx_word' id='word_1_381' title='bbox 1137 3884 1297 3966; x_wconf 87' lang='lat' dir='ltr'><strong>seposuit,</strong></span> <span class='ocrx_word' id='word_1_382' title='bbox 1329 3885 1410 3950; x_wconf 92' lang='lat' dir='ltr'><strong>haec</strong></span> <span class='ocrx_word' id='word_1_383' title='bbox 1435 3909 1493 3950; x_wconf 83' lang='lat' dir='ltr'><strong>soc</strong></span> 
     </span>
     <span class='ocr_line' id='line_1_41' title="bbox 172 3972 1493 4055; baseline 0.002 -19"><span class='ocrx_word' id='word_1_384' title='bbox 172 3972 250 4036; x_wconf 88' lang='lat' dir='ltr'><strong>fecit</strong></span> <span class='ocrx_word' id='word_1_385' title='bbox 274 3993 377 4053; x_wconf 90' lang='lat' dir='ltr'><strong>neque</strong></span> <span class='ocrx_word' id='word_1_386' title='bbox 401 3973 546 4053; x_wconf 90' lang='lat' dir='ltr'><strong>obligata</strong></span> <span class='ocrx_word' id='word_1_387' title='bbox 570 3978 651 4048; x_wconf 86' lang='lat' dir='ltr'><strong>erat,</strong></span> <span class='ocrx_word' id='word_1_388' title='bbox 677 3978 713 4037; x_wconf 92' lang='lat' dir='ltr'><strong>ut</strong></span> <span class='ocrx_word' id='word_1_389' title='bbox 736 3994 775 4036; x_wconf 90' lang='lat' dir='ltr'><strong>ea</strong></span> <span class='ocrx_word' id='word_1_390' title='bbox 799 3973 997 4052; x_wconf 83' lang='lat' dir='ltr'><strong>relinqueret</strong></span> <span class='ocrx_word' id='word_1_391' title='bbox 1021 3972 1212 4037; x_wconf 91' lang='lat' dir='ltr'><strong>communia.</strong></span> <span class='ocrx_word' id='word_1_392' title='bbox 1246 3973 1298 4037; x_wconf 86' lang='lat' dir='ltr'><strong>Sic</strong></span> <span class='ocrx_word' id='word_1_393' title='bbox 1314 3972 1416 4055; x_wconf 89' lang='lat' dir='ltr'><strong>igitur</strong></span> <span class='ocrx_word' id='word_1_394' title='bbox 1437 3976 1493 4040; x_wconf 90' lang='lat' dir='ltr'><strong>ab·</strong></span> 
     </span>
     <span class='ocr_line' id='line_1_42' title="bbox 171 4060 1074 4144; baseline 0 -18"><span class='ocrx_word' id='word_1_395' title='bbox 171 4060 256 4126; x_wconf 84' lang='lat' dir='ltr'><strong>solvi</strong></span> <span class='ocrx_word' id='word_1_396' title='bbox 279 4065 388 4144; x_wconf 89' lang='lat' dir='ltr'><strong>potest</strong></span> <span class='ocrx_word' id='word_1_397' title='bbox 412 4062 452 4126; x_wconf 91' lang='lat' dir='ltr'><strong>ab</strong></span> <span class='ocrx_word' id='word_1_398' title='bbox 477 4062 675 4143; x_wconf 88' lang='lat' dir='ltr'><strong>obligatione</strong></span> <span class='ocrx_word' id='word_1_399' title='bbox 699 4060 846 4125; x_wconf 85' lang='lat' dir='ltr'><strong>solvendi</strong></span> <span class='ocrx_word' id='word_1_400' title='bbox 870 4061 978 4125; x_wconf 88' lang='lat' dir='ltr'><strong>debita</strong></span> <span class='ocrx_word' id='word_1_401' title='bbox 1003 4061 1074 4126; x_wconf 89' lang='lat' dir='ltr'><strong>viri.</strong></span> 
     </span>
    </p>
   </div>
   <div class='ocr_carea' id='block_1_7' title="bbox 613 4278 1050 4344">
    <p class='ocr_par' dir='ltr' id='par_1_10' title="bbox 613 4278 1050 4344">
     <span class='ocr_line' id='line_1_43' title="bbox 613 4278 1050 4344; baseline 0.005 -2"><span class='ocrx_word' id='word_1_402' title='bbox 613 4278 732 4343; x_wconf 79' lang='lat' dir='ltr'>BONA</span> <span class='ocrx_word' id='word_1_403' title='bbox 764 4278 1050 4344; x_wconf 77' lang='lat' dir='ltr'><strong>CLERICORUM.</strong></span> 
     </span>
    </p>
   </div>
   <div class='ocr_carea' id='block_1_8' title="bbox 727 4424 940 4498">
    <p class='ocr_par' dir='ltr' id='par_1_11' title="bbox 727 4424 940 4498">
     <span class='ocr_line' id='line_1_44' title="bbox 727 4424 940 4498; baseline -0.028 -9"><span class='ocrx_word' id='word_1_404' title='bbox 727 4424 837 4490; x_wconf 79' lang='lat' dir='ltr'><strong>Casus.</strong></span> <span class='ocrx_word' id='word_1_405' title='bbox 865 4433 940 4498; x_wconf 79' lang='grc'><strong>1111)</strong></span> 
     </span>
    </p>
   </div>
   <div class='ocr_carea' id='block_1_9' title="bbox 174 4556 1493 4716">
    <p class='ocr_par' dir='ltr' id='par_1_12' title="bbox 174 4556 1493 4716">
     <span class='ocr_line' id='line_1_45' title="bbox 263 4556 1493 4632; baseline 0.003 -17"><span class='ocrx_word' id='word_1_406' title='bbox 263 4556 397 4615; x_wconf 83' lang='lat' dir='ltr'><strong>Celerino</strong></span> <span class='ocrx_word' id='word_1_407' title='bbox 426 4558 553 4632; x_wconf 85' lang='lat' dir='ltr'><strong>parocho</strong></span> <span class='ocrx_word' id='word_1_408' title='bbox 582 4557 645 4615; x_wconf 86' lang='lat' dir='ltr'><strong>sine</strong></span> <span class='ocrx_word' id='word_1_409' title='bbox 669 4563 846 4615; x_wconf 85' lang='lat' dir='ltr'><strong>testamento</strong></span> <span class='ocrx_word' id='word_1_410' title='bbox 870 4557 1007 4616; x_wconf 86' lang='lat' dir='ltr'><strong>defuncto</strong></span> <span class='ocrx_word' id='word_1_411' title='bbox 1036 4559 1158 4616; x_wconf 86' lang='lat' dir='ltr'><strong>heredes</strong></span> <span class='ocrx_word' id='word_1_412' title='bbox 1189 4559 1301 4632; x_wconf 84' lang='lat' dir='ltr'><strong>legales</strong></span> <span class='ocrx_word' id='word_1_413' title='bbox 1332 4562 1396 4621; x_wconf 87' lang='lat' dir='ltr'><strong>eius</strong></span> <span class='ocrx_word' id='word_1_414' title='bbox 1418 4565 1493 4620; x_wconf 92' lang='lat' dir='ltr'><strong>bona</strong></span> 
     </span>
     <span class='ocr_line' id='line_1_46' title="bbox 174 4636 1493 4716; baseline 0.006 -23"><span class='ocrx_word' id='word_1_415' title='bbox 174 4636 291 4695; x_wconf 87' lang='lat' dir='ltr'><strong>residua</strong></span> <span class='ocrx_word' id='word_1_416' title='bbox 313 4637 476 4713; x_wconf 86' lang='lat' dir='ltr'><strong>accipiunt;</strong></span> <span class='ocrx_word' id='word_1_417' title='bbox 506 4637 640 4696; x_wconf 90' lang='lat' dir='ltr'><strong>similiter</strong></span> <span class='ocrx_word' id='word_1_418' title='bbox 662 4638 823 4712; x_wconf 85' lang='lat' dir='ltr'><strong>Raymundi</strong></span> <span class='ocrx_word' id='word_1_419' title='bbox 847 4639 980 4696; x_wconf 88' lang='lat' dir='ltr'><strong>canonici</strong></span> <span class='ocrx_word' id='word_1_420' title='bbox 1010 4642 1086 4697; x_wconf 90' lang='lat' dir='ltr'><strong>bona</strong></span> <span class='ocrx_word' id='word_1_421' title='bbox 1108 4640 1217 4715; x_wconf 89' lang='lat' dir='ltr'><strong>accipit</strong></span> <span class='ocrx_word' id='word_1_422' title='bbox 1238 4659 1330 4716; x_wconf 87' lang='lat' dir='ltr'><strong>nepos</strong></span> <span class='ocrx_word' id='word_1_423' title='bbox 1352 4643 1383 4700; x_wconf 90' lang='lat' dir='ltr'><strong>iu</strong></span> <span class='ocrx_word' id='word_1_424' title='bbox 1406 4649 1493 4701; x_wconf 85' lang='lat' dir='ltr'><strong>testa·</strong></span> 
     </span>
    </p>
   </div>
   <div class='ocr_carea' id='block_1_10' title="bbox 0 0 1564 5168">
    <p class='ocr_par' dir='ltr' id='par_1_13' title="bbox 0 0 1564 5168">
     <span class='ocr_line' id='line_1_47' title="bbox 0 0 1564 5168; baseline 0 0"><span class='ocrx_word' id='word_1_425' title='bbox 0 0 1564 5168; x_wconf 95' lang='lat' dir='ltr'><strong> </strong></span> 
     </span>
    </p>
   </div>
  </div>
 </body>
</html>
