3106 5168
254 274 407 329 Translatio
425 275 476 329 iur.
495 292 521 344 p.
541 278 704 330 contractus.
724 305 759 313 -
778 275 869 329 Contr.
889 278 1014 330 obiectum
1033 285 1056 330 et
1070 282 1198 345 pretium.
1322 284 1386 347 399

153 451 249 518 Unde
264 451 397 528 deduco,
421 451 449 515 si
470 451 595 516 vicinus
618 451 672 516 ille
689 450 780 516 dives
803 451 845 516 ob
868 451 967 516 situm
990 452 1110 519 stabuli
1134 452 1195 517 sibi
1219 454 1314 519 valde
1337 455 1387 519 in·
1397 467 1447 520 791

61 541 152 623 grati
175 540 307 606 Alarico
337 539 510 606 obtulisset
539 540 697 624 pretium,
731 562 794 622 quo
824 540 876 605 hic
903 541 1035 607 cederet
1064 542 1134 607 iure
1161 563 1237 620 suo,
1269 549 1302 610 et
1331 543 1387 609 ille

61 630 301 714 pacisceretur,
332 629 418 695 infra
443 634 567 695 certam
592 629 782 695 distantiam
810 651 830 695 a
854 629 935 695 villa
961 630 1136 712 quidquam
1160 630 1265 696 simile
1293 654 1387 697 nunr-

62 741 161 802 quam
181 719 415 785 aedificandum
440 724 539 800 atque
562 718 693 784 stabula
708 739 792 800 quae
816 718 924 783 adsint
946 719 1176 784 transferenda
1193 741 1282 785 esse:
1306 722 1386 787 haec

61 830 190 873 summa
225 808 354 886 oblata,
391 808 453 873 etsi
488 807 570 874 satis
604 829 742 890 magna,
779 807 849 872 sine
883 806 1042 875 iniustitia
1077 808 1180 892 accipi
1214 810 1385 892 potuisset.

62 898 186 962 Verum
210 897 351 980 pretium
374 897 453 961 illud
477 897 617 962 debebat
640 896 828 962 notabiliter
852 896 988 962 haerere
1012 896 1098 962 iufra
1121 897 1262 981 pretium
1285 899 1386 982 ipsius

61 987 152 1069 agri,
183 1008 255 1051 cum
286 1007 350 1050 non
375 986 415 1050 de
445 986 516 1067 agri
547 985 687 1050 dominio
718 985 877 1063 cedendo,
910 986 968 1051 sed
999 985 1039 1050 de
1068 986 1295 1068 restringendo
1326 1010 1386 1053 usu

61 1075 134 1157 agri
158 1078 322 1157 ageretur.
362 1074 513 1157 Alioquin
537 1096 601 1139 non
618 1080 706 1141 esset
728 1074 868 1158 pretium
892 1079 1091 1150 contractus
1115 1075 1173 1140 sed
1189 1077 1307 1141 donum
1324 1077 1385 1142 viri

61 1164 185 1241 divitis,
209 1164 295 1246 quod
318 1163 457 1228 hicnon
480 1163 611 1228 videtur
633 1163 777 1230 voluisse
801 1164 930 1229 omnino
953 1164 1133 1230 liberaliter
1156 1165 1314 1231 conferre.

151 1289 190 1357 R.
216 1294 246 1356 3.
291 1290 442 1355 Alaricus
465 1290 573 1373 potuit
595 1289 628 1354 in
650 1289 740 1356 hisce
764 1289 1018 1356 circumstantiis
1041 1291 1182 1373 pretium
1206 1289 1278 1373 agri
1302 1293 1386 1356 clius

61 1402 221 1444 saluimum
243 1379 329 1445 iuste
353 1379 502 1461 exigere;
528 1379 626 1443 immo
650 1379 678 1443 si
701 1400 819 1444 revera
842 1400 884 1444 ex
907 1400 986 1444 suae
1009 1378 1224 1462 possessionis
1248 1379 1385 1444 diminu-

59 1468 152 1533 tione
175 1467 412 1533 incommodum
437 1469 566 1551 aliquod
590 1467 711 1545 sensit,
737 1468 837 1534 etiam
860 1489 919 1550 pro
942 1469 1003 1532 hoo
1027 1468 1230 1533 incommodo
1253 1469 1386 1552 insuper

60 1557 290 1622 rationabilem
314 1557 421 1640 potuit
444 1557 742 1640 compensationem
765 1558 923 1640 accipere.
966 1557 1029 1622 Sed
1052 1557 1193 1640 pretium
1221 1558 1385 1634 ,affectio-

59 1647 144 1723 nis“,
176 1646 261 1727 qnod
284 1646 424 1728 pretium
448 1648 496 1710 rei
526 1646 559 1710 in
583 1666 619 1710 se
642 1651 811 1730 spectatae
835 1645 1008 1711 arbitraris
1032 1646 1187 1724 excedat,
1218 1647 1385 1729 postulare

61 1755 135 1799 mea
159 1735 323 1800 sententia
346 1756 411 1800 non
434 1736 558 1818 potuit,
583 1733 645 1799 nisi
668 1755 705 1799 re
728 1735 800 1818 ipsa
824 1756 865 1799 ex
889 1739 980 1801 certa
1004 1735 1144 1816 quadam
1167 1735 1295 1802 ratione
1318 1736 1385 1801 sin-

60 1825 209 1904 gularem
234 1824 437 1889 affectionem
462 1825 504 1888 ad
527 1844 643 1906 agrum
667 1824 796 1902 habuit,
821 1845 852 1889 ν.
877 1845 909 1905 g.
934 1824 1020 1906 quod
1044 1824 1087 1890 sit
1111 1845 1163 1889 res
1185 1845 1245 1907 per
1267 1825 1384 1906 longas

60 1912 291 1993 generationes
321 1913 504 1979 hereditate
534 1919 687 1995 accepta,
719 1914 772 1978 vel
803 1912 907 1977 simile
938 1912 1069 1995 aliquid.
1116 1918 1274 1980 Attamen
1298 1914 1384 1978 eius·

60 2001 149 2066 modi
172 2001 378 2067 affectionem
402 2024 475 2066 eum
498 2002 651 2067 habuisse
675 2023 770 2067 casus
793 2023 857 2066 non
881 2003 986 2066 solum
1008 2022 1072 2066 non
1096 2001 1220 2080 innuit,
1253 2002 1311 2067 sed
1334 2003 1384 2068 in·

60 2089 133 2155 nuit
165 2090 273 2172 potius
303 2112 375 2156 earn
407 2112 472 2155 non
496 2090 641 2156 adfuisse
667 2091 725 2155 sed
749 2092 790 2156 ab
814 2089 945 2155 Alarico
968 2091 1169 2156 solummodo
1193 2111 1265 2156 esse
1287 2112 1384 2175 prae-

59 2183 199 2245 tensam.

149 2294 189 2360 R.
214 2297 244 2360 4.
291 2294 482 2359 Timendum
512 2293 612 2375 igitur
643 2299 708 2372 est,
740 2315 781 2358 ne
805 2293 956 2359 Alaricus
985 2315 1021 2358 re
1052 2314 1131 2358 vera
1162 2297 1296 2377 propter
1325 2315 1383 2359 ex·
1393 2306 1444 2360 792

60 2382 223 2447 cessivum
253 2384 393 2466 pretium
424 2383 616 2448 iniustitiam
647 2404 726 2465 erga
758 2382 892 2449 divitem
923 2383 1064 2448 vicinum
1095 2382 1301 2449 commiserit.
1349 2384 1383 2450 Si

59 2472 229 2536 consilium
247 2473 385 2554 quaerit,
409 2494 488 2537 sane
511 2471 712 2536 suadendum
729 2471 757 2536 ei
781 2475 841 2549 est,
866 2475 903 2536 ut
926 2472 1045 2538 saltem
1067 2472 1206 2537 mediam
1223 2493 1381 2538 summam

59 2566 229 2643 acceptam
257 2563 421 2627 restituat.
462 2562 544 2625 Esse
567 2565 677 2626 tumen
701 2561 872 2642 theologos
895 2561 949 2642 qui
973 2566 1090 2644 putent
1112 2561 1252 2645 pretium
1269 2563 1382 2645 augeri

59 2670 156 2733 posse
181 2671 244 2714 non
268 2655 403 2733 propter
427 2649 654 2715 necessitatem
679 2650 825 2732 quidem,
856 2650 913 2714 sed
944 2654 1078 2734 propter
1102 2650 1305 2716 affectionem
1329 2653 1381 2716 vel

59 2738 258 2820 singularem
295 2739 470 2805 utilitatem
506 2739 662 2822 emptoris
697 2760 738 2803 ex
771 2760 807 2803 re
839 2738 1070 2816 hauriendam,
1106 2760 1204 2822 supra
1239 2739 1272 2803 in
1305 2761 1382 2805 casu

59 2828 269 2911 praecedenti
298 2828 421 2894 notavi.
468 2827 559 2903 Quod
588 2827 667 2892 mihi
696 2828 825 2910 quidem
856 2849 919 2891 non
950 2829 1123 2912 probatur,
1157 2827 1218 2892 nisi
1248 2833 1382 2912 propter

59 2917 217 2981 eiusmodi
263 2917 438 2982 utilitatem
464 2917 592 2998 aliaque
616 2917 770 2983 adiuncta
799 2916 847 2981 rei
870 2917 964 2981 valor
987 2920 1143 2981 conrmuni
1166 2920 1383 2983 aestimatione

58 3006 217 3080 creverit;
249 3009 285 3071 at
314 3005 342 3070 si
365 3006 437 3087 quis
466 3010 560 3088 putet
589 3027 625 3070 se
648 3006 777 3070 illorum
800 3005 1024 3088 theologorum
1049 3004 1245 3070 auctoritate
1269 3006 1381 3070 nixum

58 3116 129 3159 rem
154 3094 255 3177 pluris
280 3094 421 3160 vendere
444 3116 550 3178 posse,
575 3095 644 3159 eius
668 3094 899 3159 conscientiam
924 3116 987 3158 non
1011 3093 1218 3177 perturbabo,
1259 3093 1382 3159 Verum

58 3184 128 3339 qtuit
138 3184 278 3339 pressium
303 3187 415 3269 nuperi
438 3183 558 3263 dicunt,
584 3184 723 3248 nondum
742 3184 815 3248 ilico
832 3183 972 3266 pretium
989 3182 1204 3265 quadruplum
1220 3203 1278 3264 pro
1294 3181 1381 3248 iusto

57 3295 74 3337 s
92 3294 112 3337 a
130 3294 193 3337 uun
213 3326 220 3339 .

149 3369 351 3436 Sententiam
384 3371 559 3435 secundum
591 3392 686 3452 quarn
720 3392 784 3434 non
816 3369 916 3435 liceat
947 3372 1082 3452 propter
1110 3367 1288 3433 utilitatem
1320 3369 1381 3433 soli

58 3460 198 3542 emptori
223 3460 380 3525 orituram
403 3460 542 3542 pretium
568 3481 699 3542 augere,
724 3464 815 3524 tenet
839 3459 870 3526 S.
888 3459 1020 3523 Thom.
1038 3458 1152 3539 Aqu,
1178 3459 1210 3524 S.
1228 3459 1270 3523 tb.
1297 3460 1327 3534 2,
1349 3460 1380 3534 2,

58 3570 90 3630 q.
117 3550 169 3624 77,
194 3570 223 3614 a.
252 3552 266 3612 1
294 3570 338 3622 c.;
364 3549 395 3614 S.
420 3549 536 3632 Alph.
562 3549 618 3626 ΙΙΙ,
645 3551 726 3624 806;
754 3547 952 3613 Palmieri
976 3547 1007 3611 in
1033 3547 1154 3623 Ball,
1181 3547 1267 3631 Opas
1290 3548 1380 3614 theol.

59 3660 137 3702 mor.
163 3642 186 3703 t.
205 3640 235 3713 8,
260 3659 290 3720 p.
309 3640 338 3716 3,
363 3660 394 3703 n.
412 3640 493 3708 395;
524 3637 770 3714 Bucceroni,
796 3639 873 3703 Inst.
898 3639 986 3702 theol.
1010 3658 1089 3701 auor.
1114 3635 1128 3699 Ι
1153 3636 1193 3701 de
1217 3638 1249 3700 7ο
1272 3657 1381 3719 praec.

57 3750 90 3792 n.
117 3728 202 3804 294,
222 3727 334 3791 Marc
357 3749 389 3792 n.
417 3730 511 3804 1130,
536 3727 573 3802 Q.
597 3731 645 3800 4⁰;
671 3725 862 3808 Aertnijs
885 3727 906 3791 l.
933 3728 962 3803 3,
987 3747 1018 3790 n.
1043 3726 1118 3790 474.

148 3833 260 3898 Marc
283 3838 393 3899 autem
417 3833 525 3899 addit:
554 3832 806 3909 ,Contradicunt
828 3836 938 3897 tamen
962 3832 1072 3915 plures
1095 3829 1242 3894 moderni
1266 3830 1306 3894 ob
1329 3852 1382 3895 re·

57 3926 188 4004 ceptam
213 3922 477 3988 consuetudinem
508 3923 692 4004 adaugendi
722 3921 862 4005 pretium
892 3921 939 3985 rei
964 3940 1047 4001 quae
1071 3918 1210 4002 emptori
1239 3918 1381 4003 speciale

57 4011 201 4078 allatura
225 4016 276 4077 est
300 4012 535 4088 commodum“,
560 4011 770 4093 nominatque
795 4009 964 4076 Scavini
989 4009 1029 4085 ΙΙ,
1055 4011 1119 4073 393
1143 4008 1252 4073 adnot.
1277 4008 1319 4072 ad
1343 4011 1379 4079 3:

58 4101 240 4166 Gousset
263 4101 288 4177 I,
314 4104 388 4166 840.
405 4137 448 4144 —
466 4099 613 4183 Aertnijs
637 4101 684 4166 ita
703 4100 798 4165 dicit:
829 4099 1090 4176 ,Verumtamen
1115 4097 1142 4161 si
1166 4101 1294 4179 emptor
1316 4116 1380 4160 non

57 4210 100 4254 ex
128 4189 341 4266 necessitate,
372 4190 429 4254 sed
460 4189 560 4254 solius
591 4189 749 4255 commodi
772 4189 826 4253 vel
850 4187 1081 4253 oblectamenti
1105 4207 1204 4251 causa
1227 4205 1294 4249 rem
1319 4184 1380 4248 ali-

57 4301 155 4360 quam
187 4283 323 4361 exoptet
353 4283 386 4343 et
416 4282 591 4362 propterea
622 4300 685 4342 non
716 4278 878 4360 publicum
903 4276 1106 4342 venditorem
1136 4275 1193 4338 sed
1217 4273 1379 4337 homiuem

55 4369 222 4452 privatum
241 4372 346 4449 roget,
371 4373 407 4433 ut
424 4368 452 4432 ei
476 4389 545 4432 rem
564 4368 652 4432 illam
669 4368 802 4445 vendat,
826 4372 904 4434 tunc
927 4365 1098 4431 hodiedum
1122 4384 1199 4427 usus
1223 4366 1257 4426 et
1280 4361 1380 4427 aesti-

56 4458 158 4524 matio
190 4457 369 4522 communis
399 4457 517 4532 hahet,
549 4461 586 4521 ut
615 4457 756 4539 pretium
786 4460 923 4521 crescat.
977 4455 1028 4519 lta
1058 4451 1204 4516 moderni
1234 4450 1379 4531 theologi

56 4547 247 4628 Konings
270 4568 301 4614 n.
319 4547 381 4612 967
402 4567 440 4623 40,
464 4546 655 4619 Berardi,
681 4547 802 4610 Prccis
826 4546 908 4627 conf.
932 4567 964 4610 n.
984 4546 1045 4606 491
1065 4542 1120 4605 C‘.
1159 4540 1280 4616 Quibus
1303 4539 1379 4603 addi

55 4640 195 4721 possunt
219 4633 490 4712 Waffelaort,
523 4636 571 4699 Dc
596 4637 716 4699 iustitio
743 4634 775 4712 I,
807 4656 837 4700 n.
864 4636 944 4703 615:
976 4633 1152 4706 Merrae,
1183 4630 1233 4694 De
1255 4630 1380 4694 iustitio
