3106 5168
175 315 239 378 478
315 308 355 364 De
374 309 522 364 virtutibus
540 314 569 364 et
586 311 684 365 officiis
702 329 768 380 erga
787 311 916 366 homines.
938 341 968 349 -
989 312 1040 366 Off.
1060 312 1133 367 eirca
1150 312 1221 367 bona
1239 317 1362 368 externa.

175 508 211 552 re
241 485 341 552 nimia
370 487 479 568 gratia
508 486 563 552 uni
593 509 672 571 prae
703 488 775 553 aliis
805 488 927 554 collata
951 489 1099 570 graviter
1121 494 1259 572 possunt
1281 510 1432 573 peccare.
1456 527 1495 534 —-

175 576 298 653 Aliter,
329 575 356 641 si
386 575 473 641 iusta
497 597 596 641 causa
621 581 689 652 est,
721 578 791 642 sive
815 577 1004 642 excedentis
1028 577 1136 643 meriti
1159 577 1229 643 sive
1254 581 1496 644 conservandae

175 665 318 731 familiae
342 666 395 729 vel
418 665 543 732 similis.
589 666 637 731 uf.
661 687 760 749 supra
784 687 894 730 casum
919 668 993 732 288.

113 793 162 845 941
263 779 316 844 An
332 800 524 855 uuarsrruu
548 782 586 844 2³¹
610 781 648 844 R.
666 785 692 845 l.
731 781 784 844 Ex
800 780 895 862 gravi
919 801 1018 845 causa
1041 779 1159 862 aliquis
1181 780 1322 845 filiorum
1346 781 1389 846 ab
1405 782 1496 846 here·

175 868 279 934 ditate
302 868 432 933 excludi
455 872 582 951 potest;
608 890 693 949 quae
716 869 773 932 vix
797 869 862 934 alia
886 869 949 935 erit
972 890 1069 951 quam
1093 869 1150 934 filii
1173 872 1361 956 indipnitus.
1411 870 1496 946 Quae

174 958 272 1024 etiam
289 957 415 1039 legibus
438 957 588 1040 positivis
611 958 695 1024 solet
711 957 920 1023 determinari
942 963 1042 1040 atque
1066 959 1164 1023 certis
1187 959 1344 1024 limitibus
1361 959 1496 1024 circum·

174 1047 280 1121 scribi,
305 1047 401 1128 idque
424 1046 519 1122 iuste,
544 1067 584 1111 ne
609 1068 650 1111 ex
673 1047 858 1112 vehementi
881 1047 1032 1130 passione
1056 1047 1187 1112 duriora
1210 1052 1413 1114 statuantur.

262 1135 413 1199 Exclusis
442 1136 543 1217 igitur
573 1135 622 1199 ius
653 1135 808 1219 competit
837 1136 1040 1219 postulandi,
1072 1141 1109 1202 ut
1138 1136 1247 1201 omnia
1276 1138 1320 1202 ad
1350 1158 1495 1202 normam

174 1224 256 1306 legis
279 1224 487 1290 reducantur.

261 1321 300 1386 R.
319 1325 349 1386 2.
388 1321 606 1386 Nihilominus
630 1342 758 1404 semper
773 1326 885 1388 manet
907 1322 1098 1405 parentibus
1115 1322 1257 1388 officium
1281 1327 1317 1388 et
1340 1324 1494 1406 obligatio

173 1411 323 1494 pietatis,
356 1411 382 1474 si
406 1410 588 1494 potuerint,
621 1411 721 1475 etiam
744 1410 810 1476 filio
834 1411 967 1493 indigno
990 1412 1099 1492 aliquo
1122 1412 1217 1476 modo
1241 1411 1289 1477 ita
1312 1413 1494 1496 providere.

173 1504 209 1566 ut
224 1500 314 1565 vitae
337 1500 522 1565 necessaria
544 1499 666 1565 habeat
681 1500 734 1564 vel
758 1500 819 1564 sibi
842 1499 1015 1584 providere
1038 1500 1078 1565 de
1100 1500 1140 1564 iis
1163 1500 1276 1584 possit.
1318 1500 1494 1583 Siquando

172 1589 274 1670 igitur
303 1589 480 1654 secundum
511 1589 601 1669 leges
632 1589 821 1672 parentibus
851 1591 974 1654 inesset
1003 1589 1145 1654 facultas
1175 1589 1275 1655 etiam
1307 1590 1414 1655 maior
1441 1614 1494 1655 ex·

173 1677 322 1741 cludendi
346 1677 412 1755 lilii,
437 1678 499 1742 hac
523 1677 570 1743 uti
595 1677 625 1741 in
651 1677 850 1743 conscientia
874 1679 913 1742 iis
937 1699 1000 1742 non
1024 1679 1147 1743 liceret.

262 1783 300 1849 R..
325 1787 355 1849 3.
404 1784 592 1849 Generatim
615 1784 743 1864 legibus
766 1783 916 1867 positivis
940 1787 1071 1849 cautum
1094 1788 1161 1861 est,
1187 1788 1241 1860 ut,
1266 1784 1293 1848 si
1319 1785 1394 1866 quis
1418 1785 1494 1850 velit

172 1872 312 1954 aliquem
335 1872 435 1938 filium
464 1874 505 1938 ab
529 1873 712 1938 hereditate
736 1874 924 1943 excludere.
956 1872 988 1937 id
1018 1872 1050 1936 in
1082 1877 1282 1939 testamento
1306 1873 1419 1940 facere
1441 1875 1493 1940 dc-

172 1962 249 2026 beat
271 1961 416 2028 indicata
438 1963 576 2041 ratione,
600 1983 694 2043 quae,
722 1961 783 2026 nisi
807 1963 972 2045 probetur,
997 1983 1060 2025 nou
1085 1961 1279 2028 admittitur.

260 2051 313 2115 Ex
335 2051 406 2116 iure
430 2051 557 2117 Germ.
583 2071 716 2126 causae,
741 2073 798 2115 eur
821 2051 905 2115 lilius
928 2051 969 2115 ab
993 2050 1080 2114 omni
1103 2049 1286 2115 hereditate
1309 2053 1417 2134 possit
1439 2074 1492 2117 ea·

172 2139 267 2218 cludi,
292 2145 369 2206 sunt
392 2140 562 2222 sequentia
586 2140 720 2206 erimina
745 2163 806 2205 uon
831 2141 1025 2205 condonata:

260 2250 363 2310 grave
387 2230 508 2294 crimen
525 2228 703 2294 deliberate
727 2234 842 2293 contra
857 2234 1051 2295 testatorem
1076 2227 1187 2293 eiusve
1211 2228 1385 2310 coniugem
1410 2250 1492 2296 com-

170 2316 321 2388 missum:

260 2407 438 2489 corporalis
468 2406 623 2472 tractatio
651 2406 807 2471 iniuriosa
831 2407 1009 2471 deliberate
1033 2406 1206 2471 commissa
1229 2406 1263 2471 in
1287 2410 1491 2481 testatorem,

171 2496 224 2560 vel
247 2495 281 2559 in
305 2495 374 2559 eius
397 2495 576 2577 coniugem,
601 2495 629 2559 si
652 2495 747 2559 heres
771 2517 813 2560 ex
836 2517 876 2560 ea
899 2494 1082 2571 descendit;

260 2583 458 2650 machinatio
482 2583 596 2650 mortis
620 2585 652 2648 in
671 2588 875 2663 testatorem,
900 2583 952 2648 vel
977 2584 1046 2648 eius
1070 2583 1249 2665 coniugem,
1274 2585 1330 2649 vel
1354 2585 1491 2668 aliquem

171 2693 212 2736 ex
237 2673 407 2738 testatoris
431 2673 715 2749 descendentibus;

259 2761 423 2826 malitiosa
447 2762 620 2843 denegatio
645 2761 903 2837 sustentationis,
929 2783 1012 2840 quae
1035 2762 1108 2842 lege
1133 2762 1307 2829 debeatur:

260 2851 329 2915 vita
353 2851 525 2916 inhonesta
541 2852 593 2915 vel
617 2852 721 2934 turpis
745 2856 858 2915 contra
875 2850 1078 2915 voluntatem
1103 2850 1273 2916 testatoris
1296 2856 1375 2917 acta
1392 2873 1491 2934 neque

172 2940 354 3005 emendata.
402 2940 453 3021 (ἐξ
479 2942 723 3022 raas-mm)

260 3029 415 3093 Similiter
429 3033 509 3103 fere,
527 3035 672 3095 attamen
689 3052 752 3093 non
770 3029 882 3093 eodem
898 3029 994 3111 plane
1011 3029 1115 3104 modo,
1137 3028 1201 3092 alia
1217 3028 1289 3092 iura
1306 3028 1490 3111 loquuntur.

171 3117 203 3183 C.
231 3118 333 3183 Gall.
359 3118 435 3196 (art.
454 3121 515 3183 727
544 3121 761 3202 iudlpru'tuleur
787 3117 827 3182 ad
852 3118 1088 3181 successionem
1112 3121 1246 3194 tractat,
1272 3117 1314 3183 cf.
1340 3123 1404 3184 art.
1431 3122 1490 3183 955

171 3212 204 3272 et
231 3213 292 3273 art..
319 3211 401 3272 lule
431 3208 470 3270 de
498 3207 706 3273 revocatione
731 3208 782 3270 vel
810 3207 1001 3270 rescissione
1027 3206 1273 3289 dispositionum
1298 3206 1490 3273 hereditatis

170 3301 304 3447 pgopter
314 3296 604 3449 dintgrtatitudinem)
629 3298 724 3377 longe
742 3297 864 3360 arctius
889 3294 1058 3377 restringit
1081 3295 1275 3360 facultatem
1299 3295 1490 3362 excludendi

170 3406 189 3448 a
245 3407 311 3449 rere
335 3407 344 3448 1
363 3408 382 3449 a
399 3406 426 3450 e.

109 3511 160 3561 aaa
259 3500 310 3561 An
334 3520 523 3572 ouslnsrruu
556 3501 594 3562 3Ῑῃ
624 3499 662 3562 R.
690 3501 717 3562 1.
765 3498 867 3571 Utnt,
901 3497 928 3560 si
961 3498 1064 3561 solum
1097 3498 1146 3561 ius
1180 3502 1319 3563 naturae
1351 3499 1489 3582 spectari

170 3586 299 3663 liceret,
328 3587 523 3662 Philiberta,
555 3588 582 3650 si
612 3609 691 3652 vera
721 3591 797 3652 sunt
827 3608 911 3668 quae
942 3587 1045 3662 (licat,
1076 3587 1124 3651 ita
1154 3608 1253 3668 agere
1282 3593 1415 3670 posset:
1446 3589 1490 3651 in·

171 3675 312 3755 dignitas
343 3679 451 3757 tepolis
481 3699 544 3739 non
574 3677 702 3740 videtur
726 3677 855 3745 adesse.
887 3675 1003 3741 saltem
1035 3675 1222 3741 nullatenus
1253 3676 1324 3740 eius
1355 3683 1491 3761 apparet

171 3765 328 3845 probatie.
368 3766 581 3847 Quapropter,
607 3766 666 3829 nisi
691 3765 846 3845 graviora
870 3765 996 3847 possint
1015 3765 1088 3828 liliis
1105 3765 1197 3843 obici,
1223 3765 1441 3843 consiliarius,
1465 3766 1489 3830 si

170 3873 264 3932 quem
284 3853 368 3917 ferte
393 3861 469 3918 ante
495 3856 616 3919 lactum
634 3854 811 3919 Plriliberta
835 3854 1026 3929 adbibuerit,
1052 3860 1187 3919 curretur
1203 3854 1345 3932 omnino,
1372 3858 1415 3920 ab
1438 3857 1489 3919 illa

170 3942 288 4021 agendi
321 3941 446 4005 ratione
477 3943 686 4007 Pliilibertam
720 3948 871 4007 avertere
902 3947 1000 4022 atque
1032 3944 1161 4025 plenam
1193 3944 1487 4010 reconciliationem

169 4030 337 4104 inducere,
370 4053 409 4094 ne
440 4037 672 4096 testamentum
704 4033 782 4094 illud
813 4034 870 4097 fiat
900 4032 1107 4095 scruinarium
1133 4033 1367 4098 discordiarum
1395 4041 1488 4116 atque

170 4125 388 4202 peccatorum.

259 4218 296 4282 ll.
316 4222 344 4282 2.
378 4218 622 4282 Testamentum
641 4220 684 4283 ita
708 4222 870 4300 repertum
888 4218 953 4294 lilii,
972 4240 1107 4298 quorum
1125 4219 1271 4296 interest,
1297 4219 1487 4305 impugnare

170 4311 322 4387 possunt:
355 4328 459 4387 neque
490 4308 550 4370 lure
581 4308 706 4372 ratione
731 4329 846 4370 <serraco
870 4307 953 4370 laedi
982 4308 1138 4388 pietatem
1165 4309 1318 4374 debitam.
1346 4351 1388 4357 —
1420 4312 1487 4374 lure

171 4400 289 4471 alitem,
315 4395 368 4476 qui
392 4396 594 4477 impugnant,
620 4397 651 4459 id
675 4397 821 4477 accipere
847 4400 991 4477 possunt,
1017 4397 1102 4477 uliud
1126 4400 1216 4478 leges
1235 4402 1398 4476 statuant,
1423 4401 1487 4463 sive

170 4485 274 4545 totum
298 4489 530 4549 tostaumntum
556 4508 613 4567 pro
640 4485 726 4547 nidlo
751 4485 871 4547 liabent
902 4491 1000 4565 aitque
1032 4487 1169 4566 legalem
1194 4489 1434 4554 successionem
1459 4489 1485 4551 in

171 4571 227 4632 tali
260 4594 336 4635 casu
368 4580 533 4642 statuunt,
568 4575 636 4637 sive
667 4574 740 4637 liliis
773 4575 870 4638 laesis
904 4576 1103 4638 selummodo
1135 4576 1320 4657 partionem
1353 4579 1485 4660 legalem

171 4680 271 4737 usque
295 4662 335 4724 ad
360 4662 520 4742 integram
545 4663 613 4726 eius
637 4668 749 4726 tanam
774 4665 962 4728 emicedunt.

91 4810 243 4864 A
