3106 5168
541 275 669 331 Duellum
687 276 800 347 eiusque
818 275 971 348 prohibitio.
1352 282 1417 347 265

183 452 221 520 R.
239 455 270 522 2.
308 452 344 519 si
365 452 514 537 pat-rinos
537 452 586 520 ita
600 451 767 533 instruxit,
792 458 829 520 ut
851 474 970 519 revera
992 474 1084 521 arma
1102 453 1175 538 ipsa
1198 474 1264 518 non
1279 455 1418 538 amplius

92 546 205 608 essent
227 542 270 608 ad
292 543 439 625 graviter
453 541 648 608 laedendum
664 549 753 628 apta,
776 563 808 609 v.
824 563 857 626 g.
874 542 1015 626 globulis
1034 563 1076 608 ex
1091 541 1245 627 sclopetis
1261 544 1416 621 excussis,

92 653 158 697 non
185 631 325 715 amplius
354 635 426 697 erat
450 631 609 709 duellum,
639 631 846 697 nihilominus
876 632 996 698 saltem
1024 631 1153 698 ratione
1182 632 1329 699 scandali
1351 632 1418 699 Ro·

92 720 209 786 melius
233 719 381 804 graviter
404 720 563 805 peccavit.

182 818 222 886 R.
246 821 277 885 3.
323 819 451 884 Poenas
474 816 713 885 ecclesiasticas
737 818 861 897 evasit,
891 817 921 882 si
950 816 983 882 in
1012 818 1086 902 ipsa
1107 818 1341 902 provocatione
1364 820 1417 885 vel

93 907 320 991 acceptatione
342 907 426 973 hanc
449 907 568 973 falsam
590 906 732 991 speciem
754 911 884 974 tantum
907 907 1006 973 duelli
1036 907 1069 972 in
1097 907 1205 973 animo
1228 907 1358 984 habuit;
1389 909 1416 975 si

93 1017 172 1062 vero
189 1000 264 1080 post
280 997 425 1063 oblatum
441 996 495 1062 vel
517 999 689 1080 acceptum
704 1018 817 1062 verum
834 995 976 1061 duellum
993 996 1125 1063 tandem
1140 994 1238 1063 istam
1255 998 1417 1065 cautelam

93 1085 313 1168 excogitavit,
344 1089 693 1152 eccommccioctioncm
722 1106 764 1151 ex
793 1085 1028 1170 provocatione
1051 1086 1105 1151 vel
1134 1086 1322 1170 acceptione
1351 1086 1417 1152 iarn

93 1175 292 1252 incurrerat;
316 1177 586 1261 irrepcluritutcm
609 1174 642 1239 in
665 1175 737 1239 foro
762 1174 979 1242 conscientiae
1002 1195 1067 1241 non
1091 1175 1274 1254 contraxit,
1300 1175 1417 1260 quippe

93 1285 177 1347 quae
200 1265 270 1330 lata
293 1263 393 1330 sitin
417 1266 592 1331 duellontea
615 1285 781 1350 eorumque
801 1267 951 1350 patrinos
973 1264 1120 1347 adeoque
1137 1285 1252 1330 verum
1276 1264 1417 1330 duellum

93 1356 267 1438 supponat.

182 1449 222 1516 R.
247 1453 278 1517 4.
320 1450 550 1533 Raymundum
574 1449 675 1516 etiam
697 1450 804 1533 magis
827 1450 940 1518 illicite
964 1450 1072 1534 egisse
1094 1455 1198 1536 patet.
1237 1450 1354 1533 Neque
1377 1449 1417 1515 ob

94 1544 269 1607 consuetas
292 1540 439 1607 cautelas
462 1540 681 1605 studiosorum
705 1539 790 1606 ratio
814 1539 913 1605 duelli
937 1540 1041 1618 abest,
1069 1545 1107 1607 ut
1130 1560 1285 1624 expresse
1309 1539 1418 1605 decla·

93 1628 192 1705 ravit,
217 1650 252 1694 re
276 1633 404 1695 mature
426 1649 598 1715 perpensa,
624 1627 655 1694 S.
673 1628 706 1693 C.
724 1628 757 1695 C.
782 1627 833 1694 dia
853 1629 974 1712 9Aug.
993 1631 1079 1695 1890
1103 1632 1138 1696 in
1161 1651 1261 1696 causo
1283 1629 1418 1695 Wrutis·

93 1721 236 1785 luciensi.
284 1717 344 1800 (ef.
369 1719 451 1783 Actu
475 1720 507 1784 S.
532 1719 626 1785 Sodo's
649 1716 768 1795 XXIII,
794 1716 884 1794 242.)

454 1925 539 1992 PRO
563 1925 737 1993 DUELLO
762 1925 1058 1993 CONTUMELIA.

650 2082 760 2150 Casus.
787 2090 864 2159 (154)

184 2221 341 2282 Gisbertus
356 2223 495 2281 sacerdos
516 2227 639 2299 propter
651 2223 747 2282 levem
762 2222 888 2299 aliquam
909 2221 1157 2281 inadvertentiam
1173 2227 1278 2281 contra
1291 2221 1418 2281 nobilem

94 2303 240 2378 quendam
268 2303 389 2362 militem
418 2302 605 2362 commissam
633 2305 671 2361 ab
694 2304 752 2361 hoo
778 2303 894 2361 iniuriis
914 2303 1073 2362 lacessitur
1094 2308 1124 2361 et
1145 2301 1182 2361 ad
1203 2302 1331 2361 duellum
1352 2322 1416 2379 pro

94 2389 227 2443 vocatur.
264 2382 428 2454 Gisbcrtus,
451 2387 515 2441 arte
530 2382 689 2441 dimicandi
710 2383 841 2459 apprime
862 2383 985 2460 peritus,
1006 2402 1065 2442 non
1086 2387 1119 2442 ut
1139 2382 1341 2441 adversarium
1354 2383 1417 2441 vul·

93 2469 186 2535 neret,
213 2464 266 2523 scd
287 2474 319 2522 ut
340 2463 403 2523 eius
424 2463 636 2540 impudentiam
655 2464 805 2534 retundat,
827 2463 939 2535 annuit,
961 2463 1117 2523 utstatim
1138 2462 1367 2538 congrediantur
1386 2463 1418 2522 in

94 2544 192 2603 vicino
215 2544 357 2604 cubiculo.
398 2543 496 2602 Primo
518 2543 579 2603 ictu
601 2562 701 2602 omnes
722 2544 857 2619 globulos
878 2542 973 2603 vestis
995 2543 1159 2603 adversarii
1186 2544 1232 2604 sui
1259 2543 1416 2614 abscindit,

94 2624 224 2684 secundo
244 2630 335 2683 totam
350 2629 464 2683 vestem
484 2643 502 2682 a
520 2643 632 2683 summo
652 2623 688 2683 ad
709 2623 799 2683 imum
814 2624 933 2695 scindit,
954 2623 1042 2683 tertio
1064 2643 1164 2684 ensem
1186 2643 1222 2683 ex
1244 2623 1307 2682 eius
1328 2643 1417 2682 manu

94 2705 209 2764 excutit
229 2709 260 2762 et
280 2723 347 2764 eum
367 2704 493 2763 ludibrio
515 2704 643 2763 omnium
664 2703 845 2764 adstantium
867 2703 1014 2780 relinquit.
1446 2704 1448 2708 ⁸

94 2810 271 2881 qusmrux
297 2816 394 2869 utrum
416 2808 553 2870 Gisberto
582 2808 626 2869 ita
653 2828 742 2884 agere
771 2810 887 2869 licuerit
914 2830 952 2869 an
975 2809 1063 2869 duelli
1090 2814 1205 2869 reatum
1233 2813 1263 2868 et
1292 2828 1416 2886 poenam

295 2890 461 2949 incurrerit.

688 2972 823 3041 Salutio.

182 3115 236 3179 An
259 3135 449 3190 qunnsrruu
472 3115 511 3182 R.
532 3119 560 3181 1.
607 3114 725 3181 Omnia
748 3115 886 3196 quaein
910 3114 1097 3182 definitione
1120 3114 1216 3179 duelli
1241 3117 1414 3197 ponuntur,
1426 3134 1477 3189 521

94 3202 247 3270 videntur
269 3204 321 3269 hic
344 3205 475 3269 adesse:
510 3206 541 3287 1)
566 3204 740 3287 singularis
764 3225 890 3287 pugna,
920 3205 953 3287 2)
977 3203 1176 3281 condictum,
1201 3203 1253 3268 oui
1276 3223 1341 3267 non
1364 3223 1416 3267 re-

93 3297 233 3375 pugnat,
259 3293 429 3375 quominus
453 3293 526 3358 ilico
550 3297 707 3375 sequatur
730 3293 914 3370 exsecutio,
946 3293 980 3374 3)
1004 3314 1096 3359 arma
1118 3293 1242 3359 letalia.
1288 3291 1416 3356 Nihilo·

92 3381 199 3446 minus
215 3403 327 3447 veram
343 3383 502 3448 rationem
519 3402 649 3466 pugnae
672 3381 750 3460 eius,
775 3403 858 3464 quac
874 3382 915 3447 ad
932 3382 1074 3447 duellum
1091 3381 1275 3464 requiritur,
1299 3401 1416 3446 censeo

93 3471 237 3536 abfuisse
259 3475 328 3537 turn
352 3471 386 3536 in
408 3493 453 3549 re,
477 3475 548 3537 tum
571 3492 613 3536 ex
636 3475 747 3536 mente
771 3470 922 3536 Gisberti.
967 3470 1074 3536 Duelli
1097 3471 1183 3536 enim
1206 3491 1317 3554 pugna
1339 3470 1417 3537 talis

93 3564 153 3637 est,
178 3580 261 3641 quae
284 3560 401 3627 tendat
423 3582 555 3625 revera
578 3561 624 3624 od
644 3560 829 3642 feriendum
851 3560 1086 3638 adversarium,
1111 3561 1216 3642 idque,
1241 3559 1269 3624 si
1292 3580 1345 3625 res
1367 3559 1416 3626 ita

92 3647 195 3726 ferat,
224 3649 323 3714 etiam
346 3648 502 3731 graviter.
550 3649 614 3715 Sed
637 3649 763 3733 species
786 3669 915 3732 pugnae
939 3649 1082 3716 Gisberti
1106 3670 1171 3715 non
1194 3649 1351 3715 tendebat
1373 3650 1416 3715 ad

93 3736 273 3804 feriendum
297 3737 537 3816 adversarium,
566 3738 623 3802 sed
647 3738 689 3803 ad
713 3738 741 3803 ei
765 3738 974 3806 illudendum.
1021 3738 1128 3816 Quare
1150 3759 1215 3804 non
1238 3743 1317 3822 puto
1341 3759 1415 3803 eum

49 3834 53 3841 '
92 3847 215 3910 poenas
239 3827 336 3892 duelli
361 3827 550 3904 incurrisse,
581 3827 678 3908 idque
705 3827 866 3910 usquein
890 3827 961 3893 foro
984 3827 1130 3907 interno,
1161 3849 1266 3910 neque
1288 3828 1322 3892 in
1345 3828 1415 3892 solo

92 3920 247 3995 externe,
277 3917 396 4001 quippe
427 3917 512 4000 quod
542 3938 585 3983 ex
614 3916 710 3982 modo
740 3915 859 3999 agendi
883 3917 1025 3983 Gisberti
1056 3917 1125 3984 eius
1154 3939 1175 3983 a
1204 3937 1283 4001 uero
1308 3916 1415 3982 duello

93 4005 218 4071 alienus
241 4006 368 4072 animus
391 4005 542 4088 cognosci
565 4006 662 4089 plane
686 4005 839 4089 potuerit.

181 4104 220 4170 R.
246 4107 276 4170 2.
322 4103 540 4170 Nihilominus
572 4125 592 4169 a
624 4103 720 4187 culpa
751 4103 903 4168 immunis
935 4125 994 4188 per
1024 4125 1060 4169 se
1091 4126 1155 4169 non
1188 4107 1239 4169 est
1272 4102 1416 4168 Gisberti

93 4193 212 4276 agendi
242 4193 336 4259 ratio.
383 4192 594 4277 specietenus
617 4193 703 4259 anim
726 4192 913 4275 acceptavit
935 4192 1094 4270 duellum,
1126 4193 1211 4275 quod
1241 4191 1334 4257 miles
1358 4191 1415 4256 ob·

92 4281 169 4348 tulit
184 4303 314 4358 verum;
339 4281 476 4364 ideoque
499 4282 583 4349 ratio
607 4282 753 4347 scandali
776 4288 845 4349 turn
870 4281 965 4348 militi
987 4281 1048 4364 ipsi
1071 4286 1141 4348 tum
1165 4281 1237 4347 aliis
1260 4300 1415 4363 praesen·

92 4371 179 4437 tibus
203 4372 272 4437 dati
295 4393 359 4436 non
382 4372 513 4437 videtur
536 4371 681 4455 potuisse
704 4372 746 4437 ab
769 4391 807 4436 eo
832 4372 963 4448 abesse,
994 4370 1091 4451 idque
1118 4390 1221 4452 grave
1243 4373 1414 4452 peccatum

91 4460 193 4525 fnisse
216 4461 393 4528 timendum
417 4466 478 4528 est,
528 4460 684 4527 Attamen
708 4460 785 4541 qnia
807 4460 880 4525 ilico
903 4480 1001 4525 verus
1025 4459 1094 4524 eius
1117 4458 1243 4524 animus
1267 4456 1414 4522 omnibus

92 4549 261 4633 apparuit,
292 4550 459 4634 probabile
489 4549 567 4615 mihi
590 4549 721 4616 videtur
751 4549 937 4616 Gisbertum
960 4548 1106 4633 potuisse
1130 4546 1190 4612 sibi
1216 4546 1415 4630 persuadere

91 4659 160 4704 rem
184 4658 319 4721 gravem
344 4660 406 4703 non
431 4660 512 4705 esse.
