3106 5168
421 282 574 338 Translatio
592 285 643 338 iur.
662 302 687 354 p.
707 287 863 339 contractus
882 313 914 321 —
933 286 1091 350 famulatus.
1350 290 1415 353 459

93 458 181 524 iuste
204 459 310 543 egerit
331 459 394 525 hac
409 460 683 544 compensatione,
707 481 791 543 quae
807 466 859 528 est
874 461 1096 544 compensatio
1112 462 1271 543 quaedam
1288 462 1416 528 occulta

93 547 226 633 proprio
250 551 356 614 marte
379 548 479 615 facta.
514 548 547 615 Si
570 548 620 614 ius
643 550 794 615 habuerit
817 551 859 615 ad
882 571 961 628 rem,
985 549 1007 616 i.
1031 571 1059 617 e.
1084 551 1125 615 ad
1150 550 1303 616 maiorem
1327 572 1416 616 sum·

94 658 183 702 mam
212 639 358 713 tantam,
389 637 504 720 quanti
527 638 618 704 valet
643 638 736 722 copia
764 639 822 704 illa
845 660 1045 714 marcarum,
1077 638 1220 705 condicio
1250 639 1416 722 primaria,

94 747 178 809 quae
202 726 243 792 ad
267 726 541 811 compensationis
564 727 712 794 occultae
734 727 912 794 licaitatem
935 727 1127 809 requiritur,
1155 732 1207 795 est
1229 728 1415 805 verificata;

95 816 161 881 alia
184 815 329 882 condicio
352 816 555 893 secundaria,
580 815 756 884 difficultas
779 817 876 882 aliter
897 817 1038 882 habendi
1053 817 1138 900 quod
1163 837 1256 882 suum
1279 817 1332 896 sit,
1357 818 1416 883 du-

93 905 183 969 bium
206 925 270 969 non
294 908 347 970 est
369 904 445 987 quin
469 905 572 972 adsit:
603 927 679 971 nam
708 906 895 990 praeposito
923 905 1040 972 aerarii
1071 905 1190 991 publici
1220 906 1416 988 persuadere

95 994 145 1058 ius
168 1014 260 1058 suum
285 1014 339 1059 res
363 994 538 1077 desperata
561 997 595 1060 et
617 995 826 1079 impossibilis
849 1000 910 1061 est.

184 1082 350 1148 Habuitne
374 1082 551 1148 Geruntius
574 1103 610 1149 re
633 1104 713 1148 vera
735 1083 795 1161 ius,
821 1087 858 1148 ut
881 1104 1008 1149 summa
1030 1083 1143 1161 maior,
1168 1103 1265 1166 quam
1289 1084 1328 1149 de
1351 1104 1417 1167 qua

94 1176 290 1237 conventum
322 1177 389 1249 est,
420 1172 480 1237 sibi
510 1172 717 1237 solveretur?
764 1172 811 1238 Ut
835 1175 934 1238 antea
958 1172 1079 1239 dictum
1103 1178 1171 1252 est,
1202 1193 1244 1238 ex
1274 1172 1416 1239 naturali

91 1260 263 1342 aequitate
285 1261 339 1325 vel
363 1260 462 1327 etiam
485 1282 527 1326 ex
549 1260 676 1327 iustitia
699 1261 732 1326 id
756 1261 785 1326 ei
809 1262 1025 1344 competebat,
1053 1261 1081 1326 si
1104 1282 1145 1327 ea
1167 1265 1240 1327 erat
1261 1283 1326 1327 non
1349 1261 1416 1326 sin·

91 1349 219 1431 gularis
242 1349 391 1416 Gerontii
414 1349 576 1427 condicio,
607 1351 665 1415 sed
689 1350 833 1415 condicio
858 1353 1045 1434 communis,
1076 1355 1113 1417 ut
1139 1371 1198 1434 pro
1222 1350 1326 1435 pretio
1348 1350 1415 1427 illo,

93 1437 214 1520 dequo
231 1443 438 1517 convenerat,
463 1460 580 1505 revera
596 1460 676 1523 opus
693 1446 879 1523 susceptum
896 1439 1039 1506 construi
1059 1440 1246 1506 nullatenus
1261 1439 1416 1524 potuerit,

93 1527 241 1609 adeoque
257 1527 434 1593 Geruntius
449 1529 482 1592 in
499 1528 647 1594 faciendo
664 1532 815 1612 computo
832 1528 1072 1613 inculpabiliter
1087 1529 1257 1595 erraverit.
1296 1529 1416 1605 Quodsi

92 1616 143 1680 ita
166 1620 232 1693 est,
264 1617 441 1683 Geruntius
470 1616 502 1681 in
533 1616 714 1700 posteriore
737 1638 815 1683 casu
840 1617 1043 1700 relinquatur
1065 1617 1099 1682 in
1121 1639 1219 1702 pace,
1251 1618 1346 1683 modo
1376 1639 1417 1683 ne

93 1704 198 1770 maior
221 1704 265 1772 sit
287 1706 382 1771 valor
404 1727 598 1784 marcarum,
623 1727 719 1788 quam
744 1727 871 1771 summa
894 1705 959 1784 illa,
984 1727 1043 1791 per
1065 1728 1163 1789 quam
1187 1706 1333 1772 additam
1353 1707 1418 1772 Ge-

93 1794 222 1860 runtius
245 1794 418 1878 perveniat
441 1795 482 1860 ad
505 1795 645 1879 pretium
670 1794 848 1862 constructi
872 1795 979 1879 operis
1003 1797 1156 1879 infimo-or.

361 2018 813 2086 LouATIO-comoucrlo
842 2018 1148 2101 (FAMULATUS).

647 2176 758 2243 Casus.
785 2183 862 2252 (281)

184 2317 295 2376 Thecla
316 2317 488 2376 famulatum
512 2323 685 2395 susceperat
706 2316 783 2394 apud
804 2319 921 2376 Annam
942 2321 1120 2388 matronam,
1142 2336 1228 2393 quam
1249 2325 1418 2394 sumpserat

94 2416 161 2456 esse
189 2397 267 2473 piam
296 2402 325 2456 et
352 2397 537 2472 religiosam,
566 2398 617 2456 sod
639 2416 725 2474 quam
753 2417 830 2456 nunc
858 2397 969 2474 reperit
989 2416 1056 2455 esse
1077 2396 1165 2456 valde
1185 2395 1365 2472 singularem
1387 2404 1417 2457 et

93 2478 326 2537 intractabilem:
356 2496 413 2552 qno
433 2478 482 2546 fit,
510 2484 544 2536 ut
571 2497 660 2554 saepe
682 2496 719 2536 ex
746 2477 900 2536 levissima
921 2496 1012 2536 causa
1033 2478 1144 2537 famula
1168 2477 1350 2548 detineatur,
1378 2497 1417 2538 ne

93 2559 191 2635 possit
218 2558 320 2616 diebus
345 2556 499 2616 dominicis
527 2563 558 2616 et
584 2558 670 2617 festis
692 2558 783 2617 Sacro
805 2557 960 2617 interesse.
1002 2556 1087 2627 Quod
1108 2558 1218 2616 Thecla
1246 2577 1311 2616 oum
1339 2560 1417 2618 ferre

93 2658 153 2696 non
182 2643 299 2714 posset,
327 2643 394 2713 post
421 2643 484 2696 tres
512 2638 711 2697 hebdomadas
742 2657 779 2697 ex
808 2640 932 2714 abrupto
960 2646 1113 2697 matronae
1134 2637 1289 2708 valedicit,
1317 2658 1417 2698 secum

93 2737 215 2777 sumena
242 2737 290 2777 res
319 2737 389 2777 suas
418 2724 506 2792 atque
535 2718 676 2777 salarium
703 2737 756 2795 pro
783 2718 925 2777 trimestri
953 2718 1011 2777 iam
1039 2724 1206 2796 receptum,
1234 2738 1292 2795 quo
1315 2719 1416 2779 vivere

93 2798 207 2876 possit,
242 2798 309 2857 dum
345 2798 433 2857 alium
467 2804 591 2874 quaerat
625 2799 806 2858 famulatum.
861 2799 918 2857 Sed
952 2800 1041 2858 Anna
1075 2803 1242 2875 protestata
1277 2799 1415 2859 Theclam

94 2878 176 2954 cogit
203 2877 393 2949 iudicialiter,
424 2885 456 2937 ut
482 2878 585 2937 redeat
613 2884 644 2938 et
671 2884 704 2938 ut
725 2880 861 2938 damnum
883 2898 921 2937 ex
942 2897 1064 2938 recessu
1088 2879 1144 2938 sibi
1165 2885 1318 2938 causatum
1341 2900 1416 2939 com·

116 2964 209 3018 enset.

94 2980 115 3037 p
183 3039 350 3109 Ambrosia,
371 3037 402 3096 in
417 3037 504 3097 simili
521 3037 691 3097 condicione
712 3036 819 3114 posita,
842 3043 941 3096 monet
955 3039 1070 3113 quidem
1086 3039 1233 3097 dominam
1249 3058 1341 3110 suam,
1364 3038 1416 3098 sed

92 3121 214 3179 frustra.
256 3117 442 3195 Quapropter
462 3118 567 3177 melius
595 3118 651 3176 sibi
679 3118 835 3194 providere
856 3117 969 3176 statuit.
1011 3118 1082 3177 (lum
1104 3118 1244 3176 salarium
1265 3118 1416 3195 hucusque

93 3201 206 3259 nullum
228 3199 391 3275 acceperit,
421 3218 458 3257 ex
485 3201 574 3258 rebus
596 3198 731 3257 dominae
759 3218 831 3257 suae
855 3197 911 3257 sibi
939 3197 1043 3267 sumit,
1072 3203 1213 3274 quantum
1235 3198 1345 3256 salario
1366 3198 1415 3257 tri·

93 3280 213 3339 mestris
235 3279 418 3354 aequivalet,
446 3284 533 3354 atquc
560 3278 633 3336 clam
662 3278 692 3336 in
714 3278 802 3337 alium
825 3278 919 3337 locum
941 3278 1073 3352 aufugit,
1101 3278 1150 3336 ubi
1172 3296 1274 3336 omnes
1295 3278 1416 3352 politiae

93 3365 220 3420 conatus
243 3359 332 3418 facile
356 3359 456 3418 eludit.

93 3465 272 3536 Quanam
295 3467 323 3524 1⁰
347 3483 423 3541 quae
450 3464 511 3523 sint
538 3465 604 3522 iura
633 3470 663 3523 et
690 3464 885 3540 obligationes
913 3463 1095 3523 dominorum
1124 3468 1155 3522 et
1184 3462 1358 3522 famulorum
1385 3463 1417 3524 in

348 3544 537 3604 dissolvendo
558 3545 710 3604 famulatu.

294 3636 323 3691 2⁰
349 3633 417 3709 quid
443 3635 480 3692 ad
507 3633 675 3710 propositos
698 3652 786 3692 casua
808 3632 961 3691 dicendum
983 3632 1013 3691 in
1035 3633 1100 3691 loro
1121 3637 1262 3704 externo,
1290 3633 1359 3709 quid
1387 3634 1417 3693 iu

348 3715 412 3773 foro
434 3713 643 3773 conscientiae.

689 3852 822 3919 solutio.

184 3999 237 4062 Ao
260 4018 450 4074 ouansrnuu
477 4002 513 4063 1¹¹²
544 3998 583 4064 lt.
611 4000 638 4063 1.
689 3997 753 4061 Per
780 4016 817 4059 se
847 3999 917 4060 tum
947 3996 989 4060 ab
1019 3994 1106 4059 heris
1135 4000 1206 4060 tum
1237 4016 1257 4060 a
1287 3994 1417 4059 famulis
1427 4006 1478 4061 907

94 4087 220 4151 servari
246 4087 343 4153 debet
373 4092 502 4170 tempus
532 4089 736 4162 contractus,
769 4085 822 4149 vel
852 4083 1049 4150 dissolvendi
1081 4088 1271 4150 contractus
1300 4083 1417 4148 notitia

93 4175 228 4259 praevie
258 4176 366 4241 danda
398 4181 450 4241 est
481 4179 629 4258 tempore
662 4175 713 4241 vel
745 4175 818 4255 lege
851 4174 904 4238 vel
936 4173 1069 4258 speciali
1101 4172 1315 4238 conventione
1348 4176 1417 4236 sta-

93 4269 178 4331 tuto.
217 4263 310 4331 Alias
334 4265 388 4347 qui
411 4265 510 4330 solvit
534 4268 736 4331 contractum
761 4285 819 4328 seu
843 4265 947 4344 *violat
972 4261 1068 4327 alteri
1091 4266 1223 4327 tenetur
1241 4260 1281 4325 de
1299 4261 1417 4325 damno

94 4354 182 4437 quod
206 4354 340 4438 patitur.

186 4459 223 4526 R.
250 4463 279 4526 2.
326 4459 544 4525 Nihilominus
568 4459 727 4523 exsistere
751 4457 805 4522 vel
821 4456 969 4522 accidere
993 4460 1130 4539 possunt
1153 4473 1271 4520 causae
1287 4474 1416 4535 graves,

94 4549 136 4614 ob
153 4570 235 4631 quas
253 4549 404 4615 alterutri
427 4549 536 4625 liceat,
561 4547 696 4613 alterius
713 4567 873 4611 consensu
897 4566 962 4610 non
978 4548 1171 4628 exspectato
1187 4546 1265 4608 aute
1289 4546 1418 4625 tempus

94 4643 257 4705 statutum
281 4660 301 4704 a
324 4641 495 4703 contractu
519 4636 681 4701 recedere.
