3106 5168
166 293 229 359 150
375 290 416 345 Dc
434 289 583 345 virtutibus
601 294 630 345 et
647 290 746 346 officiis
764 307 831 360 erge
849 290 944 346 Deum.
963 319 998 331 -
1014 291 1111 347 Virtus
1128 290 1277 361 religionis.

163 467 280 545 sitate,
311 471 349 534 ut
371 469 512 534 filiorum
536 467 690 550 obsequio
713 472 847 535 multam
869 469 1054 553 indigeant,
1079 472 1233 554 possunt,
1257 468 1491 554 praetermisso

163 557 541 730 gpggrorgffimcbsequio,
574 557 631 624 lilii
663 557 855 641 religionem
887 559 1011 626 intrare
1042 558 1144 626 etiam
1173 562 1289 625 contra
1318 563 1491 642 parentum

101 762 153 817 300
252 761 305 826 Ao
338 781 529 837 onsnsmuu
569 764 608 827 3¹·
647 761 686 828 R.
749 762 783 828 Si
821 766 976 846 parentes
1008 762 1147 841 habent,
1188 762 1274 828 unde
1312 761 1489 828 secundum

163 853 287 916 statum
303 870 397 915 suum
412 849 526 916 vivere
542 850 679 935 possint,
703 851 766 917 etsi
789 872 888 935 parce
911 856 1051 930 tantum,
1074 852 1129 917 vel
1152 851 1179 916 si
1202 851 1243 917 iis
1266 850 1364 918 aliter
1385 851 1491 934 quoad

163 939 349 1004 necessaria
363 937 590 1022 provideatur:
607 939 767 1006 Reinerus
782 961 848 1006 non
863 943 996 1007 tenetur
1009 961 1124 1007 curare
1140 940 1283 1023 aliquam
1295 940 1491 1016 molestiam,

163 1049 261 1110 quam
284 1048 327 1092 ex
350 1028 501 1094 absentia
523 1028 580 1094 filii
603 1036 758 1114 parentes
781 1028 935 1097 sentiant.
982 1029 1069 1096 Nam
1100 1050 1156 1095 eos
1186 1028 1256 1095 sine
1285 1028 1350 1096 isto
1373 1028 1492 1095 solatio

163 1137 246 1195 esse,
270 1136 406 1199 gravem
427 1117 659 1184 necessitatem
682 1139 747 1184 non
764 1118 944 1186 constituit.
960 1157 1004 1166 —
1028 1118 1062 1185 Si
1080 1139 1161 1184 vero
1183 1122 1338 1204 parentes
1361 1138 1398 1184 re
1420 1117 1493 1202 ipss

162 1205 196 1270 in
226 1205 321 1288 gravi
351 1206 549 1273 necessitate
572 1212 759 1287 versantur,
790 1227 833 1273 ex
856 1229 921 1290 qua
943 1208 1029 1273 filius
1057 1207 1092 1273 in
1121 1207 1253 1273 saeculo
1275 1227 1413 1273 manens
1437 1227 1492 1272 eos

162 1294 268 1380 possit
283 1295 375 1360 brevi
390 1295 526 1380 eripere,
548 1295 646 1364 debet
660 1297 845 1380 ingressum
859 1296 892 1362 in
909 1296 1100 1380 religionem
1116 1296 1256 1374 differre,
1281 1296 1358 1362 dum
1373 1316 1492 1381 paren-

163 1384 250 1450 tibus
274 1385 441 1467 provisum
465 1384 517 1451 sit.

254 1481 390 1558 Quando
419 1482 521 1564 igitur
549 1480 717 1565 provisum
747 1482 863 1561 fuerit,
895 1503 959 1548 non
992 1482 1096 1549 solum
1129 1504 1193 1548 non
1222 1482 1323 1549 habet
1353 1482 1492 1566 amplius

164 1571 396 1654 obligationem
428 1571 597 1636 differendi
626 1571 680 1637 vel
712 1570 883 1638 omittendi
912 1571 1096 1654 ingressum
1128 1571 1162 1637 in
1194 1570 1401 1654 religionem;
1436 1570 1492 1636 sed

164 1659 396 1725 consulendum
427 1659 456 1725 ei
486 1660 584 1744 plane
614 1664 681 1739 est,
714 1660 742 1727 si
775 1661 870 1727 modo
900 1660 1045 1743 alioquin
1074 1664 1126 1727 est
1156 1664 1268 1745 aptus,
1302 1664 1340 1727 ut
1371 1660 1493 1745 spretis

164 1752 337 1834 parentum
354 1748 497 1814 consiliis
521 1753 555 1815 et
573 1750 714 1832 querelis
730 1754 887 1833 sequatur
903 1750 1018 1819 Deum.
1051 1749 1138 1815 Nam
1158 1749 1221 1815 hac
1243 1749 1277 1814 in
1300 1770 1336 1815 re
1359 1770 1492 1815 carnem

164 1842 198 1904 et
221 1837 415 1920 sanguinem
438 1838 530 1920 sequi
553 1838 610 1903 vix
633 1859 698 1904 non
721 1839 806 1905 idem
830 1844 882 1906 est
909 1860 949 1905 ac
972 1838 1137 1905 vocationi
1161 1838 1292 1905 divinae
1315 1837 1493 1921 multisque

163 1927 225 1993 Dei
248 1926 365 2010 gratiis
388 1927 582 1993 valedicere.

101 2050 152 2105 301
254 2043 306 2106 Ao
324 2061 516 2118 oounsrruu
540 2043 580 2106 4¹¹²
603 2041 642 2108 R.
665 2043 694 2107 1.
733 2040 904 2121 Parentes,
927 2039 956 2107 si
971 2039 1094 2107 habent
1113 2040 1236 2125 aliquid
1250 2040 1358 2107 iustae
1374 2062 1495 2108 causae

163 2130 206 2195 ad
228 2130 330 2196 filium
353 2130 602 2208 retardandum,
633 2128 730 2196 facile
760 2151 893 2196 oausam
921 2134 1143 2213 exaggerant,
1174 2130 1232 2196 sed
1261 2129 1294 2196 in
1323 2130 1386 2196 hoc
1416 2131 1494 2196 sub-

162 2219 281 2285 iective
304 2219 456 2285 excusari
479 2222 626 2303 possunt.
673 2218 771 2284 Aliud
803 2223 870 2299 est,
902 2219 929 2285 si
959 2219 1040 2285 nihil
1063 2219 1171 2286 iustae
1194 2240 1313 2286 causae
1337 2219 1493 2295 adfuerit,

163 2330 221 2374 seu
245 2309 272 2373 si
295 2308 358 2392 ipsi
381 2309 414 2373 in
438 2308 635 2374 necessitate
659 2329 722 2373 non
746 2313 932 2375 versantur.
1406 2323 1409 2328 “

252 2406 361 2483 Quare
385 2406 556 2472 dicendum
580 2410 648 2472 est:
681 2405 708 2471 si
733 2405 781 2484 vi,
805 2405 902 2472 minis
924 2406 978 2472 vel
993 2405 1195 2490 importunis
1218 2404 1369 2489 precibus
1392 2406 1494 2472 filium

163 2495 346 2574 retrahunt,
371 2517 427 2561 ecs
451 2495 599 2578 graviter
621 2515 769 2579 peccare,
793 2516 865 2560 cum
882 2498 1017 2561 invitum
1033 2494 1202 2561 detineant
1224 2494 1266 2561 ab
1287 2496 1496 2561 assecutione

163 2584 240 2650 boni
262 2584 443 2668 spiritualis
470 2585 551 2650 adeo
582 2583 703 2666 magni.
727 2623 772 2632 —
801 2584 892 2649 Idem
922 2587 974 2650 est
1003 2604 1063 2667 per
1091 2604 1128 2649 so
1158 2583 1346 2661 dicendum,
1376 2585 1405 2650 si
1436 2605 1495 2650 ex·

164 2677 363 2756 aggerantes
379 2673 591 2740 difficultates
607 2672 780 2756 religiosae
795 2673 886 2739 vitae
901 2673 956 2738 vel
976 2673 1074 2740 aliter
1094 2672 1292 2757 decipientes
1316 2676 1352 2738 et
1374 2672 1495 2740 fucatis

164 2762 344 2829 rationibus
367 2762 401 2827 in
425 2783 569 2828 errorem
591 2761 784 2828 inducentes
807 2782 881 2827 eum
905 2765 1071 2828 avertunt.

255 2868 292 2934 a.
313 2871 343 2933 2.
383 2867 475 2945 Quod
498 2889 562 2932 non
587 2868 627 2932 de
650 2867 728 2932 solis
751 2867 952 2952 parentibus,
977 2868 1035 2932 sed
1059 2867 1099 2932 de
1122 2866 1300 2949 quibusvis
1322 2865 1378 2949 qui
1394 2865 1494 2932 alium

164 2958 206 3022 ab
230 2958 458 3041 amplectenda
481 2957 552 3022 vita
575 2956 730 3039 religiosa
752 2961 923 3033 avertunt,
954 2977 1013 3040 per
1042 2976 1078 3021 se
1101 2956 1213 3038 utique
1237 2955 1409 3020 dicendum
1432 2959 1493 3022 est.

164 3047 266 3110 Immo
297 3049 395 3130 plane
425 3050 505 3130 puto
535 3045 664 3111 facilius
693 3046 842 3128 graviter
864 3066 1001 3130 peccare
1032 3066 1106 3110 eum
1136 3046 1191 3127 qui
1220 3045 1319 3110 alium
1342 3044 1494 3110 inanibus

163 3136 345 3201 rationibus
375 3139 409 3201 et
439 3135 582 3201 consiliis
606 3134 770 3219 decipiens
798 3155 818 3199 a
841 3134 998 3217 religione
1022 3134 1189 3211 retrahat,
1219 3154 1317 3215 quam
1341 3154 1415 3198 eum
1440 3134 1494 3216 qui

163 3230 302 3291 vocatus
325 3224 531 3291 vocationem
554 3224 646 3306 sequi
670 3224 753 3290 nolit
776 3228 875 3306 atque
904 3245 939 3289 se
969 3224 1075 3308 ipsum
1099 3223 1185 3288 futili
1209 3222 1338 3288 ratione
1363 3222 1493 3306 decipit.

165 3314 305 3378 Gravius
322 3314 407 3379 enim
424 3313 560 3395 obligor,
586 3334 626 3378 ne
650 3313 748 3378 alium
771 3313 998 3378 fraudulenter
1015 3312 1150 3377 deiciam
1175 3333 1193 3377 e
1217 3311 1423 3395 possessione
1440 3312 1492 3376 vel

164 3407 291 3469 ecerta
313 3424 371 3486 spe
390 3402 605 3469 assecutionis
620 3402 730 3484 magni
748 3402 833 3481 boni,
858 3423 954 3484 quam
975 3402 1112 3483 obligor,
1137 3406 1173 3468 ut
1196 3401 1267 3485 ipse
1286 3401 1403 3465 bonum
1429 3422 1493 3465 non

165 3491 308 3557 debitum
333 3492 584 3576 apprehendam.
631 3491 679 3557 uf.
705 3492 736 3558 S.
760 3491 875 3574 Alph.
901 3491 956 3567 IV,
983 3493 1034 3556 77.

253 3597 292 3663 R.
318 3599 348 3662 3.
395 3596 560 3672 Quomodo
584 3596 648 3672 ille,
673 3596 727 3679 qui
752 3596 891 3662 alterum
916 3597 957 3661 ab
981 3595 1094 3662 ordine
1117 3593 1269 3677 religioso
1294 3594 1417 3661 avertit
1441 3595 1493 3659 vel

164 3685 349 3767 ingressum
372 3685 522 3763 retrahit,
546 3690 616 3750 tum
640 3685 714 3750 huie
737 3690 807 3752 turn
831 3685 1006 3767 aliquando
1028 3683 1131 3750 ordini
1155 3683 1309 3766 religioso
1333 3682 1375 3750 ad
1399 3704 1494 3767 repa-

165 3775 269 3839 randa
302 3775 422 3840 damna
453 3781 487 3841 et
517 3774 668 3840 iniuriam
697 3774 802 3840 teneri
832 3774 953 3858 possit,
984 3796 1049 3839 non
1079 3774 1142 3838 huc
1171 3774 1332 3857 pertinet,
1364 3773 1422 3837 sed
1452 3772 1492 3837 ad

166 3863 437 3946 quaestiones-de
460 3863 587 3929 iustitia
607 3870 706 3945 atque
725 3864 765 3928 de
788 3863 988 3945 obligatione
1005 3862 1206 3946 reparandae
1222 3861 1368 3928 iustitiae
1384 3862 1492 3927 laesae

166 3959 200 4019 et
223 3954 400 4018 secundum
424 3953 583 4036 principia
607 3953 646 4017 de
670 3952 878 4018 restitutione
902 3974 943 4016 ex
967 3953 1085 4017 damno
1103 3952 1197 4016 illato
1220 3952 1413 4017 solvendum
1433 3956 1491 4016 est.

479 4187 507 4251 Α
532 4188 673 4254 STATU
696 4188 928 4255 RELIGIOSO
953 4188 1181 4256 RECESSUS.

733 4348 844 4415 Casus.
872 4356 929 4422 (82)

257 4489 433 4548 Heliodorus
456 4495 558 4548 contra
573 4490 755 4548 voluntatem
777 4494 932 4566 parentum
953 4489 984 4546 in
999 4489 1129 4547 ordinem
1149 4488 1319 4563 religiosum
1340 4489 1490 4564 ingressus

168 4576 238 4628 vota
261 4570 367 4629 emisit.
409 4570 518 4627 Verum
546 4571 634 4645 paulo
663 4576 732 4646 post
752 4575 855 4628 exorto
878 4569 975 4644 aliquo
997 4569 1158 4628 infortunio
1183 4575 1324 4645 parentes
1350 4569 1490 4645 incipiunt

168 4652 255 4709 valde
277 4670 373 4724 egere.
416 4649 528 4721 Quibus
549 4650 727 4710 Heliodorus
748 4650 873 4727 primum
894 4650 989 4709 inscio
1011 4670 1064 4708 suo
1090 4650 1241 4726 superiore
1264 4668 1318 4726 per
1339 4669 1390 4721 ea,
1419 4666 1490 4725 quae
