3106 5168
172 286 237 350 442
310 283 350 336 De
370 283 517 338 virtutibus
535 287 563 338 st
580 283 678 338 officiis
696 301 762 352 erga
780 283 909 337 homines.
928 312 963 321 —
982 281 1034 337 Off.
1053 282 1125 337 circa
1143 282 1214 337 bona
1232 285 1357 337 externa.

172 466 308 545 propter
331 461 485 526 facillime
515 481 574 543 per
603 481 710 543 aquae
733 461 925 527 mixtionem
949 459 1110 526 iniust'tia
1131 459 1262 525 ratione
1285 458 1387 542 pretii
1412 479 1496 523 com·

173 549 325 616 mittitur.
373 549 590 615 Nihilominus
620 550 876 616 considerandae
907 556 984 616 6661
1014 549 1195 633 peculiares
1218 546 1496 614 circumstantiae.

173 638 260 704 Nam
284 659 314 704 v,
339 660 371 721 g.
395 638 422 703 61
446 638 622 704 Dioscorus
645 639 745 705 habet
767 640 819 704 lac
842 638 1003 705 communi
1026 637 1134 722 specie
1157 637 1312 721 pinguius
1335 641 1371 703 ot
1394 656 1497 719 aquae

174 727 331 794 mixtione
354 727 474 809 exigua
497 728 625 794 reducit
647 727 737 793 idad
762 728 954 809 qualitatem
979 722 1198 804 communem}
1223 725 1381 792 existimo
1407 725 1499 790 Dios·

175 837 286 881 corum
310 817 472 893 excusari,
496 817 639 881 maxime
663 817 690 881 61
714 838 794 883 vera
817 816 899 894 sint,
924 837 1007 900 quae
1030 816 1242 900 praetendat:
1270 815 1423 897 alioquin
1445 836 1500 899 po·

173 905 239 972 tius
263 910 438 988 cogeretur
460 907 552 987 infra
583 926 753 971 commuue
783 906 922 989 pretium
953 906 1112 982 vendere,
1143 904 1303 987 siquidem
1328 925 1499 969 commune

174 994 314 1078 pretium
338 995 382 1060 sit
405 1015 464 1077 pro
487 995 584 1060 rebus
608 995 778 1077 qualitatis
801 996 1015 1061 communiter
1038 993 1250 1059 occurrentis.

263 1100 302 1166 R.
328 1103 358 1169 2.
405 1099 562 1166 Similiter
592 1101 642 1166 dic
672 1102 712 1166 de
742 1101 983 1167 adulteratione
1014 1100 1150 1166 farinae.
1198 1098 1393 1165 Generatim
1418 1099 1500 1164 eninr

173 1188 255 1254 haec
277 1188 444 1272 prohiberi
468 1190 582 1266 debet;
606 1194 752 1256 attamen
778 1191 810 1256 iu
833 1190 1051 1273 peculiaribus
1074 1187 1237 1254 adiunctis
1265 1188 1334 1253 ista
1356 1187 1500 1272 prohibi·

174 1277 221 1344 tio
245 1282 385 1345 nonest
415 1278 510 1343 nimis
541 1279 697 1361 urgenda.
722 1317 767 1326 -
791 1279 945 1345 Graviter
974 1283 1085 1345 tamen
1115 1276 1344 1343 interdicenda
1367 1276 1499 1356 erit,si

175 1370 295 1449 agatur
318 1367 359 1432 16
388 1367 512 1443 farina,
546 1388 589 1433 ex
621 1389 685 1450 qua
715 1372 897 1451 coquantur
926 1388 1028 1452 panes
1061 1366 1262 1432 orbiculares
1293 1387 1356 1450 pro
1381 1365 1499 1431 Missae

175 1455 335 1521 sacrificio
360 1455 543 1522 adhibendi.

264 1561 303 1626 R.
329 1563 359 1626 3.
407 1561 458 1625 Ex
481 1581 517 1625 66
540 1560 676 1642 gravius
699 1561 802 1627 videri
825 1566 951 1646 potest,
983 1561 1069 1645 quod
1098 1581 1152 1625 res
1181 1561 1278 1644 plene
1308 1561 1422 1627 altera
1443 1581 1498 1644 pro

175 1650 283 1716 altera
313 1650 484 1715 vendatur.
532 1651 654 1715 Verum
686 1651 785 1716 etiam
821 1651 853 1715 in
883 1652 944 1716 hoc
974 1650 1132 1715 videndus
1164 1652 1217 1714 est
1247 1670 1328 1714 usus
1360 1654 1397 1716 61
1428 1671 1498 1714 oon·

177 1738 326 1804 suetudo.
359 1738 447 1804 Nam
469 1739 497 1804 si
521 1740 699 1805 communis
723 1761 800 1804 6666
824 1740 901 1818 fert,
926 1746 963 1806 ut
987 1743 1099 1805 certae
1122 1759 1176 1804 res
1192 1742 1357 1804 vocentur
1372 1739 1497 1803 nomine

177 1827 380 1893 emendicato
404 1849 422 1893 e
445 1849 481 1893 re
505 1827 600 1893 simili
626 1829 769 1905 meliore,
794 1850 835 1894 ne
858 1829 890 1894 id
915 1829 1044 1911 quidem
1069 1848 1128 1910 pro
1144 1827 1308 1893 iniustitia
1332 1827 1389 1892 vel
1414 1849 1497 1893 men·

178 1915 269 1981 dacio
300 1917 415 1982 haberi
445 1917 557 1983 debet:
589 1917 616 1982 si
647 1918 741 1982 modo
764 1918 891 1985 iustitia
921 1918 953 1982 16
976 1917 1082 2002 pretio
1113 1920 1281 1992 servetur,
1314 1937 1424 1999 neque
1446 1938 1497 1982 ex·

176 2025 366 2088 pressores
396 2006 525 2089 proprie
555 2006 620 2071 isto
650 2007 779 2072 nomine
809 2007 977 2073 intellecta
1009 2006 1194 2090 postuletur
1217 2005 1271 2070 vel
1302 2026 1345 2071 ea
1368 2004 1495 2071 solaad

177 2114 269 2159 usum
294 2094 495 2160 declaratum
520 2098 599 2179 apta
622 2095 675 2161 sit.
708 2096 954 2162 Examinandus
970 2096 1071 2178 igitur
1087 2093 1231 2160 nonnihil
1256 2097 1310 2160 est
1326 2094 1497 2161 Dioscorus

177 2184 283 2264 quoad
308 2184 371 2248 6161
394 2184 624 2251 vendit-ionem.

266 2289 305 2354 R.
330 2293 360 2355 4.
404 2290 494 2355 Haec
518 2290 648 2372 quidem
671 2289 828 2374 imprimis
843 2289 1032 2356 referuntur
1056 2289 1098 2355 ad
1112 2293 1329 2368 mercatores,
1355 2291 1412 2374 qui
1426 2312 1497 2356 ven·

178 2377 260 2444 dunt
283 2398 336 2442 res
359 2378 401 2444 ad
424 2378 647 2444 immediatum
672 2400 766 2443 usum
790 2379 897 2445 victus
921 2382 954 2445 et
978 2377 1243 2462 consumptionis.
1275 2377 1368 2444 Nam
1392 2380 1421 2446 si
1437 2379 1497 2462 agi·

177 2469 233 2531 tur
257 2466 296 2530 de
320 2466 442 2532 maiore
472 2489 579 2531 rerum
605 2468 806 2549 quant'tate,
841 2489 924 2550 quae
947 2467 981 2532 in
1011 2466 1234 2550 negotiatione
1258 2469 1451 2536 venduntur
1471 2471 1498 2534 61

179 2555 219 2619 ab
242 2554 322 2637 ipsis
345 2555 582 2621 mercatoribus
606 2562 772 2634 emuntur,
804 2558 900 2639 longe
930 2556 1058 2621 facilius
1089 2555 1253 2623 iniustitia
1277 2559 1496 2632 committitur,

179 2664 250 2707 cum
275 2643 332 2708 vix
355 2643 425 2709 fieri
448 2644 568 2728 possit,
599 2649 636 2710 ut
665 2667 729 2710 non
759 2647 818 2711 fiat
845 2646 992 2729 deceptio
1017 2646 1048 2710 in
1079 2644 1184 2727 pretio
1209 2648 1244 2710 et
1267 2646 1301 2711 16
1328 2648 1378 2713 rei
1402 2647 1498 2732 specie

179 2752 333 2814 expresse
357 2734 533 2815 postulata.

438 2959 649 3025 VENDITIO
674 2960 870 3026 EIUSDEM
897 2959 972 3024 REI
998 2960 1066 3025 BIS
1090 2960 1244 3027 FACTA.

735 3116 845 3182 Casus.
872 3123 949 3192 (sn)

267 3261 293 3316 A
317 3258 412 3318 Gellio
433 3258 539 3317 Petrus
561 3257 631 3315 emit
652 3259 771 3314 anulum
792 3257 968 3332 pretiosum;
992 3263 1023 3314 61
1044 3276 1110 3316 eum
1131 3257 1262 3316 nondum
1286 3261 1499 3328 6666616661,

180 3338 230 3396 661
246 3339 380 3414 sequenti
396 3338 442 3395 die
459 3358 492 3396 se
506 3337 662 3395 missurum
677 3336 749 3395 dicit
769 3336 817 3410 qui
842 3337 959 3395 anulum
982 3357 1081 3396 secum
1096 3339 1175 3396 forat
1196 3342 1227 3396 et
1247 3341 1384 3414 pretium
1405 3343 1499 3401 solvat.

179 3418 298 3476 Interea
320 3419 445 3489 Paulus,
475 3418 521 3475 cui
549 3418 624 3475 idem
646 3418 695 3475 ille
717 3418 822 3474 anulus
851 3418 964 3493 placet,
995 3417 1091 3477 Gellio
1112 3437 1165 3493 pro
1187 3420 1287 3494 pretio
1312 3423 1373 3480 loo
1395 3439 1499 3481 marcas

180 3499 305 3573 amplius
321 3500 415 3557 offert.
451 3497 563 3556 Gellius
581 3498 671 3572 igitur
685 3497 778 3555 Paulo
798 3517 863 3555 eum
878 3497 981 3555 vendit
1001 3503 1089 3573 atque
1111 3504 1237 3574 accepta
1258 3502 1392 3576 pecunia
1411 3501 1500 3561 tradit

181 3575 255 3644 Quid
276 3577 349 3636 iuris
371 3578 418 3648 611,
442 3577 636 3636 definiendum
659 3584 713 3647 661,
737 3597 801 3635 oum
817 3576 923 3635 Petrus
946 3579 1063 3636 anulum
1085 3583 1118 3637 ut
1139 3598 1225 3637 suum
1246 3581 1396 3642 reclamet
1417 3599 1501 3658 neque

182 3655 294 3715 Gellius
315 3659 438 3715 alterum
461 3658 577 3717 habeat.

182 3770 357 3840 Quirinos
382 3774 408 3827 1ο
435 3773 565 3830 venditio
586 3772 701 3846 quando
723 3772 823 3830 valeat
845 3776 874 3829 61
896 3772 963 3847 quid
984 3773 1057 3832 iuris
1080 3773 1254 3833 constituat.

379 3862 408 3916 2⁰
434 3860 502 3934 quid
523 3861 709 3919 iudicandum
732 3861 771 3919 sit
792 3860 827 3917 de
848 3861 1018 3919 venditione
1040 3862 1213 3938 posteriore.

379 3951 407 4004 3⁰
434 3949 497 4021 quis
513 3951 627 4023 quando
650 3950 678 4006 in
695 3969 766 4007 casu
782 3949 914 4007 dominos
936 3951 1016 4008 anuli
1039 3952 1136 4008 166166
1158 3952 1198 4009 611
1220 3958 1251 4010 61
1265 3973 1417 4028 quaenam
1438 3954 1503 4014 iuris

433 4028 505 4085 laesi
528 4030 676 4104 reparatio
698 4030 737 4087 611
758 4030 935 4088 necessaria.

774 4221 909 4286 Solutio.

122 4361 173 4414 872
271 4359 323 4423 An
346 4381 536 4435 6666616661
565 4365 599 4423 1¹¹²
624 4362 661 4425 R.
690 4366 716 4426 1.
750 4362 880 4444 Emptio
905 4367 938 4427 et
955 4363 1098 4428 venditio
1115 4365 1284 4445 perficitur
1300 4372 1417 4432 mutuo
1434 4387 1502 4432 con·

184 4468 278 4511 sensu
304 4450 402 4512 dere
427 4454 460 4514 et
483 4450 530 4512 rei
553 4451 675 4531 pretio,
701 4472 741 4513 ex
766 4472 800 4514 se
824 4451 945 4516 suflicit
970 4473 1146 4516 consensus
1171 4455 1333 4532 verbalis;
1368 4478 1409 4522 ex
1434 4477 1503 4521 con·

184 4537 335 4600 ventione
359 4539 412 4601 vel
443 4559 484 4601 ex
515 4539 587 4618 lege
619 4539 651 4602 in
682 4539 873 4619 quibusdam
906 4542 1002 4605 rebus
1033 4541 1154 4622 requiri
1185 4547 1299 4625 potest
1331 4566 1503 4611 consensus

185 4623 304 4704 scripto
329 4625 520 4691 documento
545 4648 728 4708 expressus
