3106 5168
26 274 69 340 80
595 271 638 327 De
655 270 785 342 peccatis.

26 447 172 532 gentiam
202 450 303 530 atque
332 447 489 514 maiorem
518 447 746 527 sanctitatem,
780 448 838 513 sed
868 448 1006 531 optabat
1034 447 1173 514 aliorum
1202 448 1238 514 in
1266 448 1357 516 bisce

27 537 268 615 detrimentum,
291 557 333 601 11
356 536 427 620 ipse
448 535 601 619 ignavior
623 541 657 603 et
679 535 816 602 inferior
838 541 1025 623 appareret.
1066 537 1169 603 Immo
1193 541 1357 620 quatenns

25 627 75 694 ita
96 627 136 691 de
160 625 296 691 aliorum
320 625 444 692 maiore
467 625 647 692 sanctitate
670 646 781 692 coram
797 627 866 692 Deo
890 626 1096 705 tristabatur,
1121 627 1284 694 commisit
1306 626 1357 693 in·

26 716 135 782 vidiae
157 715 298 800 speciem
321 714 508 799 pessimam,
532 735 617 797 quae
635 716 724 781 inter
738 720 878 800 peccata
893 719 1009 782 contra
1025 715 1182 800 Spiritum
1198 716 1357 783 Sanctum

26 809 246 872 enumeratur.

116 910 154 976 R.
180 913 211 978 5.
258 913 396 992 Quintus
424 909 480 975 ille
504 912 643 976 affectus
665 909 789 975 invidia
819 931 883 976 non
906 909 986 994 fuit,
1016 913 1054 976 ut
1076 913 1171 994 patet
1193 931 1237 977 ex
1259 911 1357 978 dictis

27 998 69 1065 ad
91 1000 234 1084 priorem
257 1021 369 1065 casum
393 999 435 1065 ad
459 999 649 1077 Quaesitum
673 999 861 1065 secundum.

116 1114 169 1179 An
192 1134 384 1189 1111111111
408 1117 448 1179 2“
470 1113 510 1181 u.
537 1117 566 1179 l.
613 1114 665 1178 Ad
687 1113 843 1180 invidiam
867 1113 1094 1198 expellendam
1119 1114 1272 1181 conducit
1293 1114 1356 1181 im-

26 1202 139 1285 primis
161 1208 275 1287 petere
297 1225 318 1268 a
337 1203 407 1268 Deo
432 1203 575 1285 gratiam
600 1203 747 1269 sincerae
772 1202 921 1270 caritatis
945 1224 1024 1286 erga
1047 1203 1232 1288 proximum
1255 1207 1358 1287 atque

27 1291 127 1358 etiam
158 1291 365 1358 considerare
397 1292 479 1357 alios
510 1291 658 1358 homines
692 1311 769 1357 vere
800 1313 872 1358 esse
903 1293 1026 1358 fratres
1057 1297 1188 1359 nostros
1218 1298 1357 1360 vocatos

25 1381 163 1447 heredes
186 1381 353 1448 nobiscnm
376 1381 470 1464 regni
494 1380 662 1460 caelestis,
687 1381 741 1446 ubi
765 1402 892 1447 summa
915 1385 968 1448 est
996 1382 1153 1448 bonorum
1177 1382 1357 1449 communi·

27 1470 113 1537 catio
137 1475 172 1538 et
196 1475 344 1537 mutuum
367 1469 408 1535 de
431 1469 524 1536 bonis
547 1470 712 1553 gaudium.

115 1577 155 1643 R.
180 1579 210 1643 2.
263 1575 476 1642 considerare
508 1577 680 1654 convenit,
715 1577 874 1658 quomodo
906 1576 1030 1643 invidia
1060 1576 1208 1644 infelices
1239 1577 1356 1654 faciat,

27 1665 140 1730 felices
164 1666 287 1732 caritas
316 1668 350 1730 et
380 1664 574 1731 benevolum
601 1665 757 1748 gaudium
781 1665 822 1732 de
845 1667 929 1732 bono
953 1667 1070 1734 alieno.
1117 1665 1246 1734 Caritas
1269 1666 1358 1733 enim

26 1753 84 1820 illa
113 1754 210 1833 facit,
241 1759 279 1820 ut
309 1753 417 1820 aliena
447 1755 684 1836 quodammodo
715 1775 788 1822 mea
817 1756 962 1822 evadant
991 1759 1090 1839 atque
1120 1776 1182 1840 ego
1211 1755 1253 1822 iis
1276 1776 1356 1823 vere

26 1842 127 1922 fruar,
152 1848 189 1910 ut
211 1843 303 1909 fruor
325 1843 475 1929 propriis.

115 1949 154 2014 u.
172 1952 203 2016 3.
245 1948 520 2015 Considerandum
544 1952 596 2015 est
619 1949 719 2016 etiam
742 1948 899 2014 invidiam
923 1954 957 2016 et
979 1949 1030 2015 his
1052 1950 1087 2016 in
1109 1949 1208 2016 terris
1224 1949 1356 2018 diabolo

27 2037 165 2104 similem
180 2038 319 2104 reddere
341 2038 487 2104 invidum
511 2043 547 2105 et
569 2059 643 2104 eum
659 2059 731 2104 cum
748 2038 876 2104 diabolo
893 2037 1037 2105 aeternis
1055 2040 1169 2123 poenis
1184 2039 1355 2117 addicere;

27 2149 99 2192 cum
124 2128 329 2194 econtrario
354 2127 476 2194 caritas
506 2130 541 2194 et
570 2127 623 2193 hic
651 2126 814 2194 laetitiam
843 2132 980 2211 generet
1011 2132 1045 2195 et
1071 2150 1131 2213 pro
1154 2129 1262 2196 altera
1284 2130 1357 2196 vita

26 2216 145 2283 merita
168 2220 291 2300 augeat
313 2216 449 2284 infinita.

577 2354 804 2422 AVARITIA.

590 2511 701 2579 tusus.
730 2519 788 2589 (45)

117 2651 254 2723 Orosius,
282 2651 329 2710 vir
356 2651 558 2723 industrialia,
587 2651 708 2712 divitias
737 2652 812 2712 satis
840 2672 964 2727 magnas
992 2654 1158 2729 congessit,
1187 2659 1220 2714 at
1251 2673 1354 2714 earum

27 2731 117 2791 etiarn
138 2732 256 2792 omnino
276 2736 368 2791 tenax
390 2736 443 2792 est.
474 2732 546 2792 Oum
567 2752 601 2791 11
622 2733 697 2792 satis
717 2751 863 2809 superque
884 2734 1001 2792 solvere
1016 2734 1122 2793 debere
1137 2733 1218 2793 dicat
1237 2734 1355 2794 ratione

27 2812 202 2872 tributorum
230 2832 283 2889 pro
311 2813 410 2872 causis
439 2812 641 2872 communibus
669 2818 699 2872 et
726 2812 826 2872 causis
847 2832 1027 2890 pauperum,
1055 2833 1201 2890 pauperes
1222 2815 1354 2875 ostiatim

28 2893 244 2968 eleemosynam
264 2898 401 2969 petentes
423 2893 495 2953 dure
516 2894 593 2953 solet
615 2893 773 2969 repellere;
802 2895 840 2952 ab
867 2892 919 2966 iis,
949 2894 1054 2969 quibus
1082 2895 1236 2955 locaverat
1263 2914 1354 2971 agros

26 2973 75 3032 vel
105 2974 223 3044 domos,
253 2973 350 3049 pretia
377 2992 476 3032 annua
503 2992 607 3033 severe
635 2973 744 3048 exigit,
774 2973 857 3032 nulla
885 2974 1002 3033 ratione
1031 2975 1134 3035 habita
1164 2975 1354 3036 fortuitorum

27 3053 213 3123 damnorum,
236 3072 311 3129 qnae
332 3053 529 3125 occurrerint3
552 3054 654 3113 diebus
676 3052 830 3113 dominicis
852 3058 882 3112 et
902 3054 1004 3125 festis,
1027 3056 1141 3130 quando
1163 3075 1181 3114 a
1201 3056 1354 3116 laboribus

26 3139 124 3204 vacat,
146 3133 302 3210 perbonas
323 3133 399 3193 solet
419 3153 452 3194 ee
472 3133 623 3193 includere
643 3134 675 3192 in
689 3134 854 3193 cubiculum
874 3134 972 3210 ibique
993 3153 1058 3193 oum
1073 3155 1182 3210 magna
1195 3136 1354 3197 affectione

25 3215 207 3290 perlustrare
235 3213 338 3273 titulos
359 3213 561 3289 pecuniarios:
591 3232 629 3272 ex
650 3215 755 3289 quibus
776 3233 841 3273 cum
863 3213 1071 3273 animadvertit
1093 3220 1204 3275 certum
1226 3217 1353 3293 aliquem

25 3294 127 3353 valore
149 3294 320 3353 destitutum
349 3313 416 3353 esse
444 3296 481 3353 ob
508 3298 624 3370 tempus
653 3293 855 3353 conversionis
879 3295 1028 3371 elapsum,
1056 3295 1246 3356 nibilominus
1273 3299 1354 3357 frau-

26 3374 160 3432 dulenter
186 3374 269 3433 illum
297 3393 362 3432 cum
391 3373 458 3433 aliis
485 3393 538 3450 pro
567 3375 714 3433 solutione
741 3374 905 3433 debitorum
933 3375 1073 3452 expendit
1100 3380 1189 3452 atque
1215 3376 1259 3436 111
1281 3397 1299 3437 1
1320 3398 1354 3438 11

27 3456 104 3513 1000
125 3473 291 3513 marcarum
311 3454 449 3513 damnum
469 3454 587 3513 avertit.

114 3534 262 3593 Arcadius
290 3534 540 3608 congerendarum
562 3533 730 3593 divitiarum
759 3533 904 3594 desiderio
933 3541 1037 3612 captus
1068 3555 1140 3612 erga
1168 3556 1293 3596 uxorem
1322 3543 1353 3598 et

25 3614 167 3672 familiam
189 3614 309 3673 exsistit
329 3633 446 3691 parcus,
467 3615 511 3673 ita
531 3619 565 3673 ut
584 3613 628 3672 illi
642 3612 778 3690 querelas
793 3614 933 3686 excitent,
955 3616 1032 3692 quod
1053 3636 1113 3676 non
1134 3617 1251 3694 possint
1270 3637 1352 3678 more

26 3693 148 3752 aliorum
170 3694 309 3753 liberales
331 3714 364 3753 11
385 3694 524 3753 exhibere
544 3713 639 3769 neque
659 3693 784 3770 publicis
804 3695 950 3754 iuteresse
972 3697 1167 3773 spectaculis3
1195 3698 1353 3774 aliquoties

26 3774 114 3833 etiam
143 3793 241 3834 amore
269 3775 409 3833 notabilis
436 3773 511 3832 lucri
539 3774 642 3833 diebus
669 3774 756 3833 festis
777 3774 899 3834 Sacrum
923 3776 1038 3845 omisit,
1067 3796 1241 3853 quamquam
1268 3779 1351 3837 lucro

24 3855 194 3913 nullatenus
214 3854 336 3929 indiget,
358 3854 410 3914 sed
429 3874 507 3913 vano
528 3859 642 3912 tantum
664 3853 768 3913 timore
789 3855 882 3927 timet,
903 3875 941 3914 ne
956 3856 1081 3916 diversis
1102 3856 1255 3918 infortunii
1277 3860 1352 3918 oasi-

25 3936 80 3993 bus
101 3937 179 3993 bona
201 3934 347 3994 deficiant.

26 4038 202 4109 Quarurrur
223 4041 253 4098 1⁰
278 4059 352 4116 quae
374 4039 413 4099 111
433 4039 562 4099 avaritia
583 4039 698 4115 quodve
718 4046 882 4116 peccatum.

223 4129 253 4187 20
279 4130 419 4204 quomodo
442 4128 563 4188 Crusius
585 4134 615 4187 et
635 4129 782 4188 Arcadius
807 4129 838 4188 11
859 4130 985 4206 singulis
1007 4132 1126 4192 casibus
1151 4134 1350 4210 peccaverint.

223 4220 253 4276 3⁰
278 4238 353 4293 quae
375 4218 435 4278 sint
455 4218 584 4277 remedia
606 4223 709 4276 contra
730 4219 887 4279 avaritiam
908 4221 1074 4282 indicanda.

621 4384 755 4453 solutio.

0 4550 11 4593 1
113 4529 166 4593 An
183 4548 374 4604 Quaasrruu
394 4531 429 4592 1¹¹¹
453 4529 536 4595 111.
570 4527 722 4595 Avaritia
737 4529 913 4593 secuudum
931 4530 961 4596 S.
980 4530 1113 4599 Thom.
1132 4535 1161 4611 2,
1180 4535 1210 4612 2,
1228 4555 1258 4617 q.
1275 4537 1353 4621 118,

25 4640 54 4685 a.
75 4622 106 4683 l:
135 4622 205 4695 ,est
228 4617 461 4683 immoderatus
485 4640 577 4683 amor
599 4618 739 4684 habendi
762 4638 820 4683 seu
844 4619 1064 4694 divitiarum“,
1088 4621 1142 4687 vel
1164 4622 1240 4690 ibid.
1263 4645 1294 4692 a.
1311 4627 1349 4691 3:
