3106 5168
316 273 386 327 luris
404 273 472 328 laesi
490 275 632 345 reparatio.
653 306 685 315 —
706 277 939 329 Ercuaotioiuata
958 278 1125 328 anabiuda.
1315 280 1379 342 391

151 449 204 514 An
234 471 424 526 ounusrruu
456 453 493 514 2¹¹¹
524 451 562 517 R.
590 453 617 515 l.
665 451 699 516 si
729 451 909 517 communis
938 451 1037 516 fuerit
1066 450 1176 518 mariti
1207 455 1240 516 et
1271 451 1444 516 uxori8715

61 538 260 619 negotiatio,
291 539 338 606 ita
368 543 405 604 ut
434 560 493 623 per
522 540 652 605 modum
682 540 851 606 societatis
874 544 985 605 essent
1015 541 1113 614 uuiti,
1145 547 1244 621 atque
1268 540 1381 604 eadem

60 649 147 691 nunc
178 627 298 693 mansit
325 629 484 705 ,Firma“‚
515 650 599 710 quae
623 628 732 695 debita
763 633 991 695 contraxerat:
1021 629 1054 693 id
1078 629 1163 710 quod
1187 629 1307 694 dictum
1331 634 1383 695 est

61 717 103 780 de
120 716 264 792 Castore,
289 718 388 783 etiam
413 718 453 782 ad
478 717 546 782 eius
570 738 705 782 uxorem
729 718 867 802 applica.
906 717 941 782 Si
963 738 1042 782 vero
1065 717 1137 801 ipsa
1161 738 1219 782 suo
1243 717 1382 792 nomine,

62 807 138 869 dum
162 805 242 871 Cato
267 806 411 884 viveret,
444 806 567 889 negotii
596 806 686 872 socia
716 828 779 871 non
804 811 876 872 erat
905 826 1009 888 nequa
1038 808 1173 872 eandem
1202 807 1377 882 ,Firmam“

61 894 243 968 continuat,
268 895 355 960 circa
378 895 488 960 debita
512 916 532 960 a
555 896 690 962 Castore
714 900 894 972 contracta,
919 896 1018 960 etiam
1042 896 1170 978 quando
1194 897 1310 961 Castor
1332 901 1383 960 tc·

61 988 190 1062 neatur,
214 984 285 1067 ipsa
308 1005 372 1049 non
396 989 536 1061 tenetur,
561 984 622 1049 nisi
647 988 850 1070 inquantum
874 985 1028 1051 amarito
1051 985 1136 1050 bona
1161 984 1289 1049 residua
1309 988 1383 1067 post

61 1073 133 1137 eius
157 1078 295 1138 mortem
318 1073 490 1157 acceperit.

152 1180 192 1245 R.
210 1182 239 1245 2.
278 1179 386 1262 Magis
402 1180 511 1256 etiam,
536 1181 564 1244 si
588 1202 670 1245 uxor
686 1202 743 1246 seu
761 1180 859 1246 vidua
882 1186 955 1264 post
975 1179 1083 1245 mariti
1099 1182 1237 1244 mortem
1253 1177 1383 1261 proprio

61 1268 192 1333 nomine
208 1269 378 1349 negotiata
394 1273 445 1334 est
461 1270 511 1332 vel
537 1270 601 1334 alio
625 1270 720 1334 modo
744 1271 829 1334 bona
845 1269 1028 1352 acquisivit,
1054 1290 1096 1334 ex
1111 1268 1151 1332 iis
1174 1289 1237 1332 non
1254 1272 1384 1333 tenetur

61 1357 173 1422 mariti
190 1358 299 1423 debita
315 1360 457 1433 solvere3
481 1358 578 1440 idque
594 1380 634 1423 no
650 1366 719 1424 tum
737 1359 876 1441 quidem,
901 1358 928 1423 si
944 1358 1081 1425 maritus
1097 1357 1128 1421 in
1146 1357 1242 1440 culpa
1256 1356 1383 1431 fuisset,

63 1445 159 1510 modo
182 1446 254 1529 ipsa
278 1448 406 1530 culpam
429 1469 493 1512 non
517 1447 724 1516 commiserit.
770 1448 857 1512 Nam
881 1446 1053 1512 exsulante
1077 1446 1189 1529 culpa,
1213 1466 1297 1510 uxor
1319 1466 1384 1508 non

62 1539 174 1617 potest
197 1536 303 1601 teneri
326 1536 386 1600 nisi
411 1558 452 1600 ex
477 1537 565 1601 bonis
589 1541 743 1621 acceptia,-
765 1558 896 1614 verum,
921 1541 957 1601 ut
980 1535 1186 1620 supponitur,
1210 1535 1282 1618 ipsa
1305 1533 1385 1598 nibil

63 1646 85 1689 a
108 1624 227 1690 marito
252 1625 378 1708 accepit
402 1646 506 1707 neque
530 1647 550 1690 a
573 1625 682 1690 mariti
706 1625 921 1690 creditoribus
943 1625 1015 1709 ipsa
1038 1628 1220 1708 acceperat.

154 1730 193 1796 R.
219 1733 248 1796 3.
286 1731 319 1795 Si
343 1751 421 1795 vero
445 1731 536 1795 fraus
559 1730 755 1807 intercessit,
781 1732 843 1797 etsi
866 1752 976 1796 coram
999 1732 1072 1813 lege
1096 1729 1182 1795 civili
1206 1729 1297 1795 fraus
1320 1747 1448 1800 uon776

63 1818 169 1902 possit
192 1820 322 1901 probari
346 1820 399 1885 vel
423 1841 481 1903 pro
505 1820 621 1884 fraude
644 1842 709 1884 non
731 1820 907 1897 habeatur,
933 1841 963 1885 v.
988 1841 1020 1901 g.
1045 1821 1091 1895 si,
1120 1824 1195 1902 post
1219 1818 1385 1900 cognitum

63 1907 195 1972 labilem
226 1912 348 1973 statum
381 1909 548 1985 fortunae,
578 1931 655 1992 pars
686 1910 840 1973 bonorum
872 1910 1035 1974 translata
1064 1908 1164 1974 fuerit
1193 1908 1225 1971 in
1249 1929 1385 1972 uxorem

63 2001 165 2077 atque
195 1996 267 2061 ideo
298 1997 511 2062 creditoribus
541 1999 728 2064 subtracta:
759 2019 843 2062 uxor
873 1999 973 2063 etiarn
1003 2002 1078 2080 post
1107 1996 1217 2062 mariti
1246 2002 1386 2063 mortam

63 2090 197 2152 tenetur
217 2086 256 2150 de
280 2087 428 2151 omnibus
452 2087 588 2161 damnis,
613 2108 696 2169 quae
719 2088 780 2152 hac
804 2087 921 2169 agendi
945 2087 1072 2152 ratione
1096 2086 1274 2151 creditores
1296 2085 1385 2169 passi

63 2178 152 2240 sunt.
189 2174 222 2239 Si
242 2175 352 2257 igitur,
378 2176 506 2257 quando
522 2176 613 2240 fraus
629 2197 692 2240 non
709 2176 901 2254 exstitisset,
927 2175 1104 2241 creditores
1119 2175 1281 2257 integram
1298 2175 1386 2239 solu-

64 2264 188 2328 tionem
212 2265 414 2348 accepisseut
437 2265 507 2329 sive
531 2265 641 2330 statim
667 2265 736 2329 sive
755 2270 879 2348 postea,
904 2286 942 2329 eo
959 2264 1044 2346 quod
1068 2263 1205 2329 maritus
1221 2263 1386 2329 consuetis

64 2352 226 2417 industria
245 2358 278 2419 et
297 2355 408 2418 labore
425 2354 645 2419 verisimiliter
664 2375 702 2418 ea
721 2354 906 2419 lucraturus
925 2353 1041 2420 fuisset
1060 2374 1144 2435 quae
1163 2352 1204 2419 ad
1223 2354 1385 2435 integram

64 2442 260 2507 solutionem
290 2443 510 2508 suffecissent:
544 2464 625 2508 uxor
648 2442 747 2508 vidua
772 2443 880 2507 omnia
909 2443 1037 2508 solvere
1061 2442 1158 2508 debet
1187 2463 1290 2525 caque
1313 2462 1386 2506 cum

65 2531 189 2604 usuris,
220 2531 247 2595 si
278 2532 456 2597 creditores
487 2531 585 2597 etiam
610 2533 671 2596 hac
696 2532 727 2596 in
752 2553 788 2596 re
811 2532 964 2597 damnum
987 2533 1203 2597 incurrerunt.
1250 2531 1284 2596 Si
1307 2552 1386 2596 vero

64 2620 211 2684 Castoris
235 2620 380 2685 condicio
404 2642 443 2686 ea
467 2626 552 2698 erat,
578 2625 630 2698 ut,
655 2620 784 2686 etiamsi
807 2620 939 2686 fraudes
963 2642 1027 2686 non
1051 2625 1161 2686 essent
1184 2620 1386 2697 commissae,

64 2710 229 2790 integram
259 2710 453 2775 solutionem
482 2710 592 2775 facere
623 2731 687 2775 non
717 2709 895 2794 potuisset,
927 2710 1025 2775 etiam
1051 2711 1119 2775 eius
1143 2710 1242 2776 vidua
1271 2715 1387 2794 postea

65 2819 129 2861 non
155 2802 286 2863 tenetur
309 2803 415 2864 totum
439 2799 577 2876 solvere,
602 2800 659 2864 sed
684 2821 756 2864 eam
780 2804 918 2882 partem,
943 2800 975 2864 in
999 2821 1063 2881 qua
1087 2799 1129 2865 ad
1152 2799 1272 2864 efficax
1296 2799 1387 2864 dam-

65 2908 142 2951 num
168 2887 364 2953 creditorum
388 2893 564 2971 cooperata
586 2892 647 2956 eat.

156 2994 194 3059 R.
220 2997 251 3060 4.
299 2995 349 3059 Ad
375 2995 529 3058 honorem
553 2994 663 3060 mariti
693 2994 819 3077 plenius
842 2994 1038 3058 servandum
1063 2994 1236 3059 convenire
1259 2993 1389 3075 quidem

66 3087 187 3168 potest,
211 3088 248 3148 ut
271 3105 370 3161 uxor,
395 3083 537 3149 maximo
561 3084 588 3147 si
613 3085 696 3148 idem
720 3088 771 3148 est
794 3082 961 3164 negotium
985 3082 1070 3164 quod
1094 3083 1153 3147 sub
1176 3104 1235 3146 suo
1259 3082 1388 3163 quidem

66 3194 153 3237 nunc
176 3172 306 3238 nomine
330 3173 508 3247 continuat,
533 3177 648 3254 postca
671 3172 798 3253 integre
822 3173 946 3247 solvat;
972 3193 1086 3235 verum
1109 3173 1295 3257 oblipotr'ono
1318 3170 1388 3234 veri

66 3261 207 3326 nominis
230 3284 294 3327 nou
318 3266 461 3339 tenetur,
487 3261 549 3325 uisi
573 3270 791 3327 contrariosa
815 3261 856 3326 ad
879 3261 940 3324 hoc
963 3260 1168 3343 obligaverit.
1215 3259 1301 3324 Nam
1326 3258 1388 3323 etsi

66 3353 154 3416 forto
185 3357 260 3433 post
289 3351 441 3417 maritum
466 3350 654 3415 defunctum
677 3350 746 3414 eius
777 3349 943 3430 negotium
969 3373 1057 3428 ,cum
1081 3348 1225 3414 omnibus
1248 3351 1337 3414 bonis
1362 3358 1389 3412 et

65 3440 199 3505 ‹lebitis“
218 3441 407 3522 assumpsit:
425 3441 505 3504 haec
521 3460 579 3522 per
596 3460 630 3503 sc
647 3439 881 3520 intelleguntur
896 3438 935 3502 de
952 3437 1082 3519 negotio
1099 3437 1277 3503 secundum
1292 3457 1388 3522 prae-

65 3536 195 3596 sentem
218 3551 311 3594 suam
335 3529 564 3606 condicionem,
589 3549 653 3592 non
677 3528 852 3592 secundum
877 3526 1098 3592 condicionem
1120 3527 1343 3612 praeteritam.

247 3768 581 3835 RESTITUTIONIS
605 3767 761 3834 ELUSIO
785 3767 916 3834 IUSTA
938 3767 1002 3834 AN
1024 3766 1214 3835 INlUSTA.

624 3926 734 3992 Casus.
762 3933 838 4001 (239)

157 4073 285 4133 Irminus
307 4093 411 4149 equum
433 4073 508 4149 apud
530 4073 684 4132 Albartum
707 4073 921 4146 collocaverat,
950 4094 1003 4151 pro
1026 4076 1165 4153 expensis
1189 4076 1338 4135 soluturus
1360 4082 1390 4135 et

67 4176 138 4215 mox
166 4175 232 4213 eum
260 4154 447 4230 repetiturus.
488 4154 531 4210 lte
559 4173 630 4212 vera
658 4154 800 4229 postridie
828 4157 922 4213 iratus
950 4156 980 4213 in
1008 4156 1123 4214 domum
1151 4156 1265 4214 Alberti
1295 4156 1389 4225 irruit,

67 4255 175 4313 equum
196 4254 280 4292 suurn
301 4234 471 4310 postulans,
500 4253 602 4308 quem,
632 4239 664 4291 ut
685 4234 824 4292 Albertua
846 4234 1008 4305 intellexit,
1038 4237 1234 4295 conscendere
1262 4236 1326 4293 vult
1353 4236 1390 4293 ad

67 4316 219 4376 inimicum
240 4314 471 4391 persequendum
487 4333 609 4389 eumque
630 4314 863 4374 interimendum.
894 4313 957 4383 Quo
978 4315 1138 4386 intellecto,
1160 4317 1301 4374 Albertus
1322 4316 1389 4375 ilico

68 4395 160 4455 mittit
182 4395 331 4466 famulum,
353 4399 386 4452 ut
406 4394 508 4452 Irmini
530 4413 635 4468 equum
657 4395 763 4452 educat
783 4395 812 4451 in
835 4414 933 4469 agros,
955 4400 1043 4470 atque
1064 4396 1141 4471 apud
1161 4395 1301 4453 lrminum
1324 4414 1389 4453 con·

67 4477 209 4553 queritur,
232 4476 317 4533 fatali
339 4494 411 4532 casu
433 4493 536 4548 equum
559 4493 624 4531 curn
646 4473 713 4532 aliis
728 4474 864 4532 eductum
886 4494 952 4533 essa
973 4475 1003 4533 in
1020 4495 1116 4550 agros.
1152 4474 1234 4543 Quod
1249 4475 1389 4533 Irminum

68 4557 184 4633 quidem
206 4556 237 4613 in
251 4556 379 4614 furorem
400 4555 522 4623 excitat,
544 4572 608 4611 cum
624 4554 722 4611 videat
744 4573 776 4611 so
792 4554 960 4613 fraudatum
981 4574 1033 4631 spe
1056 4554 1166 4614 inimici
1187 4554 1388 4627 interirnendi3

68 4638 137 4696 hinc
158 4637 288 4695 minatur
309 4656 342 4694 se
364 4640 467 4693 contra
488 4636 641 4693 Albertum
664 4640 798 4691 acturum
820 4653 886 4692 esse
908 4634 943 4692 da
966 4635 1072 4693 damno
1094 4634 1149 4693 sibi
1171 4635 1262 4693 illato.
