3106 5168
146 290 213 357 460
283 284 1329 355 mvuunbmcofflsilurgabomua.-0aelmbmxsm

235 462 403 529 Eiusmodi
425 482 552 543 oanan,
575 464 738 546 qnatenus
759 462 830 529 iure
843 462 988 530 naturali
1011 463 1175 531 exsismnt
1196 460 1469 549 neque-positiva

147 553 222 635 lege
243 550 393 637 impediri
414 556 562 637 possunt,
585 550 687 619 babes
711 550 745 635 l)
766 572 806 619 eo
828 552 916 635 quod
931 552 1019 619 alter
1032 552 1231 619 contrahens
1244 551 1368 621 iniuste
1389 554 1470 635 agat

149 660 230 725 erga
252 640 393 709 alterum
414 640 450 707 iu
463 642 562 707 rebus
577 643 766 707 contractus
781 660 886 725 neque
900 640 1044 707 monitus
1066 640 1149 707 velit
1170 640 1349 719 desistere;
1373 638 1409 723 2)
1430 660 1470 707 eo

148 730 236 813 quod
258 750 301 797 ex
322 729 452 798 ratione
473 728 654 815 improvisa
668 732 859 797 contractus
881 729 1004 798 evadat
1018 730 1115 797 nimis
1129 728 1243 813 gavia
1255 748 1366 814 neque
1386 728 1470 797 sumi

147 818 254 905 possit
274 818 318 886 ad
338 817 497 885 eiusmodi
520 821 660 885 eventus
683 818 915 903 obligationem
936 823 1124 903 susceptam
1146 818 1291 887 extendi.

237 922 277 991 R.
301 926 333 992 3.
378 922 456 991 Non
478 944 554 991 raro
577 923 740 1009 positivae
762 924 856 1009 legas
878 923 1065 993 accuratius
1087 923 1246 992 deliniunt
1268 944 1406 1003 musas,
1429 924 1470 991 ob

148 1033 231 1097 quas
245 1012 324 1081 licet
337 1013 451 1081 statim
467 1034 489 1082 a
503 1016 675 1081 contractu
687 1012 850 1093 recedere,
863 1016 898 1081 et
912 1013 995 1080 alias
1007 1033 1125 1081 causas
1136 1015 1178 1081 ob
1192 1033 1276 1097 quas
1290 1012 1382 1079 solus
1393 1032 1471 1079 con·

148 1100 276 1169 ceditur
296 1122 448 1169 recursus
464 1101 508 1169 ad
527 1100 675 1170 iudicem.
706 1100 818 1187 Atque
838 1103 946 1186 quoad
960 1101 1156 1171 famulatum
1171 1100 1387 1169 domesticum
1402 1102 1471 1188 pls·

148 1210 287 1275 rumque
309 1190 470 1277 speciales
485 1190 652 1259 exsistunt
664 1191 765 1276 leges,
788 1190 906 1275 quibus
921 1190 1083 1257 difficilius
1098 1192 1137 1259 lit
1159 1190 1249 1259 bisce
1263 1189 1398 1258 famulis
1419 1210 1471 1258 rc-

149 1280 266 1347 cedere
288 1300 386 1362 quam
409 1278 483 1347 aliis
504 1278 715 1347 mercenariis
736 1280 791 1347 rel
813 1278 921 1347 alieno
943 1278 1078 1347 servilio
1101 1278 1249 1347 addictis.
1281 1278 1374 1357 Quae
1400 1278 1471 1363 qui-

148 1367 222 1437 dam
252 1367 397 1454 practice
427 1368 547 1436 saltem
579 1368 622 1436 ad
650 1368 778 1435 maiora
808 1369 979 1436 evadenda
1011 1369 1100 1437 mala
1129 1368 1299 1437 observari
1333 1368 1470 1446 debent;

151 1457 317 1524 verumsi
346 1477 499 1523 maumas
527 1457 568 1524 ad
600 1456 740 1525 iudicem
770 1460 824 1526 cst
852 1456 907 1525 vel
934 1456 1144 1543 impossibilis
1175 1456 1230 1524 rel
1260 1456 1472 1543 praevidetur

147 1546 303 1613 inefficax
332 1545 386 1611 vel
407 1548 544 1632 propter
565 1544 756 1613 dilationem
778 1545 827 1613 rei
848 1546 1050 1631 periculosus
1072 1566 1131 1613 ssu
1153 1544 1349 1626 damnosus,
1385 1546 1470 1613 bunc

150 1634 291 1718 legalem
316 1634 462 1700 ordinem
485 1634 640 1701 servandi
661 1655 727 1702 non
749 1640 803 1704 est
823 1634 856 1701 in
880 1654 916 1701 se
939 1634 1097 1718 obligatio
1120 1634 1352 1704 conscientiae.

88 1748 142 1809 908
239 1740 279 1808 a.
303 1742 334 1807 4.
380 1740 418 1806 In
449 1740 520 1807 inre
552 1760 637 1807 novo
668 1742 775 1809 Germ.
806 1742 988 1825 generatim
1021 1739 1151 1825 quidem
1184 1739 1304 1809 dicitur
1337 1740 1372 1825 (Q
1395 1740 1471 1825 626)

154 1850 177 1895 a
208 1833 379 1898 contractu
418 1829 506 1897 inter
535 1829 700 1896 dominum
722 1833 759 1897 et
780 1850 864 1909 eum,
897 1828 952 1912 qui
985 1827 1017 1895 ei
1048 1849 1182 1914 operam
1213 1850 1309 1896 suam
1346 1828 1473 1897 addixit

151 1916 489 2000 (Dienatverhdltnis),
519 1938 617 2004 posse
646 1919 688 1985 ab
716 1919 878 1985 alterutro
907 1919 1167 1986 contrahentium
1196 1918 1309 1985 recedi
1337 1919 1414 1986 ilico
1436 1940 1473 1985 cc

189 2010 243 2074 coi
264 2030 386 2093 ccoco;
407 2027 513 2091 neque
527 2028 613 2091 qnae
634 2007 703 2075 sint
721 2006 880 2075 eiusnodi
901 2026 1023 2091 moves
1038 2027 1158 2074 causae
1178 2012 1337 2077 accurate
1352 2008 1473 2076 deacri-

148 2030 248 2164 {ivm
294 2096 358 2164 Sed
384 2097 543 2165 statuitur
565 2096 730 2164 dominum
751 2096 857 2163 teneri
880 2096 921 2161 iis
943 2095 1059 2162 mediis
1080 2096 1145 2173 uti,
1176 2096 1295 2179 quibua
1317 2118 1341 2163 a
1362 2096 1474 2166 labore

148 2183 302 2269 imposito
317 2185 496 2272 pericnlum
511 2185 601 2252 vitae
616 2186 671 2252 vel
685 2184 848 2265 sanitatis,
870 2189 1028 2268 quantum
1044 2185 1165 2251 laboris
1179 2189 1302 2253 natura
1315 2186 1472 2271 patiatur,

149 2273 233 2341 eatis
256 2279 444 2353 crematum
474 2279 510 2343 et
530 2279 585 2354 ut,
608 2274 636 2341 si
659 2275 746 2342 alter
766 2272 801 2341 in
822 2273 982 2341 familiam
1004 2294 1063 2340 seu
1086 2274 1301 2343 domesticam
1321 2278 1474 2361 receptus

149 2362 195 2431 sit
217 2364 484 2443 communionem,
508 2384 549 2430 ea
570 2366 891 2449 praestantandum
913 2368 1064 2447 respectu
1083 2362 1292 2442 valetudinis,
1315 2364 1473 2431 bonorum

149 2472 287 2532 morum,
310 2452 477 2536 religionis
500 2452 703 2519 exornandae
723 2452 792 2520 siut
813 2451 1008 2519 necessaria
1046 2450 1154 2529 Quare
1175 2451 1205 2519 si
1226 2450 1391 2532 domiuus,
1413 2450 1474 2520 etsi

150 2541 310 2620 monitus,
334 2541 416 2607 hacc
437 2542 613 2624 neglegere
635 2544 771 2626 pergat,
793 2541 889 2621 alter,
913 2538 969 2625 qni
990 2560 1028 2607 se
1050 2540 1081 2607 ei
1103 2539 1240 2621 addixit,
1263 2541 1342 2607 ilico
1364 2546 1475 2627 potest

151 2630 313 2695 recedere.

240 2717 364 2783 Verum
388 2717 495 2801 quoad
525 2716 669 2784 famulos
699 2718 895 2785 domesticos
924 2716 1055 2803 proprie
1084 2717 1190 2784 dictos
1213 2718 1388 2802 (Gesinde)
1416 2740 1474 2785 ex·

152 2805 260 2891 ceptio
283 2806 375 2873 facta
397 2810 449 2873 est
471 2807 647 2873 secundum
670 2807 761 2890 leges
784 2808 985 2890 singularum
1009 2807 1189 2891 regionum,
1213 2813 1315 2891 atque
1339 2828 1473 2875 accura-

150 2894 217 2961 tius
251 2895 415 2962 recenseri
446 2896 553 2962 solent
585 2916 722 2972 censae,
763 2896 946 2979 exquibus
977 2895 1078 2963 liceat
1111 2896 1283 2975 recedere,
1323 2900 1473 2981 tempore

152 2988 342 3051 contractus
365 3005 429 3051 non
452 2988 656 3068 exspectato.
702 2984 752 3050 Re
782 2984 910 3069 ipsein
940 2984 1145 3069 paucissimis
1168 2985 1250 3051 locis
1274 3006 1379 3053 causa
1400 2986 1473 3052 reli·

152 3073 258 3156 monis
282 3074 494 3152 exercendae,
518 3093 602 3156 quae
625 3072 791 3139 adomino
806 3072 1013 3158 impediatur,
1038 3072 1228 3157 agnoscitur
1251 3095 1312 3158 pro
1335 3074 1472 3152 ratione,

152 3184 210 3229 cur
232 3164 317 3230 hisco
338 3162 471 3229 famulis
493 3162 593 3229 liceat
614 3161 689 3228 ilico
712 3162 875 3229 recedere.
917 3162 1119 3245 Agnoscitur
1140 3165 1254 3228 tamen
1277 3163 1310 3228 in
1327 3165 1474 3230 Bouario

153 3255 188 3318 et
209 3251 243 3318 in
266 3252 378 3337 paucis
401 3251 513 3337 parvis
535 3250 719 3318 territoriis.

90 3390 143 3447 909
240 3378 293 3444 An
309 3400 500 3456 onansrrnn
516 3382 555 3443 2³²
570 3379 609 3446 R.
629 3383 658 3446 1.
678 3378 716 3444 In
732 3380 871 3461 utroque
887 3399 964 3443 casu
980 3378 1137 3444 habemus
1152 3398 1298 3457 causam,
1315 3400 1402 3462 quae
1417 3400 1474 3444 na·

153 3469 305 3534 turaliter
328 3468 386 3535 dat
408 3468 459 3533 ius
482 3468 670 3545 recedendi,
695 3468 723 3532 si
746 3487 782 3533 re
805 3487 885 3532 vera
907 3467 977 3531 sine
1000 3467 1087 3533 iusta
1110 3486 1211 3533 causa
1233 3466 1381 3535 famulae
1404 3489 1474 3534 sae·

153 3556 228 3639 pius
251 3555 438 3622 detinentur
470 3558 512 3622 ab
542 3556 699 3624 exercitio
729 3553 896 3640 religionis
925 3555 1144 3640 praescripto;
1175 3555 1203 3620 si
1234 3576 1314 3622 vero
1346 3558 1476 3624 domina

152 3645 272 3710 iustam
290 3665 420 3709 causam
435 3645 544 3723 habet,
568 3666 653 3728 quae
669 3649 804 3711 excuset
819 3645 928 3727 alege
944 3644 1125 3710 audiendae
1140 3644 1273 3723 Missae,
1297 3650 1477 3731 propterea

153 3732 239 3814 quod
263 3731 486 3812 detineantur,
516 3733 647 3799 famulis
676 3755 741 3799 non
772 3732 835 3799 erit
864 3733 914 3798 ius
943 3732 1115 3799 recedendi
1140 3736 1218 3799 ante
1241 3737 1376 3819 tempus
1400 3757 1475 3802 con·

153 3822 263 3886 tractu
287 3821 509 3888 const'tutum.

243 3907 444 3991 Quamquam
468 3915 576 3976 autem
606 3910 639 3975 in
670 3910 777 3993 priore
801 3931 879 3975 casu
903 3910 1024 3975 Thecla
1047 3932 1106 3993 per
1128 3931 1164 3975 ss
1187 3910 1354 3977 dominam
1379 3916 1477 3978 suma

154 4018 287 4063 monere
310 3998 437 4063 debuit:
470 4003 597 4076 tamen,
628 3999 655 4064 si
679 3998 760 4062 haec
783 3998 916 4064 monitio
941 3999 1113 4064 videbatur
1135 3999 1205 4064 fieri
1229 3998 1375 4079 frustra,
1408 4003 1477 4067 eius

154 4086 285 4152 omissio
309 4107 373 4151 non
402 4088 488 4153 tanti
521 4086 676 4152 momenti
706 4090 776 4163 est,
810 4091 847 4152 ut
869 4087 990 4152 Thecla
1022 4087 1072 4151 ius
1103 4087 1254 4153 dominae
1284 4091 1477 4157 notabiliter

154 4174 304 4253 laeserit,
327 4175 425 4257 idque
449 4196 487 4240 eo
510 4175 632 4253 minus,
663 4174 792 4256 quando
815 4175 871 4240 lex
893 4175 1102 4243 territorialis
1125 4176 1284 4242 eiusmodi
1308 4180 1478 4262 religionis

155 4264 357 4330 exercendae
379 4263 645 4348 impedimentum
667 4284 727 4346 pro
751 4284 860 4339 causa,
885 4285 943 4328 cur
965 4265 1118 4330 recedere
1141 4265 1249 4343 liccat,
1275 4269 1426 4350 agnovit.

242 4369 281 4434 R.
308 4374 337 4435 2.
384 4370 462 4435 Cum
485 4369 585 4434 liccat
608 4368 703 4432 alicui
728 4389 769 4432 ex
792 4369 886 4449 gravi
910 4390 1010 4435 causa
1033 4370 1195 4449 recedere,
1220 4370 1292 4436 sine
1316 4373 1427 4449 dubio,
1450 4372 1477 4438 si

156 4457 227 4538 quis
250 4458 345 4522 huius
368 4479 487 4522 causae
511 4456 681 4540 culpabilis
704 4461 818 4523 auctor
840 4457 981 4535 exsistit,
1006 4459 1060 4523 illc
1076 4459 1230 4524 damnum
1254 4460 1355 4540 ferre,
1381 4463 1476 4528 immo

156 4545 255 4610 etiam
281 4547 376 4611 alteri
400 4546 563 4612 recedenti
588 4546 758 4622 damnum,
790 4546 875 4627 quod
907 4546 959 4611 hic
982 4547 1123 4630 patitur,
1147 4550 1311 4616 resarcire
1333 4555 1476 4618 tenetur.

157 4632 362 4715 Quapropter
384 4633 417 4698 in
433 4633 609 4717 propositis
624 4633 754 4699 casibus
769 4655 873 4715 neque
889 4635 1010 4701 Thecla
1026 4656 1131 4718 neque
1146 4636 1335 4718 Ambrosia,
1360 4641 1477 4707 saltem
