3106 5168
447 289 528 343 Fides
545 287 651 343 divina:
671 287 734 342 fidoi
753 288 922 343 confitendae
940 288 1078 357 obligatio.
1383 292 1425 357 93

96 465 226 540 valeat;
259 463 294 546 2)
317 463 448 547 quando
471 464 574 528 honor
597 463 658 529 Dei
681 464 921 548 promovendus
944 465 998 531 vel
1027 464 1062 530 in
1084 464 1264 548 periculum
1288 469 1425 531 uocatus

96 553 320 619 defendendus
354 553 398 620 sit
435 552 578 636 positiva
611 553 687 618 fidei
725 553 946 638 professione;
985 553 1019 618 id
1054 554 1139 636 quod
1177 554 1320 619 maxime
1354 558 1425 620 tum

96 641 276 720 obtinebit,
310 642 438 724 quando
472 640 506 723 3)
536 641 747 708 taciturnitas
776 642 849 708 aliis
878 642 974 726 gravi
1003 642 1159 708 scandalo
1188 643 1306 720 fuerit,
1340 643 1425 709 unde

95 735 230 798 sumant
259 731 462 797 occasionem
491 731 525 796 in
554 732 618 797 fide
646 731 811 798 titubandi
833 732 887 798 vel
916 731 950 797 in
979 732 1174 798 infidelitate
1196 732 1321 798 firmius
1349 753 1425 816 per-

95 818 245 887 sistendi.

186 916 447 1001 Propositionem
463 916 552 983 circa
567 916 651 983 hanc
667 938 736 983 rem
752 918 971 1003 proscriptam
986 918 1424 985 habes18ffl1nnocentiixl

100 1007 152 1084 ,Si
177 1027 198 1072 a
220 1011 387 1091 potestate
410 1005 541 1090 publica
564 1005 637 1088 quis
659 1007 892 1090 interrogetur,
916 1007 1012 1073 fidem
1036 1007 1176 1090 ingenue
1200 1009 1363 1088 confiteri,
1388 1014 1425 1074 ut

95 1095 324 1251 gegnztssfidei
346 1096 524 1179 gloriosum
549 1096 699 1161 consulo:
727 1100 849 1175 tacere,
873 1101 911 1163 ut
934 1097 1196 1181 peccaminosum
1219 1117 1278 1181 per
1301 1119 1337 1163 se
1360 1119 1424 1163 non

186 1308 240 1374 Au
263 1328 454 1385 ouaasrruu
478 1311 518 1373 2¹·
544 1308 582 1376 R.
605 1312 633 1375 1.
680 1310 733 1374 Ex
763 1330 818 1387 ee,
850 1309 935 1391 quod
965 1309 1098 1375 necesse
1129 1330 1193 1375 non
1223 1309 1267 1377 sit
1295 1331 1425 1394 semper
1435 1320 1485 1375 183

94 1398 193 1463 fidem
208 1397 350 1481 positive
365 1397 521 1482 profiteri,
545 1397 603 1464 sed
626 1398 725 1464 liceat
743 1398 919 1480 aliquando
935 1402 1057 1478 tacere,
1078 1399 1226 1481 sequitur
1249 1399 1423 1483 aliquando

94 1486 195 1554 licere
218 1487 314 1552 fidem
336 1485 556 1553 dissimulare:
581 1508 777 1570 quamquam
799 1508 976 1570 numquam
1000 1487 1079 1554 licet
1100 1488 1219 1554 falsam
1242 1489 1339 1555 fidem
1366 1509 1424 1555 seu

94 1576 287 1659 religionem
312 1575 475 1642 simulare.
500 1576 691 1642 -Tacere
722 1577 807 1642 enim
839 1582 890 1644 est
912 1577 1074 1659 quaedam
1097 1577 1168 1642 veri
1197 1577 1422 1645 dissimulatio.

95 1665 153 1731 Cui
183 1665 402 1731 taciturnitati
435 1664 463 1730 si
493 1665 620 1732 accedit
649 1664 736 1732 actio
766 1666 944 1748 quaedam,
976 1686 1060 1748 quae
1089 1665 1162 1732 aliis
1191 1671 1287 1750 tegat
1316 1688 1424 1733 meum

94 1753 320 1820 characterem
345 1753 556 1832 catholicum,
587 1754 607 1821 i.
633 1775 660 1821 e.
685 1755 734 1821 ita
762 1757 800 1820 ut
829 1776 903 1821 eum
932 1776 1039 1838 neque
1069 1775 1186 1838 negem
1215 1777 1321 1839 neque
1347 1778 1423 1841 pro-

93 1845 201 1922 fitear,
226 1843 258 1909 id
283 1843 505 1910 moralitatem
528 1864 592 1908 non
616 1849 733 1911 mutat.

185 1959 224 2025 a.
250 1961 279 2024 2.
327 1958 380 2023 Ex
409 1957 505 2041 gravi
534 1957 636 2041 igitur
664 1959 784 2024 saltem
816 1979 916 2024 causa
947 1957 1075 2037 licebit,
1107 1958 1236 2042 quando
1266 1959 1422 2041 obligatio

94 2047 192 2113 fidem
212 2046 352 2132 positive
371 2046 545 2130 profitendi
563 2068 627 2112 non
646 2051 753 2131 urget,
778 2068 835 2113 eas
859 2046 1005 2114 actiones
1024 2068 1188 2127 exercere,
1210 2068 1294 2130 quae
1310 2048 1422 2114 catho-

93 2136 167 2202 licis
191 2141 225 2203 et
248 2135 438 2202 acatholicis
462 2141 539 2202 sunt
561 2137 615 2201 vel
638 2157 711 2202 esse
734 2140 872 2221 possunt
895 2157 1098 2216 communae,
1123 2157 1166 2201 ex
1190 2136 1305 2219 quibus
1328 2157 1422 2202 nemo

95 2226 226 2308 quidem
243 2225 436 2291 concludere
456 2225 574 2292 debeat
596 2246 649 2291 me
672 2246 744 2291 esse
768 2225 995 2302 acatholicum,
1019 2227 1076 2291 sed
1100 2246 1205 2309 neque
1229 2225 1422 2291 concludere

93 2314 201 2399 possit
216 2315 412 2381 catholicum
437 2335 488 2380 me
511 2335 593 2381 esse.
632 2314 753 2391 Quodsi
777 2315 863 2381 inter
886 2315 1084 2380 acatholicos
1101 2335 1239 2379 versans
1262 2335 1324 2397 ego
1347 2315 1422 2380 inde

94 2405 136 2470 ab
160 2403 201 2469 iis
223 2404 347 2470 habeor
369 2403 469 2469 etiam
492 2424 554 2487 pro
575 2404 773 2482 acatholico,
802 2404 835 2469 id
859 2425 970 2470 eorum
993 2403 1168 2470 temerario
1192 2404 1327 2482 iudicio,
1359 2425 1422 2469 non

93 2513 189 2559 meae
205 2492 327 2559 actioni
342 2492 589 2559 adscribendum
614 2498 681 2567 est;
706 2493 760 2576 qui
785 2493 870 2559 enim
893 2498 984 2559 recte
1008 2492 1214 2572 concluserit,
1237 2493 1270 2558 id
1293 2497 1420 2560 tantum

92 2581 239 2648 iudicare
261 2585 386 2666 potest:
411 2602 475 2646 non
499 2585 660 2659 constare,
684 2587 794 2648 utrum
819 2582 881 2648 sim
905 2582 1085 2649 catholicus
1107 2603 1220 2649 neone.

185 2716 238 2779 Au
261 2735 453 2790 ouansrruu
477 2716 516 2779 3¹³
539 2713 578 2781 R.
602 2717 629 2782 1.
669 2714 703 2780 Si
719 2714 893 2798 Caprasius
909 2717 998 2780 esset
1013 2714 1109 2780 homo
1125 2715 1307 2797 gregarius
1332 2714 1422 2780 cuius
1433 2727 1484 2783 184

94 2803 281 2887 exemplum
299 2802 517 2886 religiosaque
533 2803 693 2886 professio
717 2824 738 2869 a
760 2803 888 2869 nemine
912 2803 1105 2871 attendatur
1128 2825 1233 2887 neque
1251 2804 1309 2868 ulli
1326 2825 1422 2870 scan-

92 2893 170 2958 dalo
200 2891 245 2959 sit
266 2894 320 2958 vel
344 2891 582 2959 confirmationi
611 2893 643 2957 in
674 2892 818 2958 haeresi:
850 2892 979 2959 facilius
1003 2897 1116 2976 posset
1139 2914 1181 2958 ex
1203 2893 1298 2975 gravi
1322 2915 1422 2959 causa

92 2982 263 3061 sufficere,
295 2985 333 3047 ut
362 2982 431 3066 ipse
455 2981 610 3065 privatim
634 3002 746 3047 veram
770 2983 866 3046 fidem
897 2984 1108 3067 profiteretur
1130 2987 1230 3065 atque
1259 3003 1319 3066 pro
1343 3003 1421 3048 casu

93 3071 211 3137 mortis
235 3071 343 3136 omnia
366 3071 496 3136 silentio
520 3075 755 3154 premerentur.
803 3071 924 3137 Elbel
947 3093 978 3155 p.
997 3071 1039 3148 II,
1064 3093 1095 3137 n.
1117 3073 1169 3137 69.

183 3176 341 3244 Attamen
365 3176 569 3252 etiamtum,
600 3181 638 3242 ut
660 3177 760 3243 liceat
784 3198 893 3243 coram
917 3177 1067 3259 cognatis
1091 3198 1159 3242 rem
1182 3178 1299 3255 celare,
1324 3177 1421 3244 debet

92 3288 170 3351 spes
197 3287 254 3332 eos
278 3265 488 3332 convertendi
513 3267 647 3331 exclusa
678 3287 765 3341 esse;
797 3266 939 3348 alioquin
969 3267 1024 3331 lex
1054 3266 1203 3333 caritatis
1229 3266 1418 3350 postulabit,
1448 3312 1451 3319 -

93 3377 151 3421 eos
175 3355 324 3439 exemplo
349 3359 382 3421 et
404 3356 506 3420 verbo
531 3356 572 3420 ad
596 3356 840 3421 conversionem
865 3355 965 3421 etiam
988 3355 1165 3422 exhortari.

183 3460 300 3543 Neque
323 3465 433 3527 tamen
465 3462 613 3529 absolute
642 3462 862 3528 necessarium
886 3465 991 3538 esset,
1022 3482 1090 3526 rem
1120 3461 1153 3526 in
1183 3461 1254 3526 foro
1282 3465 1420 3527 externo

93 3554 256 3624 tractare;
288 3550 373 3632 quod
398 3551 517 3616 differri
546 3556 657 3634 posset
687 3551 728 3616 ad
759 3556 887 3634 tempus
910 3550 1072 3626 futurum,
1103 3550 1131 3615 si
1154 3550 1241 3616 forte
1265 3555 1421 3632 aegrotus

92 3639 194 3705 fuerit
217 3639 332 3706 mortis
356 3640 498 3723 periculo
522 3645 670 3724 ereptus;
695 3661 796 3722 quare
819 3645 975 3722 aegrotus
997 3639 1031 3705 in
1050 3639 1121 3705 foro
1144 3639 1273 3706 interno
1297 3661 1317 3705 a
1341 3660 1421 3722 quo·

92 3728 173 3794 libet
196 3729 367 3795 sacerdote
390 3728 547 3794 ecclesiae
570 3729 773 3794 reconciliari
796 3733 917 3812 posset.

185 3833 238 3898 Ex
261 3833 449 3899 condicione
473 3834 620 3917 caprasii
643 3856 696 3900 res
719 3835 758 3900 fit
780 3834 951 3901 difficilior.
998 3835 1074 3919 Ipse
1097 3834 1182 3899 enim
1212 3840 1249 3901 ut
1272 3834 1421 3901 minister

91 3927 205 3989 sectae
228 3922 414 3989 haereticae
437 3924 575 4000 multos,
606 3923 669 3989 etsi
698 3924 841 3989 fortasse
864 3924 950 3989 bona
976 3924 1058 4001 fide,
1088 3923 1122 3989 in
1151 3923 1279 3989 haeresi
1303 3925 1419 3989 confir-

93 4012 199 4078 mavit
214 4017 314 4094 atque
335 4012 480 4079 retinuit.
517 4012 550 4079 Si
573 4012 675 4094 igitur
696 4035 782 4079 nunc
805 4013 917 4079 statim
941 4013 1038 4091 mala,
1063 4033 1148 4095 quae
1171 4012 1329 4089 causavit,
1354 4033 1418 4077 non

91 4100 198 4186 possit
212 4121 378 4185 reparare,
397 4102 515 4168 saltem
532 4102 781 4184 possibilitatem
798 4102 1052 4187 reparandorum
1068 4102 1228 4167 malorum
1246 4100 1307 4167 sibi
1323 4122 1419 4185 prae-

91 4190 241 4257 scindere
257 4212 322 4256 non
337 4190 431 4257 licet:
456 4191 542 4273 quod
558 4191 693 4266 faceret,
718 4191 746 4256 si
769 4195 841 4258 tota
864 4212 917 4257 res
935 4191 1167 4257 sacramentali
1183 4189 1290 4273 sigillo
1307 4191 1419 4256 clausa

91 4283 243 4347 maneret
272 4284 371 4362 atque
399 4301 458 4364 pro
490 4301 567 4346 casu
591 4281 706 4347 mortis
730 4280 877 4364 Caprasii
900 4285 1073 4346 secuturae
1102 4283 1261 4364 perpetuo
1288 4279 1417 4344 silentio

91 4369 232 4454 opprimi
256 4371 388 4436 deleret.

181 4466 257 4532 Non
281 4469 412 4533 constat
435 4466 564 4548 quidem
589 4466 833 4532 conversionem
850 4487 1002 4548 umquam
1018 4464 1181 4548 publicam
1204 4464 1274 4529 fieri
1291 4465 1418 4546 dedam

91 4577 166 4622 nam
192 4555 221 4621 si
243 4556 325 4622 haec
347 4555 513 4640 publicata
537 4556 639 4621 bonos
654 4556 790 4621 effectus
813 4555 847 4620 in
869 4555 1013 4621 defuncti
1035 4554 1250 4640 parochianos
1267 4553 1323 4617 vix
1341 4574 1418 4636 pro·

91 4646 241 4722 ductura,
266 4646 354 4711 mala
376 4666 454 4711 vero
478 4649 512 4711 et
535 4645 667 4730 privata
690 4649 724 4710 et
746 4644 876 4729 publica
898 4648 1033 4728 propter
1055 4643 1165 4725 iniqua
1185 4651 1336 4724 tempora
1359 4662 1418 4708 ex·
