3106 5168
185 288 250 352 436
323 283 364 337 De
383 283 530 337 virtutibus
548 285 576 336 et
594 281 692 336 officiis
710 297 776 349 erga
794 280 924 335 homines.
943 310 977 319 -
997 281 1048 336 Oli.
1067 281 1140 337 eboc
1158 282 1228 338 bona
1247 287 1373 339 externa.

185 462 306 617 piantur
329 463 363 526 et
387 458 569 543 perierunt,
593 478 659 522 non
682 458 785 524 Celso.
832 457 945 523 Celsus
967 457 1069 541 igitur
1090 463 1182 525 recte
1205 461 1357 543 postulat
1380 461 1515 529 restitu-

215 571 319 615 onem.

123 660 176 714 860
275 646 313 713 R.
339 648 369 712 3.
416 645 517 711 (lasus
540 643 705 709 Bennonis
734 665 799 708 non
828 643 876 709 ita
905 649 995 710 certo
1026 665 1085 728 pro
1112 649 1226 711 mutuo
1257 645 1433 713 habendus
1456 653 1514 715 est

186 735 272 802 Nam
295 755 413 800 revera
435 755 500 799 uon
523 732 664 799 intendit
687 733 843 816 pecuniae
866 754 959 797 usum
989 739 1027 800 ut
1055 733 1103 798 rei
1126 734 1231 818 primo
1254 755 1316 801 usu
1341 757 1516 822 consump-

186 825 297 892 tibilis.
344 824 457 890 Voluit
480 827 514 889 et
537 823 633 907 petiit
655 821 715 887 has
738 821 827 906 ipsas
850 822 1006 906 pecuniae
1030 822 1155 907 species
1178 823 1221 890 ad
1245 825 1514 901 ostentationem,

186 917 286 998 atque
309 913 398 998 ipsos
413 933 563 977 nummos
581 910 774 988 individuos,
799 932 880 994 quos
897 911 1032 995 accepit,
1058 911 1189 978 videtur
1204 913 1344 979 reddere
1360 916 1514 982 voluisse.

186 1002 278 1080 Quod
301 1003 329 1067 si
352 1003 401 1069 ita
424 1006 491 1080 est,
515 1000 624 1085 potius
648 1000 888 1066 commodatum
912 1000 1068 1065 habemus
1091 1022 1189 1083 quam
1213 1007 1380 1079 mutuum;
1412 1025 1515 1087 neque

186 1092 299 1157 Benno
322 1094 456 1156 tenetur
478 1091 521 1156 ad
543 1089 760 1173 reparandum
786 1090 956 1167 damnum,
982 1090 1067 1171 quod
1090 1090 1179 1157 furto
1202 1092 1363 1174 pecuniae
1387 1093 1514 1160 illatum

186 1184 247 1259 est,
272 1179 335 1245 nisi
358 1179 599 1262 neglegentiam
624 1179 819 1262 culpabilem
841 1178 1021 1245 admiserit.
1038 1215 1081 1224 -
1102 1180 1235 1258 Verum,
1259 1181 1287 1245 si
1311 1181 1400 1247 buno
1425 1203 1514 1247 suum

186 1270 329 1336 animum
346 1268 439 1334 Celso
462 1289 528 1332 non
551 1267 634 1332 satis
658 1268 745 1333 clare
768 1267 1042 1345 manifestaverit,
1066 1268 1195 1334 infore
1219 1272 1360 1335 externo
1384 1270 1516 1337 videtur

185 1359 279 1425 Celso
303 1358 353 1423 ius
376 1378 508 1423 manere
533 1356 694 1438 exigendi,
719 1361 756 1423 ut
779 1361 969 1423 contractus
985 1356 1210 1423 consideretur
1232 1362 1267 1423 et
1288 1362 1462 1426 tractetur
1483 1364 1515 1426 ut

187 1451 376 1514 contractus
406 1446 520 1511 mutui.
575 1446 732 1512 Attamen
766 1445 799 1510 in
829 1444 898 1511 solo
929 1446 1147 1512 conscientiae
1179 1446 1251 1512 foro
1282 1467 1406 1514 censeo
1438 1449 1514 1516 satis

187 1540 339 1602 constare
372 1540 471 1618 atque
502 1556 562 1618 pro
593 1555 752 1618 expressa
781 1535 964 1600 habendam
997 1556 1070 1600 esse
1099 1535 1266 1601 Bennonis
1297 1536 1514 1604 intentionem

186 1625 388 1691 solummodo
412 1645 561 1690 nummos
585 1624 820 1690 commodandi.

124 1751 175 1806 861
276 1741 591 1817 rutulantum
614 1740 653 1806 R.
674 1743 701 1805 1.
735 1740 929 1806 Contractus
952 1740 1055 1807 mutui
1080 1761 1122 1806 ex
1137 1744 1258 1807 natura
1281 1762 1343 1807 sua
1364 1748 1421 1810 est
1443 1765 1514 1826 gra·

187 1830 300 1896 tuitus.
348 1829 412 1894 Sed
436 1829 512 1912 quia
535 1828 707 1894 hodiedum
730 1829 868 1912 pecunia
892 1830 1142 1896 instrumentum
1167 1833 1235 1908 est,
1261 1852 1336 1914 quo,
1362 1831 1513 1898 adiuncto

187 1920 300 1985 labore
324 1918 378 1983 vel
402 1924 474 1984 arte
505 1923 539 1984 et
568 1917 746 1995 industria,
777 1918 902 1984 luorum
926 1919 1023 1984 facile
1052 1919 1270 2003 percipiatur:
1299 1926 1514 2005 temporanea

188 2008 291 2074 cessio
315 2006 472 2092 pecuniae
488 2007 585 2073 alteri
608 2007 698 2073 facta
720 2008 826 2090 pretio
842 2007 1056 2074 aestimabilis
1079 2008 1227 2086 habetur,
1252 2029 1361 2091 neque
1377 2011 1514 2094 amplius

187 2097 368 2163 iniustitias
391 2117 467 2161 reus
489 2096 603 2161 haberi
625 2096 681 2161 ille
705 2096 817 2173 debet,
843 2097 897 2178 qui
919 2118 980 2180 pro
1003 2098 1140 2181 pecunia
1162 2103 1276 2164 mutuo
1300 2098 1383 2165 data
1408 2099 1514 2165 mods·

187 2192 295 2254 ratum
319 2186 414 2251 fenus
438 2184 552 2267 exigit.

277 2291 315 2357 R.
335 2293 364 2356 2.
404 2290 438 2356 Si
461 2291 501 2355 de
523 2291 636 2355 fenore
660 2289 792 2372 eiusque
817 2311 969 2356 mensura
989 2290 1069 2356 nihil
1093 2294 1289 2357 conventum
1306 2297 1361 2360 est
1383 2292 1420 2359 iu
1443 2315 1512 2360 oon·

187 2386 298 2447 tractu
321 2379 441 2456 mutui,
467 2400 509 2444 ex
533 2401 568 2444 se
591 2379 810 2445 mutuatarius
832 2400 898 2444 non
920 2384 1053 2446 tenetur
1070 2380 1165 2445 fenus
1188 2381 1329 2447 solvere.
1378 2381 1435 2450 Ita
1457 2382 1512 2449 dici

188 2470 295 2547 debet,
320 2469 346 2533 si
371 2468 547 2533 secundum
571 2468 675 2532 solum
698 2467 748 2532 ius
771 2468 921 2534 naturale
940 2489 1040 2534 causa
1055 2467 1234 2535 decidenda
1249 2474 1318 2543 θεῖς
1344 2471 1394 2538 ita
1419 2473 1512 2539 etiam

187 2558 221 2623 in
244 2559 314 2622 iure
337 2556 478 2641 positivo
503 2557 631 2622 Germ.
656 2556 710 2639 (oi.
729 2556 746 2638 ξ
764 2558 828 2622 608
845 2562 879 2623 et
895 2556 983 2638 609).
1024 2557 1056 2623 Si
1081 2578 1165 2641 quae
1187 2559 1254 2625 alia
1277 2559 1352 2626 iura
1375 2560 1512 2645 positiva

189 2647 286 2713 aliter
309 2646 500 2729 disponunt,
524 2646 587 2710 hae
610 2646 700 2728 leges
722 2646 756 2710 in
779 2647 847 2711 suis
870 2647 950 2711 locis
973 2646 1196 2731 respiciendae
1219 2653 1312 2727 sunt,
1338 2649 1395 2714 vel
1420 2651 1511 2716 etiam

189 2736 389 2801 cousuetudo
415 2735 481 2798 vim
505 2734 588 2815 legis
612 2735 771 2801 obtinens.

279 2841 317 2906 R.
343 2843 371 2905 3.
419 2839 456 2904 In
479 2844 592 2905 nostro
616 2840 716 2920 igitur
739 2862 816 2906 casu
840 2840 880 2905 de
904 2840 1103 2922 obligatione
1132 2842 1282 2906 solvendi
1305 2843 1405 2909 fenus
1430 2849 1511 2911 certo

190 2953 254 2997 nou
271 2933 415 3006 constat;
441 2950 545 3010 neque
562 2929 674 2994 Celsus
689 2929 739 2993 ius
756 2930 908 3010 exigendi
925 2931 1033 3007 habet,
1058 2930 1118 2994 nisi
1136 2929 1210 3012 lege
1226 2931 1277 2996 sui
1293 2932 1355 2998 loci
1377 2934 1510 3001 iuvetur.

625 3166 819 3232 MUTUUM
842 3167 899 3231 ET
925 3166 1078 3232 FENUS.

748 3324 857 3389 Casus.
886 3330 961 3398 (267)

281 3467 438 3538 AchatiuS,
460 3467 509 3542 qui
532 3467 559 3524 iu
582 3467 751 3525 nosocomio
767 3466 914 3524 decumbit
935 3472 965 3524 et
985 3465 1114 3541 alioquin
1129 3465 1176 3524 vir
1196 3469 1292 3526 bonus
1308 3468 1510 3541 videturesse,

192 3547 339 3605 sacerdoti
368 3554 483 3618 tamen,
515 3547 562 3622 qui
591 3567 690 3604 curam
719 3552 905 3621 aegrotorum
933 3545 1026 3620 gerit,
1056 3548 1093 3604 ab
1121 3547 1188 3606 aliis
1212 3548 1393 3609 describitur
1420 3559 1454 3611 ut
1472 3552 1510 3611 vir

193 3632 298 3697 tenax,
323 3627 372 3701 qui
394 3629 429 3685 ad
453 3628 603 3703 augendos
625 3627 736 3685 reditus
759 3647 828 3685 suos
850 3626 985 3684 diversas
1006 3627 1150 3702 pecuniae
1171 3647 1302 3687 summas
1323 3634 1427 3691 mutuo
1448 3633 1510 3691 dare

193 3706 304 3775 soleat,
327 3707 379 3764 sed
400 3708 486 3765 ianus
508 3727 635 3765 aunuum
659 3708 733 3765 satis
755 3726 908 3781 magnum,
937 3706 1022 3764 modo
1045 3709 1111 3776 6⁰l‘n
1134 3707 1219 3766 modo
1242 3709 1310 3781 8⁰l0,
1333 3711 1421 3771 modo
1443 3715 1508 3781 1001‘,

194 3792 223 3843 et
243 3786 322 3843 ultra
343 3787 503 3863 percipiat:
530 3793 650 3864 propter
671 3788 747 3862 quod
769 3787 845 3863 apud
866 3787 973 3845 multos
995 3806 1054 3844 nou
1075 3789 1149 3844 bene
1172 3787 1262 3846 audit.
1306 3789 1453 3852 Sacerdos
1472 3811 1510 3851 se·

193 3885 257 3923 cum
279 3872 413 3942 reputat,
437 3868 504 3942 quid
527 3868 582 3925 eibi
605 3869 750 3941 agendum
772 3868 862 3924 sitin
885 3867 1061 3942 excipienda
1082 3867 1201 3925 Achatii
1224 3869 1430 3944 confessione,
1456 3878 1509 3930 tun

193 3946 217 4003 si
240 3965 271 4002 so
294 3947 480 4005 accusaverit
503 3967 643 4005 excessus
666 3948 695 4004 in
717 3948 904 4022 percipiendo
926 3948 1028 4005 fenore
1050 3947 1213 4018 commissi,
1241 3955 1304 4007 tum
1326 3951 1409 4010 side
1431 3973 1464 4011 ea
1483 3970 1509 4010 re

192 4026 310 4084 omnino
333 4027 428 4086 sileat.

193 4132 370 4202 Qununrrun
394 4136 422 4191 1⁰
442 4153 515 4208 quae
538 4134 597 4191 sint
620 4153 727 4191 causae
749 4133 861 4190 fenoris
884 4132 1063 4208 percipiendi
1086 4141 1115 4190 et
1137 4134 1238 4207 quanti
1261 4136 1451 4213 percipiendi.

392 4225 421 4279 2⁰
448 4224 591 4297 quodnam
608 4223 761 4280 consilium
784 4223 813 4279 in
832 4242 923 4279 causa
938 4223 1057 4279 Aolratii
1081 4224 1263 4282 confessario
1280 4226 1454 4301 capiendum
1469 4225 1507 4283 sit.

786 4404 920 4469 Solutio.

133 4555 184 4606 862
282 4547 334 4608 An
359 4566 549 4620 ounssmun
577 4549 612 4607 1ῐῐι
636 4546 673 4610 n.
699 4549 724 4608 1,
758 4545 862 4608 Causa
879 4545 1053 4626 generalis,
1078 4568 1160 4626 quae
1184 4552 1404 4617 communiter
1425 4551 1506 4616 adest

195 4652 298 4713 neque
322 4634 355 4697 in
379 4634 516 4715 singulis
548 4633 677 4697 casibus
708 4634 863 4714 probetur
888 4639 1033 4715 oportet,
1066 4636 1122 4699 sed
1153 4635 1184 4698 in
1213 4636 1288 4719 ipsa
1320 4641 1455 4724 pecunia
1480 4638 1506 4701 iu
