3106 5168
223 292 376 347 'translatio
395 295 444 347 inr.
464 311 490 363 p.
509 297 717 348 contractus-
736 297 820 348 contr.
840 293 977 347 defectus:
996 311 1075 347 error
1093 302 1116 346 el
1133 296 1221 360 fracia.
1318 299 1381 363 407

61 470 126 535 etsi
149 470 234 536 forte
259 491 322 535 non
345 469 540 547 invalidum,
571 475 683 536 tamen
713 475 828 554 utpote
850 470 1000 537 illicitum
1023 479 1104 536 certe
1126 474 1275 556 irreptum.
1323 470 1382 547 Qui

61 559 211 624 defectus
240 565 274 625 et
298 580 389 623 error
412 568 456 624 est
478 565 567 626 certe
591 560 791 637 essentialia,
822 559 931 642 isque,
960 559 988 624 si
1012 580 1166 642 expresse
1190 560 1300 624 vinum
1323 581 1382 644 pro

61 649 166 712 Missa
188 648 389 731 postulatum
406 648 459 724 sit,
484 648 646 713 venditori
662 649 880 732 imputandus.
913 648 1128 731 Quapropter,
1153 649 1281 714 etiamsi
1305 649 1382 714 talis

61 758 154 801 error
178 758 283 818 nequo
306 758 326 801 a
349 737 518 802 venditore
548 759 652 818 neque
676 759 697 802 a
718 737 824 802 iudice
856 741 1090 820 agnosceretur
1113 758 1172 821 pro
1204 738 1381 814 essentiali,

60 825 270 890 nihilominus
293 826 326 891 in
350 826 549 892 conscientia
572 827 612 891 ab
637 831 784 909 emptore
807 826 904 910 plane
926 826 1039 891 haberi
1062 829 1173 909 potest
1196 847 1255 909 pro
1272 847 1382 891 essen·

60 915 151 992 tiali,
184 935 289 997 neque
321 914 348 978 is
380 918 511 980 tenetur
542 915 575 978 in
608 915 806 981 conscientia
838 921 927 982 stare
960 915 1159 993 contractui,
1193 914 1221 979 si
1253 915 1381 997 quidem

65 1003 196 1080 ,vinum
220 1025 278 1087 pro
302 1003 420 1068 Missa“
443 1008 668 1089 postulaverat.

153 1101 184 1165 Si
209 1122 294 1166 nunc
317 1105 427 1166 autern
450 1101 530 1165 haec
554 1102 717 1184 applicare
741 1102 891 1167 volumus
914 1101 956 1166 ad
980 1121 1090 1165 casum
1115 1100 1208 1166 Pauli
1231 1105 1266 1167 et
1280 1100 1381 1173 Fabii,

61 1190 241 1255 difficultas
264 1193 315 1254 est
339 1211 380 1254 ex
404 1211 442 1253 eo
467 1190 552 1272 quod
575 1191 696 1255 Paulus
719 1190 794 1255 vino
817 1191 873 1256 illo
904 1189 1009 1272 magis
1033 1189 1132 1256 etiam
1164 1190 1213 1255 uti
1242 1190 1384 1255 voluerit

60 1300 122 1362 pro
146 1299 182 1343 se
206 1279 247 1344 ad
270 1300 425 1344 mensam.
465 1280 514 1344 De
538 1300 601 1360 quo
626 1301 709 1344 nnnc
733 1279 879 1346 dicturus
902 1301 974 1343 sum
998 1279 1031 1343 in
1054 1278 1208 1356 Quaesito
1232 1280 1382 1345 secundo.

152 1403 205 1467 An
224 1423 415 1478 nunusrruu
440 1406 478 1466 2¹¹²
501 1402 539 1468 R..
561 1406 587 1467 l.
628 1403 662 1467 Si
685 1403 805 1468 Paulus
826 1405 995 1488 postulauit
1018 1401 1129 1467 ninum
1157 1424 1233 1486 ,pro
1250 1403 1444 1479 Missa“,807

61 1496 153 1556 certe
176 1492 316 1556 intendit
338 1494 447 1556 vinum
467 1513 527 1577 pro
548 1492 652 1556 Missa
675 1493 799 1571 tubere,
824 1513 960 1573 eamque
983 1490 1196 1557 intentionem
1222 1491 1383 1557 venditori

62 1581 242 1663 expressit,
272 1579 333 1645 etsi
358 1601 421 1644 non
445 1580 622 1645 intenderit
644 1581 732 1645 omni
755 1581 811 1646 illo
835 1581 909 1645 vino
933 1582 982 1645 uti
1000 1603 1061 1665 pro
1086 1581 1198 1647 Missa.
1246 1581 1283 1645 In
1307 1602 1384 1646 con·

61 1674 174 1734 tractu
189 1672 298 1734 autem
319 1669 476 1753 imprimis
500 1669 626 1734 attendi
643 1669 748 1745 debet,
774 1670 858 1752 quod
883 1670 1086 1752 exprimitur,
1111 1692 1175 1734 non
1192 1671 1277 1752 quod
1301 1671 1384 1736 latet

60 1759 96 1822 in
120 1764 238 1824 mente.
285 1758 373 1839 Ergo
398 1778 514 1822 censeo
539 1757 668 1823 omnino
692 1759 828 1824 Paulum
860 1780 956 1843 posse
980 1758 1144 1825 defectum
1174 1764 1208 1825 et
1241 1780 1384 1824 errorem

61 1848 184 1912 habere
207 1868 267 1931 pro
291 1846 467 1912 essentiali.
549 1922 560 1937 r

153 1953 192 2019 R.
217 1956 246 2020 2.
294 1953 371 2017 Cum
395 1953 496 2034 igitur
519 1958 708 2020 contractus
732 1954 835 2037 primo
858 1952 959 2019 initus
982 1959 1040 2020 ant
1063 1954 1107 2019 sit
1130 1954 1238 2019 nullus
1262 1958 1319 2019 aut
1343 1954 1385 2019 ad

61 2046 177 2107 nutum
201 2041 296 2106 Pauli
318 2042 436 2107 saltem
459 2042 673 2106 rescindibilis
696 2042 765 2107 iure
788 2043 964 2120 habeatur,
989 2043 1109 2108 Paulus
1133 2043 1203 2108 sine
1225 2043 1386 2109 iniustitia

62 2153 184 2195 novum
209 2134 411 2196 contractum
429 2152 502 2196 oum
517 2130 617 2196 Fabio
642 2131 728 2196 circa
751 2131 831 2196 illud
846 2131 956 2195 vinum
980 2130 1062 2197 inire
1086 2136 1205 2216 potest,
1230 2132 1385 2196 modone

61 2221 150 2285 infra
183 2219 323 2304 pretium
345 2219 466 2285 iustum
490 2219 570 2285 velit
593 2220 800 2286 descendere.
847 2220 963 2302 Neque
994 2220 1149 2286 iniustum
1173 2225 1225 2287 est
1247 2220 1386 2284 circum·

62 2308 195 2374 stantiis
225 2309 305 2384 illis,
337 2330 378 2374 ex
409 2309 523 2391 quibus
547 2309 665 2374 Fabius
695 2308 777 2374 alias
808 2308 954 2392 patiatur
983 2310 1134 2374 damnum
1167 2329 1384 2393 expensarum

63 2402 237 2475 vecturae,
269 2398 310 2462 ad
333 2398 394 2461 hoe
417 2398 482 2475 uti,
515 2401 551 2462 ut
580 2397 635 2463 ille
659 2397 842 2463 consentiat
864 2397 898 2461 in
921 2398 1061 2480 pretinm
1085 2399 1206 2463 iustum
1230 2400 1383 2482 infimatur.

63 2488 166 2551 Immo
190 2486 222 2551 id
245 2508 286 2551 ne
309 2490 423 2551 eontra
447 2486 619 2552 caritatem
635 2486 764 2569 quidem
780 2490 841 2563 est,
866 2487 928 2552 nisi
944 2487 1030 2553 forte
1046 2487 1166 2552 Fabius
1189 2491 1385 2572 paupertate

63 2580 234 2661 promatur
256 2580 289 2641 et
312 2596 348 2640 re
371 2596 451 2640 vera
475 2576 585 2639 vinum
607 2597 667 2659 pro
686 2575 787 2641 Paulo
810 2576 854 2642 sit
877 2576 1010 2641 maioris
1033 2598 1131 2659 quam
1153 2576 1254 2641 infimi
1277 2577 1384 2661 pretii.

154 2692 192 2756 R.
211 2694 241 2759 3.
281 2690 372 2766 Quod
393 2711 471 2755 vero
494 2689 615 2754 Paulus
637 2690 882 2773 opportunitate
906 2696 1019 2756 utatur
1041 2691 1152 2756 vinum
1175 2691 1255 2756 illud
1278 2692 1385 2757 carius

64 2781 236 2855 vendendi,
261 2780 407 2844 simodo
430 2800 494 2843 non
518 2779 780 2860 transgrediatur
794 2780 936 2862 pretium
959 2780 1080 2846 iustum
1103 2802 1264 2846 summum
1287 2781 1387 2860 (inter

63 2869 150 2950 quod
182 2873 215 2933 et
244 2869 385 2951 pretium
414 2868 558 2932 infimum
583 2868 689 2949 quoad
713 2868 789 2933 vina
820 2868 993 2950 aliquando
1024 2890 1095 2934 esse
1125 2874 1235 2953 potest
1265 2890 1386 2952 magna

64 2957 279 3038 differentia),
310 2978 351 3021 ne
381 2957 414 3021 id
437 2958 565 3039 quidem
596 2978 715 3022 novum
746 2962 950 3023 contractum
981 2979 1053 3022 curn
1076 2958 1176 3023 Fabio
1207 2958 1313 3023 reddit
1336 2959 1386 3022 in-

63 3048 197 3114 iustum.

155 3153 193 3218 R.
218 3156 248 3217 4.
296 3153 417 3217 Verum
447 3152 474 3215 si
499 3151 618 3216 Paulus
646 3154 705 3216 lrac
729 3155 899 3217 intentione
927 3173 1047 3217 novum
1078 3156 1280 3219 contractum
1311 3172 1385 3216 cum

66 3242 166 3308 Fabio
190 3240 267 3316 init,
298 3262 370 3305 curn
394 3241 548 3305 sacerdos
572 3240 630 3317 sit,
663 3241 838 3307 committ't
869 3243 1103 3326 nepotiutionem
1132 3241 1206 3323 lege
1229 3241 1385 3306 canonica

63 3332 125 3396 sibi
150 3329 367 3397 interdictam.
407 3329 515 3406 Aliud,
540 3330 567 3393 si
590 3329 622 3392 in
646 3329 788 3410 gratiam
811 3329 912 3406 Fabii,
937 3329 1131 3395 etiamnum
1156 3330 1266 3412 aliqua
1288 3329 1386 3413 pretii

63 3419 293 3495 diminutione,
325 3420 435 3482 vinum
466 3419 622 3483 retineret
653 3423 686 3484 et
717 3418 791 3482 dein
817 3442 879 3503 per
909 3420 1052 3483 occidens
1083 3440 1155 3484 cum
1185 3419 1275 3484 lucro
1306 3418 1386 3483 illud

64 3510 233 3575 venderet.

312 3681 460 3747 ERROR
484 3682 540 3746 ΕΤ
564 3682 706 3747 FRAUS
730 3681 779 3746 IN
802 3680 1062 3747 CONTRACTU
1087 3681 1139 3763 (I).

621 3854 731 3921 Casus
760 3863 835 3931 (249)

155 4013 307 4087 Benignus
328 4011 501 4070 vendiderat
522 4013 650 4070 Dairoso
672 4012 786 4070 asinum
809 4012 865 4070 sibi
893 4033 951 4071 non
973 4013 1097 4088 amplius
1126 4013 1200 4072 satis
1222 4015 1322 4072 utilem
1344 4020 1387 4073 ut·

64 4099 136 4172 pote
156 4093 216 4152 iam
237 4091 370 4151 nonnihil
393 4111 543 4150 annosum.
586 4093 732 4151 Dafrosus
755 4111 830 4162 eum,
856 4095 929 4150 bene
950 4099 1107 4170 comptum,
1130 4094 1199 4151 vino
1221 4099 1287 4152 usto
1309 4095 1385 4168 quod

63 4175 245 4251 gustandum
267 4173 346 4231 dedit
374 4173 445 4230 fecit
466 4172 618 4246 agiliorem
641 4180 671 4231 et
691 4173 776 4248 quasi
805 4173 923 4248 penitus
951 4174 1151 4241 immutatum,
1180 4173 1222 4230 ita
1249 4179 1280 4230 ut
1300 4192 1386 4231 neruo

64 4274 211 4314 annosum
233 4253 347 4311 asinum
369 4259 551 4327 agnosceret.
594 4253 641 4310 Sic
663 4253 744 4311 illum
765 4253 950 4312 vendendum
977 4254 1112 4329 producit
1139 4253 1168 4309 in
1190 4252 1300 4322 forum,
1329 4271 1386 4326 quo

64 4335 194 4410 Benigni
223 4338 396 4409 procurator
418 4339 541 4391 venerat
569 4333 606 4390 ad
635 4333 746 4391 asinum
775 4333 918 4392 iuniorem
946 4334 1106 4392 emendum.
1148 4333 1293 4389 Dafrosus
1321 4351 1386 4389 enm

65 4415 172 4474 videns
193 4415 280 4472 ostent
301 4413 414 4472 asinum
436 4432 521 4471 suum
535 4418 623 4487 atque
644 4433 675 4470 re
690 4432 762 4470 veru
784 4419 906 4489 accepto
922 4414 1016 4489 pretio
1031 4432 1096 4471 cum
1118 4413 1198 4469 lucro
1221 4431 1278 4469 non
1293 4430 1386 4487 parvo

65 4496 177 4554 rendit.
220 4494 343 4551 Domum
365 4493 471 4550 ductus
499 4493 600 4550 asinus
629 4499 734 4567 sponte
761 4493 895 4569 protinus
923 4493 1037 4570 prosilit
1064 4490 1262 4550 instabulum
1285 4510 1384 4550 suum:

65 4592 123 4651 quo
151 4574 304 4647 Benignua
333 4573 452 4648 eiusque
480 4578 653 4648 procurator
680 4572 783 4631 nrelius
813 4572 1005 4648 inspicientes
1034 4591 1133 4630 carum
1164 4571 1288 4642 animal,
1320 4590 1386 4630 oum

65 4675 157 4731 aegro
179 4654 276 4713 animo
298 4658 328 4711 et
349 4672 414 4711 cum
435 4653 497 4711 risu
519 4653 605 4711 simul
625 4652 758 4710 fraudem
780 4659 954 4727 agnoscunt.
