3106 5168
150 293 214 357 370
287 288 327 343 De
346 290 493 345 virtutibus
512 292 540 344 et
557 289 654 344 officiis
672 307 738 358 erga
756 289 885 345 homines.
904 320 940 329 -
958 290 1010 345 off.
1028 289 1101 345 circe
1118 290 1189 345 bona
1207 294 1331 344 externa.

149 469 304 533 damnum
327 467 506 533 efficaciter
533 467 711 534 influxerit.
758 467 845 532 Nam
875 468 903 532 si
933 468 1057 533 nullum
1089 468 1242 533 damnum
1267 466 1472 550 produxerit,

149 557 211 622 nisi
236 556 326 622 cuius
350 577 449 621 causa
472 555 591 621 efficax
623 557 688 622 iam
712 561 785 623 erat
816 556 939 640 posita,
972 560 1112 622 nonest
1142 578 1200 621 cur
1227 557 1269 621 ad
1294 554 1472 637 quidquam

149 645 368 730 reparandum
392 649 554 722 teneatur,
579 645 641 710 nisi
665 646 801 712 alterius
826 667 944 711 causae
968 645 1176 712 efficientiam
1195 648 1412 729 praevenerit.

238 751 276 818 R.
302 752 331 816 3.
379 750 413 816 Si
436 751 508 833 quis
532 771 610 816 vero
634 750 666 814 vi
691 751 743 815 vel
767 751 923 833 gravibus
947 750 1042 815 minis
1066 755 1204 832 cogatur
1227 751 1269 816 ad
1293 750 1473 835 participa·

148 840 271 906 tionem
294 839 327 904 in
351 839 480 905 actione
504 839 614 922 aliqua
638 839 897 915 damnificativa,
930 839 1009 904 haec
1039 860 1097 924 pro
1122 839 1239 920 coqui
1271 840 1320 905 sic
1343 839 1475 922 cogitur

149 929 238 994 licita
273 928 413 994 evadere
447 932 574 1012 potest,
612 928 740 1010 quando
764 928 889 993 scilicet
919 928 1029 1010 agitur
1059 928 1098 993 de
1129 928 1356 993 conservando
1388 930 1472 994 bono

149 1017 284 1083 alterius
308 1017 446 1093 ordinis,
478 1038 536 1100 pro
561 1038 624 1099 quo
648 1017 734 1083 alter
757 1016 908 1082 damnum
933 1038 1027 1082 suum
1059 1018 1175 1082 merito
1208 1017 1328 1084 debeat
1361 1018 1473 1099 parvi·

147 1107 299 1190 pendere.
346 1106 384 1170 In
417 1127 481 1188 quo
514 1127 593 1170 casu
626 1111 715 1171 certo
749 1127 813 1170 non
845 1111 955 1190 potest
986 1105 1089 1171 statui
1113 1105 1270 1188 obligatio
1294 1107 1473 1189 reparandi

147 1195 266 1262 damni.
330 1195 421 1260 Haec
454 1195 641 1260 devolvitur
672 1195 705 1259 in
738 1215 827 1270 eum,
871 1197 925 1275 qui
957 1199 1079 1260 metum
1111 1195 1232 1261 intulit.
1286 1195 1414 1260 Verum
1446 1196 1472 1260 si

147 1305 247 1349 cause
270 1288 365 1350 tanta
389 1305 452 1348 non
472 1289 533 1359 est,
558 1289 595 1349 ut
610 1284 708 1349 liceat
723 1284 864 1348 alienum
881 1284 1032 1348 damnum
1057 1304 1115 1366 pro
1131 1304 1203 1349 meo
1218 1282 1470 1368 parvipendere,

146 1373 257 1439 licebit
286 1372 364 1437 mihi
394 1372 600 1438 nihilominus
629 1372 671 1437 ad
695 1372 835 1437 alienum
860 1372 1011 1437 damnum
1036 1393 1245 1448 concurrere,
1277 1372 1304 1437 si
1333 1378 1472 1457 paratus

146 1462 240 1527 fuero
273 1462 425 1526 damnum
458 1482 478 1526 a
510 1482 561 1526 me
604 1466 773 1528 causatum
815 1462 983 1527 resarcire.
1045 1461 1092 1526 of.
1131 1461 1186 1526 lb.
1220 1485 1260 1526 m.
1294 1461 1329 1536 I,
1367 1465 1469 1541 loth

147 1552 178 1617 s
204 1550 320 1633 Alph.
345 1551 402 1627 m,
428 1553 501 1616 ιιι.

84 1668 137 1722 ‘133
236 1665 288 1727 Ao
307 1684 497 1739 qunnsmun
522 1667 560 1728 2¹¹¹
584 1664 621 1728 R.
643 1666 670 1729 l.
718 1664 751 1728 Si
769 1664 876 1728 Varus
901 1685 973 1728 cum
997 1663 1101 1730 tribus
1125 1663 1197 1727 aliis
1220 1665 1351 1730 trabem
1376 1686 1470 1730 occu-

146 1758 269 1836 passet,
292 1753 340 1817 ita
356 1757 466 1819 tamen
490 1757 526 1818 ut
545 1751 627 1817 alias
650 1753 750 1818 etiam
774 1752 820 1816 illi
844 1760 912 1818 tres
928 1753 1056 1819 trabem
1072 1751 1295 1831 abstulissent,
1320 1759 1471 1835 prorata

146 1841 179 1921 (i.
205 1863 233 1907 e.
259 1846 409 1923 quartam
432 1840 554 1906 valoris
579 1842 719 1924 partem)
744 1842 876 1906 deberet
904 1841 1078 1907 restituere
1101 1841 1231 1905 domino
1261 1842 1379 1910 trabis.
1427 1847 1471 1908 At

146 1951 219 1995 cum
242 1932 354 1996 trabes
376 1930 441 1995 iam
466 1936 625 2013 occupata
648 1930 707 2006 sit,
742 1936 776 1997 et
798 1935 866 1996 tres
889 1929 936 1994 illi
960 1931 1049 1995 fures
1072 1930 1237 1995 sufficiant
1260 1931 1411 2009 omnino,
1435 1939 1470 1997 ut

145 2019 292 2096 videtur,
323 2019 365 2083 ad
395 2020 522 2086 trabem
552 2019 641 2084 illam
667 2019 699 2083 in
723 2022 795 2086 tuto
819 2019 1057 2095 collocandam,
1082 2019 1191 2084 Varus
1215 2019 1336 2085 nullius
1361 2021 1469 2086 damni

146 2129 246 2174 causa
276 2108 394 2173 efficax
424 2112 491 2185 est,
523 2108 585 2172 nisi
608 2107 694 2173 forte
722 2108 791 2172 eius
815 2108 1001 2191 cooperatio
1028 2108 1061 2172 id
1085 2106 1246 2185 effecerit,
1278 2114 1315 2175 ut
1347 2110 1468 2176 furtum

145 2197 283 2262 celerius
307 2202 341 2262 et
363 2197 508 2262 securius
532 2196 732 2261 exsecutioni
758 2196 802 2262 sit
821 2196 949 2262 datum:
975 2197 1060 2278 quod
1083 2218 1159 2261 num
1177 2197 1330 2262 damnum
1350 2198 1470 2264 domini

146 2290 272 2351 auxerit
302 2290 402 2367 atque
432 2286 492 2351 hoc
520 2285 616 2351 titulo
641 2285 783 2367 aliquam
806 2285 1047 2351 restitutionem
1070 2285 1233 2369 imponat,
1265 2306 1309 2351 cx
1333 2287 1469 2353 circum·

144 2375 276 2441 stantiis
299 2375 539 2439 diiudicandum
564 2380 625 2440 est.

232 2481 270 2546 n.
297 2482 325 2545 2.
366 2480 399 2545 Si
419 2499 497 2544 vero
521 2485 590 2546 tres
612 2479 660 2544 illi
683 2479 773 2544 fures
797 2479 920 2545 viribus
944 2479 1123 2545 defecerint
1146 2484 1246 2562 atque
1268 2480 1470 2564 indiguerint

143 2568 279 2633 alterius
315 2589 393 2650 ope,
430 2589 470 2632 ne
503 2589 522 2633 a
555 2569 642 2633 furto
676 2568 832 2634 deberent
865 2569 1040 2633 desistere:
1075 2568 1154 2633 Vari
1188 2572 1380 2652 cooperatio
1413 2592 1468 2636 seu

144 2656 351 2740 participatio
382 2656 547 2721 efficacem
578 2657 735 2721 influxum
768 2658 914 2722 exercuit
946 2657 979 2721 in
1010 2661 1116 2723 totum
1148 2658 1321 2735 damnum,
1355 2665 1469 2744 utpote

143 2746 323 2810 efficaciter
352 2767 416 2809 non
447 2745 630 2828 ponendum
661 2745 730 2810 sine
755 2746 834 2810 Vari
866 2746 1102 2828 cooperatione.
1150 2746 1187 2810 In
1212 2768 1276 2828 quo
1301 2769 1381 2813 casu
1406 2750 1468 2814 sal-

143 2839 209 2900 tem
234 2835 266 2898 in
292 2834 422 2899 defectu
446 2834 582 2899 aliorum
607 2835 708 2900 totius
733 2835 841 2899 damni
866 2835 1106 2918 reparationem
1131 2836 1240 2900 Varus
1271 2836 1384 2903 facere
1414 2860 1469 2922 per

144 2945 179 2987 sc
206 2928 347 2989 tenetur.

83 3034 134 3087 t34
232 3022 271 3086 R.
298 3024 327 3085 3.
376 3021 413 3084 In
437 3021 542 3085 altero
567 3041 644 3084 casu
668 3020 694 3083 si
718 3020 803 3100 ignis
827 3021 868 3083 ab
892 3020 964 3085 aliis
989 3021 1153 3086 excitatus
1176 3021 1210 3085 in
1233 3026 1350 3088 tantas
1378 3026 1467 3088 flam-

142 3132 213 3175 mas
238 3113 447 3185 excreverat,
475 3113 512 3174 ut
535 3130 647 3173 omnes
670 3110 768 3173 aedes
792 3111 855 3172 iam
881 3114 991 3174 essent
1014 3109 1046 3173 in
1071 3109 1259 3176 condicione
1284 3112 1466 3196 desperata,

143 3204 241 3281 atque
273 3220 329 3263 eas
352 3200 405 3262 vel
437 3203 548 3281 partes
579 3218 689 3262 earum
721 3199 874 3262 servandi
905 3219 979 3280 spes
1010 3219 1073 3261 non
1099 3198 1239 3281 amplius
1271 3207 1466 3284 superesset,

142 3289 227 3369 ignis
251 3289 376 3352 aVaro
400 3288 564 3352 excitatus
588 3287 752 3350 efficacem
779 3286 886 3349 damni
911 3288 1067 3350 intluxum
1092 3309 1156 3351 non
1181 3291 1341 3366 exercuit,
1368 3292 1421 3356 vel
1444 3291 1468 3354 si

143 3378 218 3458 quid
242 3398 358 3458 reapse
382 3377 516 3458 physice
541 3376 712 3450 destruxit,
740 3375 903 3439 destruxit
926 3397 994 3440 rem
1018 3376 1137 3440 nullius
1162 3375 1193 3440 in
1219 3377 1309 3442 hisco
1333 3380 1468 3446 circum-

143 3466 274 3529 stantiis
299 3466 431 3530 valoris,
483 3466 537 3531 lb.
564 3488 602 3528 m.
628 3465 652 3537 l,
680 3466 774 3528 1017.

232 3562 270 3625 R.
289 3565 318 3625 4.
360 3563 422 3626 Sed
447 3561 473 3625 si
497 3563 530 3624 in
554 3561 609 3625 illo
632 3582 709 3625 casu
734 3560 912 3641 periculum
939 3566 1065 3625 tantum
1090 3561 1232 3626 nondum
1258 3571 1468 3630 excreverat:

144 3649 228 3729 ignis
262 3651 393 3713 aVaro
425 3650 588 3714 excitatus
619 3671 654 3713 re
685 3670 764 3713 vera
795 3654 922 3731 partem
955 3650 1096 3730 aliquam
1128 3651 1310 3716 alienarum
1343 3654 1467 3719 aedium

144 3738 352 3819 consumpsit,
379 3739 450 3813 etsi,
475 3739 501 3801 si
526 3739 639 3802 abillo
663 3737 730 3819 igni
755 3743 967 3820 consumptae
991 3760 1055 3802 non
1075 3744 1195 3813 essent,
1222 3740 1364 3807 aliorum
1388 3743 1468 3825 ignia

144 3848 200 3890 eas
231 3827 329 3890 etiam
361 3827 501 3890 fortasse
532 3827 795 3909 consumpsisset.
843 3827 944 3890 lmmo
976 3827 1002 3890 si
1036 3827 1120 3907 ignis
1150 3828 1219 3909 igni
1251 3831 1466 3913 coniungitur.

144 3915 275 3979 difficile
308 3920 358 3980 est
389 3915 511 3989 dicere,
546 3938 626 3996 quas
660 3919 693 3979 et
723 3918 863 3996 quantas
896 3921 1007 3997 partes
1040 3917 1243 3997 singulorum
1276 3919 1366 4000 ignis
1397 3942 1467 3985 con·

144 4004 335 4086 sumpserit,
368 4025 439 4067 oum
465 4004 664 4084 singulorum
689 4004 774 4084 ignis
798 4004 963 4067 sufficiens
988 4005 1086 4068 fuerit
1117 4006 1158 4069 ad
1184 4010 1293 4072 totum
1318 4009 1467 4074 damnum

143 4093 356 4157 efficiendum.
405 4092 440 4154 ln
466 4114 527 4172 quo
553 4115 629 4155 casu
654 4093 771 4172 singuli
797 4093 925 4172 quidem
950 4094 991 4157 ad
1015 4100 1152 4175 partem,
1178 4116 1238 4176 pro
1264 4102 1351 4173 rata,
1377 4098 1468 4163 resti-

143 4182 297 4246 tuendam
330 4180 494 4260 obligandi
526 4186 619 4247 sunt:
652 4182 683 4244 in
715 4182 851 4245 solidum
884 4203 924 4244 ex
956 4184 1024 4245 solo
1055 4183 1124 4247 iure
1155 4186 1302 4250 naturali
1334 4186 1467 4270 obligari

145 4276 320 4351 nequeunt,
346 4270 406 4333 nisi
432 4270 560 4350 egerint
584 4292 625 4333 cx
650 4271 808 4336 condicto,

232 4369 271 4431 R.
305 4372 333 4431 5.
388 4366 471 4430 Hinc
497 4367 617 4430 Varum
652 4367 864 4448 obligaverim
899 4368 939 4431 ad
973 4368 1139 4432 terendam
1173 4371 1309 4436 tertiam
1345 4379 1465 4456 partem

145 4456 350 4525 damnorum,
382 4457 551 4536 nequead
577 4456 730 4538 amplius,
757 4456 883 4520 etiamsi
909 4457 994 4519 forte
1019 4457 1134 4537 reliqui
1159 4459 1200 4522 ad
1225 4482 1320 4525 suam
1346 4469 1467 4546 partem

145 4545 378 4608 restituemlam
404 4545 468 4608 sint
493 4544 649 4625 imparem
675 4545 715 4607 nd
741 4545 813 4625 plus
837 4546 1071 4609 restituendum
1098 4568 1177 4611 sane
1197 4549 1410 4633 obligabitur,
1433 4550 1466 4623 si,

145 4653 180 4694 rc
205 4633 245 4695 ad
269 4634 405 4696 iudicem
432 4632 549 4708 delata,
575 4634 602 4696 is
626 4634 781 4696 maiorem
807 4654 943 4714 poenam
967 4634 1168 4716 imposuerit.
