<?xml version="1.0" encoding="UTF-8"?>
<!DOCTYPE html PUBLIC "-//W3C//DTD XHTML 1.0 Transitional//EN"
    "http://www.w3.org/TR/xhtml1/DTD/xhtml1-transitional.dtd">
<html xmlns="http://www.w3.org/1999/xhtml" xml:lang="en" lang="en">
 <head>
  <title>
</title>
<meta http-equiv="Content-Type" content="text/html;charset=utf-8" />
  <meta name='ocr-system' content='tesseract 3.04.00' />
  <meta name='ocr-capabilities' content='ocr_page ocr_carea ocr_par ocr_line ocrx_word'/>
</head>
<body>
  <div class='ocr_page' id='page_1' title='image "./casusconscienti01lehmgoog_0430.png"; bbox 0 0 3106 5168; ppageno 0'>
   <div class='ocr_carea' id='block_1_1' title="bbox 157 277 1341 345">
    <p class='ocr_par' dir='ltr' id='par_1_1' title="bbox 157 277 1341 345">
     <span class='ocr_line' id='line_1_1' title="bbox 157 277 1341 345; baseline 0.002 -15"><span class='ocrx_word' id='word_1_1' title='bbox 157 283 222 345; x_wconf 68' lang='lat'>414</span> <span class='ocrx_word' id='word_1_2' title='bbox 297 277 337 331; x_wconf 88' lang='lat' dir='ltr'>De</span> <span class='ocrx_word' id='word_1_3' title='bbox 356 278 503 332; x_wconf 87' lang='lat' dir='ltr'>virtutibus</span> <span class='ocrx_word' id='word_1_4' title='bbox 521 282 549 330; x_wconf 90' lang='lat' dir='ltr'>et</span> <span class='ocrx_word' id='word_1_5' title='bbox 567 277 665 331; x_wconf 82' lang='lat' dir='ltr'>officiis</span> <span class='ocrx_word' id='word_1_6' title='bbox 683 295 748 345; x_wconf 85' lang='lat' dir='ltr'>erga</span> <span class='ocrx_word' id='word_1_7' title='bbox 766 277 896 331; x_wconf 88' lang='lat' dir='ltr'>homines.</span> <span class='ocrx_word' id='word_1_8' title='bbox 916 307 950 315; x_wconf 94' lang='lat'>—</span> <span class='ocrx_word' id='word_1_9' title='bbox 969 278 1020 332; x_wconf 86' lang='lat' dir='ltr'>Off.</span> <span class='ocrx_word' id='word_1_10' title='bbox 1038 279 1199 333; x_wconf 77' lang='lat' dir='ltr'>circabona</span> <span class='ocrx_word' id='word_1_11' title='bbox 1218 283 1341 332; x_wconf 82' lang='lat' dir='ltr'>externa.</span> 
     </span>
    </p>
   </div>
   <div class='ocr_carea' id='block_1_2' title="bbox 153 453 1481 1338">
    <p class='ocr_par' dir='ltr' id='par_1_2' title="bbox 153 453 1481 1338">
     <span class='ocr_line' id='line_1_2' title="bbox 246 453 1481 538; baseline 0.001 -20"><span class='ocrx_word' id='word_1_12' title='bbox 246 455 284 520; x_wconf 84' lang='lat' dir='ltr'>R.</span> <span class='ocrx_word' id='word_1_13' title='bbox 310 458 340 520; x_wconf 90' lang='lat'>3.</span> <span class='ocrx_word' id='word_1_14' title='bbox 388 455 420 520; x_wconf 87' lang='lat' dir='ltr'>Si</span> <span class='ocrx_word' id='word_1_15' title='bbox 438 475 516 519; x_wconf 89' lang='lat' dir='ltr'>vero</span> <span class='ocrx_word' id='word_1_16' title='bbox 538 453 710 537; x_wconf 90' lang='lat' dir='ltr'>impositus</span> <span class='ocrx_word' id='word_1_17' title='bbox 725 455 840 520; x_wconf 89' lang='lat' dir='ltr'>modus</span> <span class='ocrx_word' id='word_1_18' title='bbox 858 455 902 519; x_wconf 87' lang='lat' dir='ltr'>sit</span> <span class='ocrx_word' id='word_1_19' title='bbox 924 454 1113 521; x_wconf 91' lang='lat' dir='ltr'>inhonestus</span> <span class='ocrx_word' id='word_1_20' title='bbox 1130 455 1181 520; x_wconf 90' lang='lat' dir='ltr'>vel</span> <span class='ocrx_word' id='word_1_21' title='bbox 1197 456 1271 536; x_wconf 81' lang='lat' dir='ltr'>lege</span> <span class='ocrx_word' id='word_1_22' title='bbox 1295 453 1481 538; x_wconf 87' lang='lat' dir='ltr'>prohibitus</span> 
     </span>
     <span class='ocr_line' id='line_1_3' title="bbox 157 543 1477 629; baseline 0 -22"><span class='ocrx_word' id='word_1_23' title='bbox 157 564 215 608; x_wconf 88' lang='lat' dir='ltr'>seu</span> <span class='ocrx_word' id='word_1_24' title='bbox 238 547 413 625; x_wconf 89' lang='lat' dir='ltr'>utcumque</span> <span class='ocrx_word' id='word_1_25' title='bbox 443 543 652 626; x_wconf 89' lang='lat' dir='ltr'>impossibilis</span> <span class='ocrx_word' id='word_1_26' title='bbox 682 543 738 608; x_wconf 91' lang='lat' dir='ltr'>ille</span> <span class='ocrx_word' id='word_1_27' title='bbox 768 543 882 608; x_wconf 90' lang='lat' dir='ltr'>modus</span> <span class='ocrx_word' id='word_1_28' title='bbox 914 544 1026 608; x_wconf 90' lang='lat' dir='ltr'>baberi</span> <span class='ocrx_word' id='word_1_29' title='bbox 1056 544 1152 610; x_wconf 93' lang='lat' dir='ltr'>debet</span> <span class='ocrx_word' id='word_1_30' title='bbox 1171 567 1233 629; x_wconf 85' lang='lat' dir='ltr'>pro</span> <span class='ocrx_word' id='word_1_31' title='bbox 1255 566 1320 609; x_wconf 79' lang='lat' dir='ltr'>aon</span> <span class='ocrx_word' id='word_1_32' title='bbox 1345 546 1477 618; x_wconf 83' lang='lat' dir='ltr'>adiecto,</span> 
     </span>
     <span class='ocr_line' id='line_1_4' title="bbox 156 632 1479 716; baseline 0.002 -21"><span class='ocrx_word' id='word_1_33' title='bbox 156 632 204 698; x_wconf 88' lang='lat' dir='ltr'>ita</span> <span class='ocrx_word' id='word_1_34' title='bbox 227 638 263 699; x_wconf 91' lang='lat' dir='ltr'>ut</span> <span class='ocrx_word' id='word_1_35' title='bbox 287 638 476 698; x_wconf 86' lang='lat' dir='ltr'>contractus</span> <span class='ocrx_word' id='word_1_36' title='bbox 491 633 613 703; x_wconf 83' lang='lat' dir='ltr'>valeat.</span> <span class='ocrx_word' id='word_1_37' title='bbox 637 653 677 697; x_wconf 89' lang='lat' dir='ltr'>ac</span> <span class='ocrx_word' id='word_1_38' title='bbox 696 633 724 697; x_wconf 93' lang='lat' dir='ltr'>si</span> <span class='ocrx_word' id='word_1_39' title='bbox 740 632 829 696; x_wconf 91' lang='lat' dir='ltr'>nulla</span> <span class='ocrx_word' id='word_1_40' title='bbox 852 632 952 697; x_wconf 86' lang='lat' dir='ltr'>fuerit</span> <span class='ocrx_word' id='word_1_41' title='bbox 974 655 1028 698; x_wconf 91' lang='lat' dir='ltr'>res</span> <span class='ocrx_word' id='word_1_42' title='bbox 1050 634 1138 699; x_wconf 88' lang='lat' dir='ltr'>ultra</span> <span class='ocrx_word' id='word_1_43' title='bbox 1160 632 1324 716; x_wconf 88' lang='lat' dir='ltr'>imposita.</span> <span class='ocrx_word' id='word_1_44' title='bbox 1354 632 1392 696; x_wconf 89' lang='lat' dir='ltr'>In</span> <span class='ocrx_word' id='word_1_45' title='bbox 1409 633 1479 697; x_wconf 92' lang='lat' dir='ltr'>iure</span> 
     </span>
     <span class='ocr_line' id='line_1_5' title="bbox 158 720 1477 804; baseline 0 -19"><span class='ocrx_word' id='word_1_46' title='bbox 158 720 284 787; x_wconf 79' lang='lat' dir='ltr'>Germ.</span> <span class='ocrx_word' id='word_1_47' title='bbox 316 726 427 787; x_wconf 91' lang='lat' dir='ltr'>tamen</span> <span class='ocrx_word' id='word_1_48' title='bbox 458 722 555 787; x_wconf 91' lang='lat' dir='ltr'>aliter</span> <span class='ocrx_word' id='word_1_49' title='bbox 577 721 775 804; x_wconf 81' lang='lat' dir='ltr'>disponitur:</span> <span class='ocrx_word' id='word_1_50' title='bbox 809 720 963 787; x_wconf 87' lang='lat' dir='ltr'>videlicet</span> <span class='ocrx_word' id='word_1_51' title='bbox 995 720 1289 804; x_wconf 87' lang='lat' dir='ltr'>impossibilitatem</span> <span class='ocrx_word' id='word_1_52' title='bbox 1321 721 1477 804; x_wconf 89' lang='lat' dir='ltr'>implendi</span> 
     </span>
     <span class='ocr_line' id='line_1_6' title="bbox 156 809 1477 894; baseline 0.001 -21"><span class='ocrx_word' id='word_1_53' title='bbox 156 830 265 874; x_wconf 87' lang='lat' dir='ltr'>secum</span> <span class='ocrx_word' id='word_1_54' title='bbox 295 811 426 875; x_wconf 76' lang='lat' dir='ltr'>trahere</span> <span class='ocrx_word' id='word_1_55' title='bbox 458 810 644 876; x_wconf 90' lang='lat' dir='ltr'>nullitatem</span> <span class='ocrx_word' id='word_1_56' title='bbox 674 811 728 874; x_wconf 91' lang='lat' dir='ltr'>vel</span> <span class='ocrx_word' id='word_1_57' title='bbox 757 809 981 875; x_wconf 82' lang='lat' dir='ltr'>rescissionem</span> <span class='ocrx_word' id='word_1_58' title='bbox 1011 810 1194 876; x_wconf 90' lang='lat' dir='ltr'>donationis</span> <span class='ocrx_word' id='word_1_59' title='bbox 1224 809 1297 894; x_wconf 88' lang='lat' dir='ltr'>(per</span> <span class='ocrx_word' id='word_1_60' title='bbox 1327 810 1477 875; x_wconf 84' lang='lat' dir='ltr'>ultimam</span> 
     </span>
     <span class='ocr_line' id='line_1_7' title="bbox 156 897 1478 981; baseline -0.001 -18"><span class='ocrx_word' id='word_1_61' title='bbox 156 897 383 980; x_wconf 84' lang='lat' dir='ltr'>voluntatem),</span> <span class='ocrx_word' id='word_1_62' title='bbox 409 903 445 964; x_wconf 87' lang='lat' dir='ltr'>at</span> <span class='ocrx_word' id='word_1_63' title='bbox 467 908 681 981; x_wconf 69' lang='lat' dir='ltr'>tormentum,</span> <span class='ocrx_word' id='word_1_64' title='bbox 705 899 833 980; x_wconf 92' lang='lat' dir='ltr'>quando</span> <span class='ocrx_word' id='word_1_65' title='bbox 861 900 943 963; x_wconf 91' lang='lat' dir='ltr'>sumi</span> <span class='ocrx_word' id='word_1_66' title='bbox 960 900 1078 966; x_wconf 88' lang='lat' dir='ltr'>debeat</span> <span class='ocrx_word' id='word_1_67' title='bbox 1100 904 1294 965; x_wconf 77' lang='lat' dir='ltr'>testatorem</span> <span class='ocrx_word' id='word_1_68' title='bbox 1311 899 1478 966; x_wconf 85' lang='lat' dir='ltr'>facturum</span> 
     </span>
     <span class='ocr_line' id='line_1_8' title="bbox 155 987 1478 1071; baseline 0.001 -20"><span class='ocrx_word' id='word_1_69' title='bbox 155 1008 219 1052; x_wconf 94' lang='lat' dir='ltr'>non</span> <span class='ocrx_word' id='word_1_70' title='bbox 242 987 343 1053; x_wconf 84' lang='lat' dir='ltr'>fuisse</span> <span class='ocrx_word' id='word_1_71' title='bbox 366 988 455 1053; x_wconf 90' lang='lat' dir='ltr'>illam</span> <span class='ocrx_word' id='word_1_72' title='bbox 480 987 723 1071; x_wconf 86' lang='lat' dir='ltr'>dispositionem</span> <span class='ocrx_word' id='word_1_73' title='bbox 754 987 1008 1070; x_wconf 90' lang='lat' dir='ltr'>independenter</span> <span class='ocrx_word' id='word_1_74' title='bbox 1040 989 1081 1053; x_wconf 89' lang='lat' dir='ltr'>ab</span> <span class='ocrx_word' id='word_1_75' title='bbox 1105 989 1169 1053; x_wconf 88' lang='lat' dir='ltr'>ista</span> <span class='ocrx_word' id='word_1_76' title='bbox 1192 988 1394 1070; x_wconf 84' lang='lat' dir='ltr'>obligatione</span> <span class='ocrx_word' id='word_1_77' title='bbox 1418 988 1478 1052; x_wconf 91' lang='lat' dir='ltr'>im-</span> 
     </span>
     <span class='ocr_line' id='line_1_9' title="bbox 153 1076 1476 1160; baseline 0.001 -20"><span class='ocrx_word' id='word_1_78' title='bbox 153 1077 270 1159; x_wconf 90' lang='lat' dir='ltr'>posita.</span> <span class='ocrx_word' id='word_1_79' title='bbox 318 1076 364 1156; x_wconf 87' lang='lat' dir='ltr'>(C.</span> <span class='ocrx_word' id='word_1_80' title='bbox 391 1077 428 1142; x_wconf 84' lang='lat' dir='ltr'>G.</span> <span class='ocrx_word' id='word_1_81' title='bbox 454 1078 471 1157; x_wconf 64' lang='grc' dir='ltr'>ξ</span> <span class='ocrx_word' id='word_1_82' title='bbox 496 1078 605 1159; x_wconf 86' lang='grc'><strong>2195).</strong></span> <span class='ocrx_word' id='word_1_83' title='bbox 645 1077 736 1153; x_wconf 90' lang='lat' dir='ltr'>Quod</span> <span class='ocrx_word' id='word_1_84' title='bbox 759 1077 887 1160; x_wconf 88' lang='lat' dir='ltr'>applica</span> <span class='ocrx_word' id='word_1_85' title='bbox 910 1098 968 1141; x_wconf 92' lang='lat' dir='ltr'>suo</span> <span class='ocrx_word' id='word_1_86' title='bbox 991 1078 1086 1143; x_wconf 91' lang='lat' dir='ltr'>modo</span> <span class='ocrx_word' id='word_1_87' title='bbox 1109 1078 1152 1143; x_wconf 91' lang='lat' dir='ltr'>ad</span> <span class='ocrx_word' id='word_1_88' title='bbox 1175 1081 1365 1142; x_wconf 88' lang='lat' dir='ltr'>contractus</span> <span class='ocrx_word' id='word_1_89' title='bbox 1389 1077 1476 1143; x_wconf 89' lang='lat' dir='ltr'>inter</span> 
     </span>
     <span class='ocr_line' id='line_1_10' title="bbox 154 1164 1477 1248; baseline 0.002 -20"><span class='ocrx_word' id='word_1_90' title='bbox 154 1164 257 1230; x_wconf 82' lang='lat' dir='ltr'>vivos,</span> <span class='ocrx_word' id='word_1_91' title='bbox 290 1165 324 1231; x_wconf 84' lang='lat' dir='ltr'>Si</span> <span class='ocrx_word' id='word_1_92' title='bbox 348 1170 458 1231; x_wconf 90' lang='lat' dir='ltr'>autem</span> <span class='ocrx_word' id='word_1_93' title='bbox 482 1186 534 1230; x_wconf 88' lang='lat' dir='ltr'>res</span> <span class='ocrx_word' id='word_1_94' title='bbox 557 1166 589 1229; x_wconf 90' lang='lat' dir='ltr'>in</span> <span class='ocrx_word' id='word_1_95' title='bbox 614 1187 649 1230; x_wconf 92' lang='lat' dir='ltr'>se</span> <span class='ocrx_word' id='word_1_96' title='bbox 665 1165 827 1248; x_wconf 90' lang='lat' dir='ltr'>possibilis</span> <span class='ocrx_word' id='word_1_97' title='bbox 850 1166 903 1242; x_wconf 89' lang='lat' dir='ltr'>sit,</span> <span class='ocrx_word' id='word_1_98' title='bbox 928 1169 964 1230; x_wconf 89' lang='lat' dir='ltr'>at</span> <span class='ocrx_word' id='word_1_99' title='bbox 986 1165 1056 1248; x_wconf 91' lang='lat' dir='ltr'>ipse</span> <span class='ocrx_word' id='word_1_100' title='bbox 1072 1167 1236 1248; x_wconf 82' lang='lat' dir='ltr'>obligatus</span> <span class='ocrx_word' id='word_1_101' title='bbox 1259 1165 1303 1231; x_wconf 85' lang='lat' dir='ltr'>sit</span> <span class='ocrx_word' id='word_1_102' title='bbox 1326 1165 1359 1230; x_wconf 92' lang='lat' dir='ltr'>in</span> <span class='ocrx_word' id='word_1_103' title='bbox 1377 1187 1477 1231; x_wconf 90' lang='lat' dir='ltr'>causa</span> 
     </span>
     <span class='ocr_line' id='line_1_11' title="bbox 154 1254 1475 1338; baseline 0.001 -20"><span class='ocrx_word' id='word_1_104' title='bbox 154 1275 212 1318; x_wconf 93' lang='lat' dir='ltr'>cur</span> <span class='ocrx_word' id='word_1_105' title='bbox 235 1256 297 1319; x_wconf 84' lang='lat' dir='ltr'>sibi</span> <span class='ocrx_word' id='word_1_106' title='bbox 320 1254 463 1319; x_wconf 87' lang='lat' dir='ltr'>evaserit</span> <span class='ocrx_word' id='word_1_107' title='bbox 486 1255 703 1336; x_wconf 90' lang='lat' dir='ltr'>impossibilis,</span> <span class='ocrx_word' id='word_1_108' title='bbox 727 1256 755 1319; x_wconf 88' lang='lat' dir='ltr'>is</span> <span class='ocrx_word' id='word_1_109' title='bbox 772 1255 811 1319; x_wconf 91' lang='lat' dir='ltr'>de</span> <span class='ocrx_word' id='word_1_110' title='bbox 828 1255 945 1319; x_wconf 87' lang='lat' dir='ltr'>damno</span> <span class='ocrx_word' id='word_1_111' title='bbox 969 1275 1026 1319; x_wconf 90' lang='lat' dir='ltr'>seu</span> <span class='ocrx_word' id='word_1_112' title='bbox 1045 1255 1309 1338; x_wconf 82' lang='lat' dir='ltr'>compensatione</span> <span class='ocrx_word' id='word_1_113' title='bbox 1333 1259 1475 1321; x_wconf 86' lang='lat' dir='ltr'>tenetur.</span> 
     </span>
    </p>
   </div>
   <div class='ocr_carea' id='block_1_3' title="bbox 153 1343 576 1423">
    <p class='ocr_par' dir='ltr' id='par_1_3' title="bbox 153 1343 576 1423">
     <span class='ocr_line' id='line_1_12' title="bbox 153 1343 576 1423; baseline 0 -15"><span class='ocrx_word' id='word_1_114' title='bbox 153 1343 200 1409; x_wconf 79' lang='lat' dir='ltr'>Cf.</span> <span class='ocrx_word' id='word_1_115' title='bbox 225 1345 282 1408; x_wconf 79' lang='lat' dir='ltr'>Ius</span> <span class='ocrx_word' id='word_1_116' title='bbox 306 1346 412 1409; x_wconf 81' lang='lat' dir='ltr'>Germ.</span> <span class='ocrx_word' id='word_1_117' title='bbox 437 1345 454 1423; x_wconf 65' lang='grc' dir='ltr'><strong>ἓ</strong></span> <span class='ocrx_word' id='word_1_118' title='bbox 480 1346 576 1408; x_wconf 86' lang='grc'><strong>2196.</strong></span> 
     </span>
    </p>
   </div>
   <div class='ocr_carea' id='block_1_4' title="bbox 92 1448 1475 2419">
    <p class='ocr_par' dir='ltr' id='par_1_4' title="bbox 92 1448 1475 1976">
     <span class='ocr_line' id='line_1_13' title="bbox 92 1448 1475 1530; baseline 0.001 -18"><span class='ocrx_word' id='word_1_119' title='bbox 92 1458 144 1512; x_wconf 85' lang='grc'>819</span> <span class='ocrx_word' id='word_1_120' title='bbox 243 1450 281 1515; x_wconf 88' lang='lat' dir='ltr'>R.</span> <span class='ocrx_word' id='word_1_121' title='bbox 307 1453 337 1513; x_wconf 79' lang='lat'>4.</span> <span class='ocrx_word' id='word_1_122' title='bbox 384 1449 500 1513; x_wconf 84' lang='lat' dir='ltr'>Certus</span> <span class='ocrx_word' id='word_1_123' title='bbox 530 1449 644 1513; x_wconf 91' lang='lat' dir='ltr'>modus</span> <span class='ocrx_word' id='word_1_124' title='bbox 674 1453 725 1514; x_wconf 89' lang='lat' dir='ltr'>est</span> <span class='ocrx_word' id='word_1_125' title='bbox 759 1449 834 1528; x_wconf 78' lang='lat' dir='ltr'>„aab</span> <span class='ocrx_word' id='word_1_126' title='bbox 868 1448 998 1524; x_wconf 55' lang='lat' dir='ltr'>carrad,</span> <span class='ocrx_word' id='word_1_127' title='bbox 1032 1449 1160 1530; x_wconf 91' lang='lat' dir='ltr'>quando</span> <span class='ocrx_word' id='word_1_128' title='bbox 1190 1448 1348 1514; x_wconf 89' lang='lat' dir='ltr'>videlicet</span> <span class='ocrx_word' id='word_1_129' title='bbox 1378 1449 1475 1514; x_wconf 88' lang='lat' dir='ltr'>alteri</span> 
     </span>
     <span class='ocr_line' id='line_1_14' title="bbox 152 1537 1475 1620; baseline 0 -18"><span class='ocrx_word' id='word_1_130' title='bbox 152 1538 358 1605; x_wconf 84' lang='lat' dir='ltr'>contrahenti</span> <span class='ocrx_word' id='word_1_131' title='bbox 382 1537 503 1619; x_wconf 87' lang='lat' dir='ltr'>aliquid</span> <span class='ocrx_word' id='word_1_132' title='bbox 526 1539 662 1603; x_wconf 87' lang='lat' dir='ltr'>offertur</span> <span class='ocrx_word' id='word_1_133' title='bbox 683 1559 739 1602; x_wconf 92' lang='lat' dir='ltr'>seu</span> <span class='ocrx_word' id='word_1_134' title='bbox 757 1542 945 1620; x_wconf 87' lang='lat' dir='ltr'>praestatur</span> <span class='ocrx_word' id='word_1_135' title='bbox 967 1538 1009 1603; x_wconf 93' lang='lat' dir='ltr'>ad</span> <span class='ocrx_word' id='word_1_136' title='bbox 1032 1542 1156 1603; x_wconf 90' lang='lat' dir='ltr'>certam</span> <span class='ocrx_word' id='word_1_137' title='bbox 1173 1538 1318 1619; x_wconf 88' lang='lat' dir='ltr'>aliquam</span> <span class='ocrx_word' id='word_1_138' title='bbox 1342 1559 1475 1603; x_wconf 86' lang='lat' dir='ltr'>causam</span> 
     </span>
     <span class='ocr_line' id='line_1_15' title="bbox 153 1626 1474 1708; baseline -0.001 -16"><span class='ocrx_word' id='word_1_139' title='bbox 153 1649 211 1692; x_wconf 91' lang='lat' dir='ltr'>seu</span> <span class='ocrx_word' id='word_1_140' title='bbox 234 1627 267 1691; x_wconf 91' lang='lat' dir='ltr'>in</span> <span class='ocrx_word' id='word_1_141' title='bbox 283 1630 408 1691; x_wconf 87' lang='lat' dir='ltr'>certum</span> <span class='ocrx_word' id='word_1_142' title='bbox 425 1626 565 1707; x_wconf 84' lang='lat' dir='ltr'>aliquem</span> <span class='ocrx_word' id='word_1_143' title='bbox 581 1628 688 1692; x_wconf 89' lang='lat' dir='ltr'>finem.</span> <span class='ocrx_word' id='word_1_144' title='bbox 721 1627 841 1702; x_wconf 82' lang='lat' dir='ltr'>Quodsi</span> <span class='ocrx_word' id='word_1_145' title='bbox 858 1627 1006 1692; x_wconf 85' lang='lat' dir='ltr'>offerenti</span> <span class='ocrx_word' id='word_1_146' title='bbox 1022 1631 1130 1692; x_wconf 89' lang='lat' dir='ltr'>certus</span> <span class='ocrx_word' id='word_1_147' title='bbox 1146 1626 1201 1691; x_wconf 90' lang='lat' dir='ltr'>ille</span> <span class='ocrx_word' id='word_1_148' title='bbox 1217 1627 1291 1691; x_wconf 90' lang='lat' dir='ltr'>finis</span> <span class='ocrx_word' id='word_1_149' title='bbox 1306 1626 1474 1708; x_wconf 82' lang='lat' dir='ltr'>attingen-</span> 
     </span>
     <span class='ocr_line' id='line_1_16' title="bbox 153 1715 1473 1797; baseline -0.001 -17"><span class='ocrx_word' id='word_1_150' title='bbox 153 1717 213 1780; x_wconf 89' lang='lat' dir='ltr'>dus</span> <span class='ocrx_word' id='word_1_151' title='bbox 237 1716 326 1780; x_wconf 91' lang='lat' dir='ltr'>cordi</span> <span class='ocrx_word' id='word_1_152' title='bbox 349 1720 409 1791; x_wconf 88' lang='lat' dir='ltr'>est,</span> <span class='ocrx_word' id='word_1_153' title='bbox 434 1716 573 1780; x_wconf 89' lang='lat' dir='ltr'>babetur</span> <span class='ocrx_word' id='word_1_154' title='bbox 595 1736 674 1779; x_wconf 87' lang='lat' dir='ltr'>sane</span> <span class='ocrx_word' id='word_1_155' title='bbox 697 1717 810 1780; x_wconf 86' lang='lat' dir='ltr'>modus</span> <span class='ocrx_word' id='word_1_156' title='bbox 834 1715 1056 1797; x_wconf 84' lang='lat' dir='ltr'>obligatorias,</span> <span class='ocrx_word' id='word_1_157' title='bbox 1080 1721 1179 1797; x_wconf 90' lang='lat' dir='ltr'>atque</span> <span class='ocrx_word' id='word_1_158' title='bbox 1203 1716 1345 1780; x_wconf 90' lang='lat' dir='ltr'>donator</span> <span class='ocrx_word' id='word_1_159' title='bbox 1367 1721 1473 1782; x_wconf 92' lang='lat' dir='ltr'>totum</span> 
     </span>
     <span class='ocr_line' id='line_1_17' title="bbox 153 1804 1473 1887; baseline -0.001 -18"><span class='ocrx_word' id='word_1_160' title='bbox 153 1805 272 1870; x_wconf 91' lang='lat' dir='ltr'>donum</span> <span class='ocrx_word' id='word_1_161' title='bbox 296 1825 451 1869; x_wconf 89' lang='lat' dir='ltr'>revocare</span> <span class='ocrx_word' id='word_1_162' title='bbox 475 1808 594 1887; x_wconf 83' lang='lat' dir='ltr'>potest,</span> <span class='ocrx_word' id='word_1_163' title='bbox 619 1804 808 1869; x_wconf 87' lang='lat' dir='ltr'>donatarius</span> <span class='ocrx_word' id='word_1_164' title='bbox 833 1805 929 1870; x_wconf 88' lang='lat' dir='ltr'>debet</span> <span class='ocrx_word' id='word_1_165' title='bbox 953 1805 1135 1882; x_wconf 84' lang='lat' dir='ltr'>restituere,</span> <span class='ocrx_word' id='word_1_166' title='bbox 1161 1804 1187 1868; x_wconf 89' lang='lat' dir='ltr'>si</span> <span class='ocrx_word' id='word_1_167' title='bbox 1211 1804 1245 1868; x_wconf 91' lang='lat' dir='ltr'>in</span> <span class='ocrx_word' id='word_1_168' title='bbox 1268 1805 1368 1869; x_wconf 91' lang='lat' dir='ltr'>finem</span> <span class='ocrx_word' id='word_1_169' title='bbox 1392 1805 1473 1870; x_wconf 91' lang='lat' dir='ltr'>indi-</span> 
     </span>
     <span class='ocr_line' id='line_1_18' title="bbox 155 1892 724 1976; baseline -0.002 -17"><span class='ocrx_word' id='word_1_170' title='bbox 155 1899 264 1959; x_wconf 88' lang='lat' dir='ltr'>catum</span> <span class='ocrx_word' id='word_1_171' title='bbox 289 1894 406 1958; x_wconf 89' lang='lat' dir='ltr'>donum</span> <span class='ocrx_word' id='word_1_172' title='bbox 431 1914 495 1957; x_wconf 92' lang='lat' dir='ltr'>non</span> <span class='ocrx_word' id='word_1_173' title='bbox 519 1892 724 1976; x_wconf 89' lang='lat' dir='ltr'>impenditur.</span> 
     </span>
    </p>

    <p class='ocr_par' dir='ltr' id='par_1_5' title="bbox 151 1980 1472 2419">
     <span class='ocr_line' id='line_1_19' title="bbox 246 1980 1472 2065; baseline -0.001 -19"><span class='ocrx_word' id='word_1_174' title='bbox 246 1983 363 2046; x_wconf 91' lang='lat' dir='ltr'>Verum</span> <span class='ocrx_word' id='word_1_175' title='bbox 394 2002 492 2064; x_wconf 90' lang='lat' dir='ltr'>saepe</span> <span class='ocrx_word' id='word_1_176' title='bbox 523 2002 565 2046; x_wconf 87' lang='lat' dir='ltr'>ex</span> <span class='ocrx_word' id='word_1_177' title='bbox 597 1982 758 2047; x_wconf 89' lang='lat' dir='ltr'>adiunctis</span> <span class='ocrx_word' id='word_1_178' title='bbox 780 1985 874 2065; x_wconf 89' lang='lat' dir='ltr'>patet</span> <span class='ocrx_word' id='word_1_179' title='bbox 905 1981 1144 2046; x_wconf 88' lang='lat' dir='ltr'>benefactorem</span> <span class='ocrx_word' id='word_1_180' title='bbox 1176 1980 1320 2046; x_wconf 85' lang='lat' dir='ltr'>voluisse</span> <span class='ocrx_word' id='word_1_181' title='bbox 1345 1986 1472 2047; x_wconf 92' lang='lat' dir='ltr'>tantum</span> 
     </span>
     <span class='ocr_line' id='line_1_20' title="bbox 151 2070 1471 2152; baseline -0.002 -16"><span class='ocrx_word' id='word_1_182' title='bbox 151 2072 184 2136; x_wconf 94' lang='lat' dir='ltr'>in</span> <span class='ocrx_word' id='word_1_183' title='bbox 208 2070 369 2138; x_wconf 86' lang='lat' dir='ltr'>donatarii</span> <span class='ocrx_word' id='word_1_184' title='bbox 392 2071 534 2152; x_wconf 81' lang='lat' dir='ltr'>gratiam</span> <span class='ocrx_word' id='word_1_185' title='bbox 558 2071 631 2135; x_wconf 92' lang='lat' dir='ltr'>huic</span> <span class='ocrx_word' id='word_1_186' title='bbox 654 2071 848 2136; x_wconf 87' lang='lat' dir='ltr'>facultatem</span> <span class='ocrx_word' id='word_1_187' title='bbox 870 2071 981 2135; x_wconf 82' lang='lat' dir='ltr'>facere</span> <span class='ocrx_word' id='word_1_188' title='bbox 1003 2070 1037 2134; x_wconf 91' lang='lat' dir='ltr'>in</span> <span class='ocrx_word' id='word_1_189' title='bbox 1060 2074 1183 2134; x_wconf 87' lang='lat' dir='ltr'>certum</span> <span class='ocrx_word' id='word_1_190' title='bbox 1209 2070 1352 2152; x_wconf 87' lang='lat' dir='ltr'>aliquem</span> <span class='ocrx_word' id='word_1_191' title='bbox 1376 2073 1471 2134; x_wconf 90' lang='lat' dir='ltr'>finem</span> 
     </span>
     <span class='ocr_line' id='line_1_21' title="bbox 152 2159 1471 2244; baseline -0.001 -20"><span class='ocrx_word' id='word_1_192' title='bbox 152 2160 272 2242; x_wconf 89' lang='lat' dir='ltr'>aliquid</span> <span class='ocrx_word' id='word_1_193' title='bbox 303 2159 523 2244; x_wconf 85' lang='lat' dir='ltr'>expendendi,</span> <span class='ocrx_word' id='word_1_194' title='bbox 563 2180 667 2242; x_wconf 89' lang='lat' dir='ltr'>neque</span> <span class='ocrx_word' id='word_1_195' title='bbox 700 2164 810 2225; x_wconf 90' lang='lat' dir='ltr'>tamen</span> <span class='ocrx_word' id='word_1_196' title='bbox 845 2180 916 2223; x_wconf 90' lang='lat' dir='ltr'>eum</span> <span class='ocrx_word' id='word_1_197' title='bbox 955 2179 1087 2224; x_wconf 91' lang='lat' dir='ltr'>curasse</span> <span class='ocrx_word' id='word_1_198' title='bbox 1119 2159 1209 2223; x_wconf 90' lang='lat' dir='ltr'>illum</span> <span class='ocrx_word' id='word_1_199' title='bbox 1240 2160 1339 2223; x_wconf 92' lang='lat' dir='ltr'>finem</span> <span class='ocrx_word' id='word_1_200' title='bbox 1374 2159 1408 2223; x_wconf 93' lang='lat' dir='ltr'>in</span> <span class='ocrx_word' id='word_1_201' title='bbox 1438 2180 1471 2223; x_wconf 89' lang='lat' dir='ltr'>se</span> 
     </span>
     <span class='ocr_line' id='line_1_22' title="bbox 151 2247 1471 2333; baseline -0.002 -19"><span class='ocrx_word' id='word_1_202' title='bbox 151 2254 345 2333; x_wconf 87' lang='lat' dir='ltr'>spectatum.</span> <span class='ocrx_word' id='word_1_203' title='bbox 377 2248 496 2325; x_wconf 90' lang='lat' dir='ltr'>Quodsi</span> <span class='ocrx_word' id='word_1_204' title='bbox 521 2248 568 2313; x_wconf 90' lang='lat' dir='ltr'>ita</span> <span class='ocrx_word' id='word_1_205' title='bbox 591 2253 651 2324; x_wconf 89' lang='lat' dir='ltr'>est,</span> <span class='ocrx_word' id='word_1_206' title='bbox 676 2248 766 2313; x_wconf 91' lang='lat' dir='ltr'>nulla</span> <span class='ocrx_word' id='word_1_207' title='bbox 781 2247 966 2330; x_wconf 76' lang='lat' dir='ltr'>acceptasti</span> <span class='ocrx_word' id='word_1_208' title='bbox 989 2247 1165 2332; x_wconf 90' lang='lat' dir='ltr'>imponitur</span> <span class='ocrx_word' id='word_1_209' title='bbox 1181 2247 1349 2330; x_wconf 86' lang='lat' dir='ltr'>obligatio.</span> <span class='ocrx_word' id='word_1_210' title='bbox 1383 2247 1471 2324; x_wconf 86' lang='lat' dir='ltr'>Quae</span> 
     </span>
     <span class='ocr_line' id='line_1_23' title="bbox 151 2336 1472 2419; baseline -0.001 -17"><span class='ocrx_word' id='word_1_211' title='bbox 151 2339 289 2404; x_wconf 90' lang='lat' dir='ltr'>intentio</span> <span class='ocrx_word' id='word_1_212' title='bbox 314 2337 480 2402; x_wconf 85' lang='lat' dir='ltr'>offerentis</span> <span class='ocrx_word' id='word_1_213' title='bbox 503 2337 536 2401; x_wconf 92' lang='lat' dir='ltr'>in</span> <span class='ocrx_word' id='word_1_214' title='bbox 560 2336 656 2402; x_wconf 91' lang='lat' dir='ltr'>dubio</span> <span class='ocrx_word' id='word_1_215' title='bbox 680 2337 917 2419; x_wconf 89' lang='lat' dir='ltr'>praesumenda</span> <span class='ocrx_word' id='word_1_216' title='bbox 940 2342 1006 2415; x_wconf 88' lang='lat' dir='ltr'>est,</span> <span class='ocrx_word' id='word_1_217' title='bbox 1038 2336 1167 2418; x_wconf 88' lang='lat' dir='ltr'>quando</span> <span class='ocrx_word' id='word_1_218' title='bbox 1191 2336 1264 2400; x_wconf 91' lang='lat' dir='ltr'>finis</span> <span class='ocrx_word' id='word_1_219' title='bbox 1288 2357 1348 2401; x_wconf 93' lang='lat' dir='ltr'>seu</span> <span class='ocrx_word' id='word_1_220' title='bbox 1372 2358 1472 2402; x_wconf 86' lang='lat' dir='ltr'>causa</span> 
     </span>
    </p>
   </div>
   <div class='ocr_carea' id='block_1_5' title="bbox 150 2425 1469 2595">
    <p class='ocr_par' dir='ltr' id='par_1_6' title="bbox 150 2425 1469 2595">
     <span class='ocr_line' id='line_1_24' title="bbox 152 2425 1469 2508; baseline -0.002 -15"><span class='ocrx_word' id='word_1_221' title='bbox 152 2428 264 2493; x_wconf 87' lang='lat' dir='ltr'>totalis</span> <span class='ocrx_word' id='word_1_222' title='bbox 288 2431 338 2491; x_wconf 91' lang='lat' dir='ltr'>est</span> <span class='ocrx_word' id='word_1_223' title='bbox 361 2427 393 2489; x_wconf 93' lang='lat' dir='ltr'>in</span> <span class='ocrx_word' id='word_1_224' title='bbox 417 2427 565 2490; x_wconf 81' lang='lat' dir='ltr'>favorem</span> <span class='ocrx_word' id='word_1_225' title='bbox 590 2426 807 2508; x_wconf 78' lang='lat' dir='ltr'>acceptantis3</span> <span class='ocrx_word' id='word_1_226' title='bbox 839 2447 903 2490; x_wconf 93' lang='lat' dir='ltr'>non</span> <span class='ocrx_word' id='word_1_227' title='bbox 927 2425 989 2500; x_wconf 89' lang='lat' dir='ltr'>ita,</span> <span class='ocrx_word' id='word_1_228' title='bbox 1021 2425 1047 2490; x_wconf 87' lang='lat' dir='ltr'>si</span> <span class='ocrx_word' id='word_1_229' title='bbox 1071 2425 1171 2490; x_wconf 90' lang='lat' dir='ltr'>sitin</span> <span class='ocrx_word' id='word_1_230' title='bbox 1195 2426 1347 2490; x_wconf 87' lang='lat' dir='ltr'>favorem</span> <span class='ocrx_word' id='word_1_231' title='bbox 1370 2426 1469 2491; x_wconf 89' lang='lat' dir='ltr'>tertii.</span> 
     </span>
     <span class='ocr_line' id='line_1_25' title="bbox 150 2514 1271 2595; baseline -0.001 -14"><span class='ocrx_word' id='word_1_232' title='bbox 150 2517 197 2581; x_wconf 79' lang='lat' dir='ltr'>Cf.</span> <span class='ocrx_word' id='word_1_233' title='bbox 228 2518 283 2581; x_wconf 81' lang='grc'><strong>111.</strong></span> <span class='ocrx_word' id='word_1_234' title='bbox 307 2538 348 2579; x_wconf 75' lang='lat' dir='ltr'>aa</span> <span class='ocrx_word' id='word_1_235' title='bbox 373 2515 397 2590; x_wconf 86' lang='grc' dir='ltr'>Ι,</span> <span class='ocrx_word' id='word_1_236' title='bbox 426 2517 526 2588; x_wconf 79' lang='grc' dir='ltr'><strong>1076ς</strong></span> <span class='ocrx_word' id='word_1_237' title='bbox 551 2515 680 2595; x_wconf 87' lang='lat' dir='ltr'>Lugo,</span> <span class='ocrx_word' id='word_1_238' title='bbox 705 2516 755 2579; x_wconf 83' lang='lat' dir='ltr'>Dc</span> <span class='ocrx_word' id='word_1_239' title='bbox 777 2519 849 2580; x_wconf 72' lang='lat' dir='ltr'>vinst.</span> <span class='ocrx_word' id='word_1_240' title='bbox 875 2523 901 2578; x_wconf 78' lang='grc'>11</span> <span class='ocrx_word' id='word_1_241' title='bbox 926 2517 994 2579; x_wconf 82' lang='lat' dir='ltr'>iure</span> <span class='ocrx_word' id='word_1_242' title='bbox 1017 2514 1048 2579; x_wconf 92' lang='lat' dir='ltr'>d.</span> <span class='ocrx_word' id='word_1_243' title='bbox 1074 2516 1169 2578; x_wconf 79' lang='lat'>2311.</span> <span class='ocrx_word' id='word_1_244' title='bbox 1198 2517 1271 2580; x_wconf 93' lang='grc'><strong>111.</strong></span> 
     </span>
    </p>
   </div>
   <div class='ocr_carea' id='block_1_6' title="bbox 88 2640 1471 3172">
    <p class='ocr_par' dir='ltr' id='par_1_7' title="bbox 88 2640 1471 3172">
     <span class='ocr_line' id='line_1_26' title="bbox 88 2640 1469 2726; baseline -0.004 -16"><span class='ocrx_word' id='word_1_245' title='bbox 88 2656 141 2710; x_wconf 79' lang='lat'>820</span> <span class='ocrx_word' id='word_1_246' title='bbox 239 2643 501 2717; x_wconf 69' lang='lat' dir='ltr'>Ao&#39;ounusmuu</span> <span class='ocrx_word' id='word_1_247' title='bbox 526 2641 673 2707; x_wconf 67' lang='grc'><strong>11111.</strong></span> <span class='ocrx_word' id='word_1_248' title='bbox 722 2641 757 2705; x_wconf 89' lang='grc'>111</span> <span class='ocrx_word' id='word_1_249' title='bbox 781 2644 888 2726; x_wconf 82' lang='lat' dir='ltr'>priore</span> <span class='ocrx_word' id='word_1_250' title='bbox 911 2662 988 2705; x_wconf 87' lang='lat' dir='ltr'>casu</span> <span class='ocrx_word' id='word_1_251' title='bbox 1012 2640 1094 2705; x_wconf 91' lang='lat' dir='ltr'>sumi</span> <span class='ocrx_word' id='word_1_252' title='bbox 1117 2640 1231 2721; x_wconf 90' lang='lat' dir='ltr'>nequit</span> <span class='ocrx_word' id='word_1_253' title='bbox 1260 2640 1335 2705; x_wconf 91' lang='lat' dir='ltr'>Iulii</span> <span class='ocrx_word' id='word_1_254' title='bbox 1367 2663 1469 2706; x_wconf 85' lang='lat' dir='ltr'>avun-</span> 
     </span>
     <span class='ocr_line' id='line_1_27' title="bbox 151 2730 1469 2813; baseline -0.002 -15"><span class='ocrx_word' id='word_1_255' title='bbox 151 2733 257 2798; x_wconf 89' lang='lat' dir='ltr'>culum</span> <span class='ocrx_word' id='word_1_256' title='bbox 281 2731 423 2795; x_wconf 83' lang='lat' dir='ltr'>voluisse</span> <span class='ocrx_word' id='word_1_257' title='bbox 439 2734 590 2813; x_wconf 88' lang='lat' dir='ltr'>nepotem</span> <span class='ocrx_word' id='word_1_258' title='bbox 606 2751 698 2794; x_wconf 90' lang='lat' dir='ltr'>suum</span> <span class='ocrx_word' id='word_1_259' title='bbox 716 2730 861 2810; x_wconf 84' lang='lat' dir='ltr'>obligare</span> <span class='ocrx_word' id='word_1_260' title='bbox 878 2730 918 2794; x_wconf 89' lang='lat' dir='ltr'>ad</span> <span class='ocrx_word' id='word_1_261' title='bbox 935 2731 1104 2793; x_wconf 91' lang='lat' dir='ltr'>emendum</span> <span class='ocrx_word' id='word_1_262' title='bbox 1121 2750 1249 2810; x_wconf 91' lang='lat' dir='ltr'>equum,</span> <span class='ocrx_word' id='word_1_263' title='bbox 1275 2730 1333 2794; x_wconf 90' lang='lat' dir='ltr'>sed</span> <span class='ocrx_word' id='word_1_264' title='bbox 1350 2731 1469 2795; x_wconf 90' lang='lat' dir='ltr'>solum-</span> 
     </span>
     <span class='ocr_line' id='line_1_28' title="bbox 151 2818 1471 2900; baseline -0.001 -15"><span class='ocrx_word' id='word_1_265' title='bbox 151 2821 246 2887; x_wconf 90' lang='lat' dir='ltr'>modo</span> <span class='ocrx_word' id='word_1_266' title='bbox 276 2819 322 2883; x_wconf 92' lang='lat' dir='ltr'>illi</span> <span class='ocrx_word' id='word_1_267' title='bbox 353 2819 395 2882; x_wconf 92' lang='lat' dir='ltr'>ad</span> <span class='ocrx_word' id='word_1_268' title='bbox 426 2820 486 2883; x_wconf 88' lang='lat' dir='ltr'>boc</span> <span class='ocrx_word' id='word_1_269' title='bbox 517 2819 709 2883; x_wconf 86' lang='lat' dir='ltr'>facultatem</span> <span class='ocrx_word' id='word_1_270' title='bbox 739 2819 857 2883; x_wconf 86' lang='lat' dir='ltr'>facere.</span> <span class='ocrx_word' id='word_1_271' title='bbox 904 2818 993 2900; x_wconf 85' lang='lat' dir='ltr'>Ergo</span> <span class='ocrx_word' id='word_1_272' title='bbox 1023 2819 1050 2881; x_wconf 89' lang='lat' dir='ltr'>si</span> <span class='ocrx_word' id='word_1_273' title='bbox 1081 2818 1181 2882; x_wconf 91' lang='lat' dir='ltr'>Iulius</span> <span class='ocrx_word' id='word_1_274' title='bbox 1212 2818 1245 2881; x_wconf 88' lang='lat' dir='ltr'>in</span> <span class='ocrx_word' id='word_1_275' title='bbox 1276 2821 1375 2882; x_wconf 92' lang='lat' dir='ltr'>finem</span> <span class='ocrx_word' id='word_1_276' title='bbox 1411 2820 1471 2884; x_wconf 85' lang='lat' dir='ltr'>uti-</span> 
     </span>
     <span class='ocr_line' id='line_1_29' title="bbox 151 2906 1470 2990; baseline -0.003 -16"><span class='ocrx_word' id='word_1_277' title='bbox 151 2911 264 2974; x_wconf 87' lang='lat' dir='ltr'>liorem</span> <span class='ocrx_word' id='word_1_278' title='bbox 288 2913 321 2972; x_wconf 91' lang='lat' dir='ltr'>et</span> <span class='ocrx_word' id='word_1_279' title='bbox 345 2908 433 2990; x_wconf 90' lang='lat' dir='ltr'>pium</span> <span class='ocrx_word' id='word_1_280' title='bbox 458 2909 576 2971; x_wconf 91' lang='lat' dir='ltr'>donum</span> <span class='ocrx_word' id='word_1_281' title='bbox 602 2913 771 2990; x_wconf 89' lang='lat' dir='ltr'>acceptum</span> <span class='ocrx_word' id='word_1_282' title='bbox 789 2907 953 2989; x_wconf 86' lang='lat' dir='ltr'>expendit,</span> <span class='ocrx_word' id='word_1_283' title='bbox 980 2907 1048 2987; x_wconf 88' lang='lat' dir='ltr'>egit</span> <span class='ocrx_word' id='word_1_284' title='bbox 1075 2906 1285 2971; x_wconf 87' lang='lat' dir='ltr'>laudabiliter</span> <span class='ocrx_word' id='word_1_285' title='bbox 1308 2908 1470 2989; x_wconf 89' lang='lat' dir='ltr'>nequead</span> 
     </span>
     <span class='ocr_line' id='line_1_30' title="bbox 151 2996 1471 3080; baseline -0.002 -18"><span class='ocrx_word' id='word_1_286' title='bbox 151 2998 324 3080; x_wconf 90' lang='lat' dir='ltr'>quidquam</span> <span class='ocrx_word' id='word_1_287' title='bbox 349 3002 486 3062; x_wconf 87' lang='lat' dir='ltr'>tenetur.</span> <span class='ocrx_word' id='word_1_288' title='bbox 521 2998 685 3061; x_wconf 81' lang='lat' dir='ltr'>Summum</span> <span class='ocrx_word' id='word_1_289' title='bbox 699 2997 726 3060; x_wconf 87' lang='lat' dir='ltr'>si</span> <span class='ocrx_word' id='word_1_290' title='bbox 743 2996 922 3059; x_wconf 89' lang='lat' dir='ltr'>avunculus</span> <span class='ocrx_word' id='word_1_291' title='bbox 944 3000 1060 3077; x_wconf 86' lang='lat' dir='ltr'>postea</span> <span class='ocrx_word' id='word_1_292' title='bbox 1076 3000 1332 3076; x_wconf 86' lang='lat' dir='ltr'>conquereretur</span> <span class='ocrx_word' id='word_1_293' title='bbox 1356 3002 1391 3062; x_wconf 89' lang='lat' dir='ltr'>et</span> <span class='ocrx_word' id='word_1_294' title='bbox 1414 2996 1471 3060; x_wconf 91' lang='lat' dir='ltr'>sibi</span> 
     </span>
     <span class='ocr_line' id='line_1_31' title="bbox 150 3085 1471 3172; baseline -0.002 -20"><span class='ocrx_word' id='word_1_295' title='bbox 150 3088 320 3172; x_wconf 91' lang='lat' dir='ltr'>pecuniam</span> <span class='ocrx_word' id='word_1_296' title='bbox 353 3087 589 3151; x_wconf 88' lang='lat' dir='ltr'>restituendam</span> <span class='ocrx_word' id='word_1_297' title='bbox 626 3085 827 3167; x_wconf 86' lang='lat' dir='ltr'>postularet,</span> <span class='ocrx_word' id='word_1_298' title='bbox 861 3085 894 3147; x_wconf 90' lang='lat' dir='ltr'>id</span> <span class='ocrx_word' id='word_1_299' title='bbox 928 3085 1012 3164; x_wconf 87' lang='lat' dir='ltr'>quod</span> <span class='ocrx_word' id='word_1_300' title='bbox 1048 3085 1207 3165; x_wconf 90' lang='lat' dir='ltr'>reliquum</span> <span class='ocrx_word' id='word_1_301' title='bbox 1242 3091 1349 3162; x_wconf 88' lang='lat' dir='ltr'>esset,</span> <span class='ocrx_word' id='word_1_302' title='bbox 1387 3091 1471 3150; x_wconf 89' lang='lat' dir='ltr'>esset</span> 
     </span>
    </p>
   </div>
   <div class='ocr_carea' id='block_1_7' title="bbox 150 3177 359 3242">
    <p class='ocr_par' dir='ltr' id='par_1_8' title="bbox 150 3177 359 3242">
     <span class='ocr_line' id='line_1_32' title="bbox 150 3177 359 3242; baseline -0.01 -2"><span class='ocrx_word' id='word_1_303' title='bbox 150 3177 359 3242; x_wconf 89' lang='lat' dir='ltr'>reddendum.</span> 
     </span>
    </p>
   </div>
   <div class='ocr_carea' id='block_1_8' title="bbox 149 3279 1469 3628">
    <p class='ocr_par' dir='ltr' id='par_1_9' title="bbox 149 3279 1469 3628">
     <span class='ocr_line' id='line_1_33' title="bbox 239 3279 1469 3364; baseline -0.002 -19"><span class='ocrx_word' id='word_1_304' title='bbox 239 3283 276 3346; x_wconf 85' lang='lat' dir='ltr'>R.</span> <span class='ocrx_word' id='word_1_305' title='bbox 304 3285 332 3347; x_wconf 76' lang='grc'>2.</span> <span class='ocrx_word' id='word_1_306' title='bbox 381 3281 416 3344; x_wconf 90' lang='grc'>11</span> <span class='ocrx_word' id='word_1_307' title='bbox 438 3284 610 3364; x_wconf 69' lang='lat' dir='ltr'>prosteriora</span> <span class='ocrx_word' id='word_1_308' title='bbox 634 3301 710 3343; x_wconf 83' lang='lat' dir='ltr'>casu</span> <span class='ocrx_word' id='word_1_309' title='bbox 728 3300 921 3343; x_wconf 88' lang='lat' dir='ltr'>oeconomus</span> <span class='ocrx_word' id='word_1_310' title='bbox 939 3279 1103 3343; x_wconf 86' lang='lat' dir='ltr'>seminarii</span> <span class='ocrx_word' id='word_1_311' title='bbox 1119 3301 1182 3342; x_wconf 85' lang='lat' dir='ltr'>non</span> <span class='ocrx_word' id='word_1_312' title='bbox 1200 3280 1329 3362; x_wconf 87' lang='lat' dir='ltr'>accepit</span> <span class='ocrx_word' id='word_1_313' title='bbox 1354 3281 1469 3345; x_wconf 93' lang='lat' dir='ltr'>donum</span> 
     </span>
     <span class='ocr_line' id='line_1_34' title="bbox 150 3368 1469 3450; baseline -0.002 -15"><span class='ocrx_word' id='word_1_314' title='bbox 150 3372 228 3436; x_wconf 91' lang='lat' dir='ltr'>illud</span> <span class='ocrx_word' id='word_1_315' title='bbox 252 3372 284 3433; x_wconf 90' lang='lat' dir='ltr'>in</span> <span class='ocrx_word' id='word_1_316' title='bbox 308 3392 398 3433; x_wconf 86' lang='lat' dir='ltr'>suam</span> <span class='ocrx_word' id='word_1_317' title='bbox 424 3371 526 3433; x_wconf 83' lang='lat' dir='ltr'>solam</span> <span class='ocrx_word' id='word_1_318' title='bbox 551 3368 737 3445; x_wconf 82' lang='lat' dir='ltr'>utilitatem,</span> <span class='ocrx_word' id='word_1_319' title='bbox 762 3369 819 3431; x_wconf 90' lang='lat' dir='ltr'>sod</span> <span class='ocrx_word' id='word_1_320' title='bbox 849 3368 881 3431; x_wconf 90' lang='grc'>11</span> <span class='ocrx_word' id='word_1_321' title='bbox 906 3369 1081 3433; x_wconf 87' lang='lat' dir='ltr'>utilitatem</span> <span class='ocrx_word' id='word_1_322' title='bbox 1105 3368 1311 3432; x_wconf 90' lang='lat' dir='ltr'>alumnorum</span> <span class='ocrx_word' id='word_1_323' title='bbox 1337 3391 1469 3450; x_wconf 87' lang='lat' dir='ltr'>eamque</span> 
     </span>
     <span class='ocr_line' id='line_1_35' title="bbox 150 3458 1469 3540; baseline 0.001 -18"><span class='ocrx_word' id='word_1_324' title='bbox 150 3459 410 3525; x_wconf 87' lang='lat' dir='ltr'>determinatam.</span> <span class='ocrx_word' id='word_1_325' title='bbox 451 3458 656 3540; x_wconf 87' lang='lat' dir='ltr'>Quapropter</span> <span class='ocrx_word' id='word_1_326' title='bbox 680 3478 720 3521; x_wconf 84' lang='lat' dir='ltr'>ex</span> <span class='ocrx_word' id='word_1_327' title='bbox 744 3478 779 3520; x_wconf 88' lang='lat' dir='ltr'>se</span> <span class='ocrx_word' id='word_1_328' title='bbox 803 3460 898 3520; x_wconf 90' lang='lat' dir='ltr'>finem</span> <span class='ocrx_word' id='word_1_329' title='bbox 923 3462 1049 3521; x_wconf 88' lang='lat' dir='ltr'>mutare</span> <span class='ocrx_word' id='word_1_330' title='bbox 1074 3478 1137 3520; x_wconf 90' lang='lat' dir='ltr'>non</span> <span class='ocrx_word' id='word_1_331' title='bbox 1161 3458 1279 3539; x_wconf 89' lang='lat' dir='ltr'>potuit.</span> <span class='ocrx_word' id='word_1_332' title='bbox 1315 3458 1469 3523; x_wconf 87' lang='lat' dir='ltr'>Poterant</span> 
     </span>
     <span class='ocr_line' id='line_1_36' title="bbox 149 3546 498 3628; baseline -0.009 -16"><span class='ocrx_word' id='word_1_333' title='bbox 149 3554 259 3613; x_wconf 88' lang='lat' dir='ltr'>tamen</span> <span class='ocrx_word' id='word_1_334' title='bbox 283 3547 343 3628; x_wconf 83' lang='lat' dir='ltr'>ipsi</span> <span class='ocrx_word' id='word_1_335' title='bbox 368 3546 498 3610; x_wconf 88' lang='lat' dir='ltr'>alumni.</span> 
     </span>
    </p>
   </div>
   <div class='ocr_carea' id='block_1_9' title="bbox 90 3651 1468 4710">
    <p class='ocr_par' dir='ltr' id='par_1_10' title="bbox 90 3651 1468 3911">
     <span class='ocr_line' id='line_1_37' title="bbox 90 3651 1468 3719; baseline 0 -4"><span class='ocrx_word' id='word_1_336' title='bbox 90 3664 138 3716; x_wconf 76' lang='lat'>821</span> <span class='ocrx_word' id='word_1_337' title='bbox 239 3652 276 3714; x_wconf 83' lang='lat' dir='ltr'>lt.</span> <span class='ocrx_word' id='word_1_338' title='bbox 303 3655 331 3715; x_wconf 85' lang='lat'>3.</span> <span class='ocrx_word' id='word_1_339' title='bbox 380 3651 500 3714; x_wconf 83' lang='lat' dir='ltr'>Verum</span> <span class='ocrx_word' id='word_1_340' title='bbox 525 3652 579 3714; x_wconf 92' lang='lat' dir='ltr'>ille</span> <span class='ocrx_word' id='word_1_341' title='bbox 602 3652 723 3716; x_wconf 86' lang='lat' dir='ltr'>tacitus</span> <span class='ocrx_word' id='word_1_342' title='bbox 747 3673 922 3715; x_wconf 86' lang='lat' dir='ltr'>consensus</span> <span class='ocrx_word' id='word_1_343' title='bbox 953 3673 994 3714; x_wconf 79' lang='lat' dir='ltr'>ex</span> <span class='ocrx_word' id='word_1_344' title='bbox 1024 3657 1113 3716; x_wconf 90' lang='lat' dir='ltr'>metu</span> <span class='ocrx_word' id='word_1_345' title='bbox 1138 3653 1352 3717; x_wconf 83' lang='lat' dir='ltr'>reverentiali</span> <span class='ocrx_word' id='word_1_346' title='bbox 1377 3655 1468 3719; x_wconf 88' lang='lat' dir='ltr'>datus</span> 
     </span>
     <span class='ocr_line' id='line_1_38' title="bbox 150 3739 1468 3821; baseline 0.004 -19"><span class='ocrx_word' id='word_1_347' title='bbox 150 3761 212 3802; x_wconf 91' lang='lat' dir='ltr'>non</span> <span class='ocrx_word' id='word_1_348' title='bbox 244 3739 306 3802; x_wconf 87' lang='lat' dir='ltr'>fuit</span> <span class='ocrx_word' id='word_1_349' title='bbox 336 3760 432 3802; x_wconf 87' lang='lat' dir='ltr'>verus</span> <span class='ocrx_word' id='word_1_350' title='bbox 456 3761 648 3814; x_wconf 86' lang='lat' dir='ltr'>consensus,</span> <span class='ocrx_word' id='word_1_351' title='bbox 680 3744 717 3804; x_wconf 88' lang='lat' dir='ltr'>ut</span> <span class='ocrx_word' id='word_1_352' title='bbox 744 3739 834 3804; x_wconf 86' lang='lat' dir='ltr'>facta</span> <span class='ocrx_word' id='word_1_353' title='bbox 859 3739 1027 3821; x_wconf 86' lang='lat' dir='ltr'>sequentia</span> <span class='ocrx_word' id='word_1_354' title='bbox 1051 3745 1331 3808; x_wconf 85' lang='lat' dir='ltr'>monstraverunt.</span> <span class='ocrx_word' id='word_1_355' title='bbox 1388 3744 1468 3820; x_wconf 87' lang='lat' dir='ltr'>Qua·</span> 
     </span>
     <span class='ocr_line' id='line_1_39' title="bbox 150 3828 1309 3911; baseline 0.004 -21"><span class='ocrx_word' id='word_1_356' title='bbox 150 3833 284 3909; x_wconf 84' lang='lat' dir='ltr'>proptor</span> <span class='ocrx_word' id='word_1_357' title='bbox 308 3848 500 3891; x_wconf 85' lang='lat' dir='ltr'>oeconomus</span> <span class='ocrx_word' id='word_1_358' title='bbox 524 3849 587 3889; x_wconf 92' lang='lat' dir='ltr'>non</span> <span class='ocrx_word' id='word_1_359' title='bbox 612 3833 722 3909; x_wconf 87' lang='lat' dir='ltr'>potest</span> <span class='ocrx_word' id='word_1_360' title='bbox 744 3828 813 3891; x_wconf 90' lang='lat' dir='ltr'>iure</span> <span class='ocrx_word' id='word_1_361' title='bbox 840 3830 884 3891; x_wconf 89' lang='grc'><strong>1111</strong></span> <span class='ocrx_word' id='word_1_362' title='bbox 910 3850 1065 3892; x_wconf 86' lang='lat' dir='ltr'>consensu</span> <span class='ocrx_word' id='word_1_363' title='bbox 1092 3829 1137 3892; x_wconf 85' lang='lat' dir='ltr'>sic</span> <span class='ocrx_word' id='word_1_364' title='bbox 1162 3835 1309 3911; x_wconf 83' lang='lat' dir='ltr'>accepte.</span> 
     </span>
    </p>

    <p class='ocr_par' dir='ltr' id='par_1_11' title="bbox 150 3916 1467 4334">
     <span class='ocr_line' id='line_1_40' title="bbox 239 3916 1466 3999; baseline 0.005 -23"><span class='ocrx_word' id='word_1_365' title='bbox 239 3917 339 3977; x_wconf 89' lang='lat' dir='ltr'>lmmo</span> <span class='ocrx_word' id='word_1_366' title='bbox 375 3917 476 3979; x_wconf 85' lang='lat' dir='ltr'>videri</span> <span class='ocrx_word' id='word_1_367' title='bbox 509 3916 602 3978; x_wconf 83' lang='lat' dir='ltr'>alicui</span> <span class='ocrx_word' id='word_1_368' title='bbox 640 3917 760 3997; x_wconf 87' lang='lat' dir='ltr'>poterit</span> <span class='ocrx_word' id='word_1_369' title='bbox 792 3918 925 3980; x_wconf 85' lang='lat' dir='ltr'>subesse</span> <span class='ocrx_word' id='word_1_370' title='bbox 965 3918 1101 3980; x_wconf 85' lang='lat' dir='ltr'>alteram</span> <span class='ocrx_word' id='word_1_371' title='bbox 1133 3919 1276 3999; x_wconf 85' lang='lat' dir='ltr'>aliquam</span> <span class='ocrx_word' id='word_1_372' title='bbox 1311 3920 1466 3985; x_wconf 88' lang='lat' dir='ltr'>fraudem.</span> 
     </span>
     <span class='ocr_line' id='line_1_41' title="bbox 151 4003 1466 4087; baseline 0.005 -22"><span class='ocrx_word' id='word_1_373' title='bbox 151 4004 236 4085; x_wconf 89' lang='lat' dir='ltr'>quod</span> <span class='ocrx_word' id='word_1_374' title='bbox 261 4003 412 4067; x_wconf 78' lang='lat' dir='ltr'>videlicet</span> <span class='ocrx_word' id='word_1_375' title='bbox 436 4025 592 4065; x_wconf 83' lang='lat' dir='ltr'>summam</span> <span class='ocrx_word' id='word_1_376' title='bbox 616 4029 675 4086; x_wconf 77' lang='lat' dir='ltr'>pro</span> <span class='ocrx_word' id='word_1_377' title='bbox 707 4008 846 4068; x_wconf 75' lang='grc'><strong>11111111</strong></span> <span class='ocrx_word' id='word_1_378' title='bbox 877 4014 1043 4087; x_wconf 78' lang='grc'><strong>1111111111</strong></span> <span class='ocrx_word' id='word_1_379' title='bbox 1075 4007 1106 4068; x_wconf 87' lang='grc'>111</span> <span class='ocrx_word' id='word_1_380' title='bbox 1139 4009 1346 4072; x_wconf 87' lang='lat' dir='ltr'>alumnorum</span> <span class='ocrx_word' id='word_1_381' title='bbox 1380 4010 1466 4073; x_wconf 83' lang='lat' dir='ltr'>favo-</span> 
     </span>
     <span class='ocr_line' id='line_1_42' title="bbox 151 4091 1467 4180; baseline 0.002 -24"><span class='ocrx_word' id='word_1_382' title='bbox 151 4115 217 4157; x_wconf 89' lang='lat' dir='ltr'>rem</span> <span class='ocrx_word' id='word_1_383' title='bbox 242 4093 428 4155; x_wconf 85' lang='lat' dir='ltr'>nullatenus</span> <span class='ocrx_word' id='word_1_384' title='bbox 451 4091 627 4172; x_wconf 77' lang='lat' dir='ltr'>impondat,</span> <span class='ocrx_word' id='word_1_385' title='bbox 652 4094 708 4155; x_wconf 81' lang='lat' dir='ltr'>sed</span> <span class='ocrx_word' id='word_1_386' title='bbox 733 4095 764 4155; x_wconf 89' lang='lat' dir='ltr'>in</span> <span class='ocrx_word' id='word_1_387' title='bbox 790 4096 935 4157; x_wconf 79' lang='lat' dir='ltr'>favorem</span> <span class='ocrx_word' id='word_1_388' title='bbox 960 4095 1104 4158; x_wconf 78' lang='lat' dir='ltr'>fabricae</span> <span class='ocrx_word' id='word_1_389' title='bbox 1129 4097 1306 4171; x_wconf 77' lang='lat' dir='ltr'>sennaarii,</span> <span class='ocrx_word' id='word_1_390' title='bbox 1333 4119 1467 4180; x_wconf 86' lang='lat' dir='ltr'>parcens</span> 
     </span>
     <span class='ocr_line' id='line_1_43' title="bbox 151 4180 1465 4265; baseline 0.002 -20"><span class='ocrx_word' id='word_1_391' title='bbox 151 4181 311 4263; x_wconf 79' lang='lat' dir='ltr'>expensis,</span> <span class='ocrx_word' id='word_1_392' title='bbox 337 4202 417 4260; x_wconf 84' lang='lat' dir='ltr'>quos</span> <span class='ocrx_word' id='word_1_393' title='bbox 437 4180 518 4242; x_wconf 86' lang='lat' dir='ltr'>alias</span> <span class='ocrx_word' id='word_1_394' title='bbox 536 4183 681 4244; x_wconf 84' lang='lat' dir='ltr'>facturus</span> <span class='ocrx_word' id='word_1_395' title='bbox 698 4183 813 4246; x_wconf 74' lang='lat' dir='ltr'>fuisset</span> <span class='ocrx_word' id='word_1_396' title='bbox 838 4183 869 4245; x_wconf 92' lang='lat' dir='ltr'>in</span> <span class='ocrx_word' id='word_1_397' title='bbox 887 4184 1088 4246; x_wconf 80' lang='lat' dir='ltr'>commodum</span> <span class='ocrx_word' id='word_1_398' title='bbox 1106 4185 1235 4265; x_wconf 77' lang='lat' dir='ltr'>&lt;pridem</span> <span class='ocrx_word' id='word_1_399' title='bbox 1253 4187 1465 4258; x_wconf 83' lang='lat' dir='ltr'>alumnorum,</span> 
     </span>
     <span class='ocr_line' id='line_1_44' title="bbox 150 4268 562 4334; baseline -0.005 0"><span class='ocrx_word' id='word_1_400' title='bbox 150 4275 184 4334; x_wconf 85' lang='lat' dir='ltr'>at</span> <span class='ocrx_word' id='word_1_401' title='bbox 209 4291 249 4333; x_wconf 87' lang='lat' dir='ltr'>ex</span> <span class='ocrx_word' id='word_1_402' title='bbox 274 4268 435 4330; x_wconf 83' lang='lat' dir='ltr'>seminarii</span> <span class='ocrx_word' id='word_1_403' title='bbox 462 4268 562 4332; x_wconf 75' lang='lat' dir='ltr'>bonis,</span> 
     </span>
    </p>

    <p class='ocr_par' dir='ltr' id='par_1_12' title="bbox 150 4357 1467 4710">
     <span class='ocr_line' id='line_1_45' title="bbox 240 4357 1466 4445; baseline 0.006 -26"><span class='ocrx_word' id='word_1_404' title='bbox 240 4357 640 4437; x_wconf 74' lang='grc'><strong>1111111111111111111</strong></span> <span class='ocrx_word' id='word_1_405' title='bbox 664 4359 801 4420; x_wconf 87' lang='lat' dir='ltr'>nondum</span> <span class='ocrx_word' id='word_1_406' title='bbox 823 4364 951 4423; x_wconf 73' lang='grc'><strong>1111111</strong></span> <span class='ocrx_word' id='word_1_407' title='bbox 975 4381 1184 4425; x_wconf 85' lang='lat' dir='ltr'>oeconomum</span> <span class='ocrx_word' id='word_1_408' title='bbox 1208 4362 1331 4428; x_wconf 89' lang='lat' dir='ltr'>iniuste</span> <span class='ocrx_word' id='word_1_409' title='bbox 1355 4365 1466 4445; x_wconf 81' lang='lat' dir='ltr'>egisse.</span> 
     </span>
     <span class='ocr_line' id='line_1_46' title="bbox 151 4444 1467 4535; baseline 0.005 -26"><span class='ocrx_word' id='word_1_410' title='bbox 151 4448 182 4509; x_wconf 65' lang='lat' dir='ltr'>ai</span> <span class='ocrx_word' id='word_1_411' title='bbox 208 4447 290 4508; x_wconf 88' lang='lat' dir='ltr'>enim</span> <span class='ocrx_word' id='word_1_412' title='bbox 316 4445 455 4506; x_wconf 70' lang='lat' dir='ltr'>maluerit</span> <span class='ocrx_word' id='word_1_413' title='bbox 487 4444 612 4522; x_wconf 82' lang='lat' dir='ltr'>quidem</span> <span class='ocrx_word' id='word_1_414' title='bbox 638 4452 780 4509; x_wconf 76' lang='grc'><strong>1111111111</strong></span> <span class='ocrx_word' id='word_1_415' title='bbox 806 4469 927 4513; x_wconf 77' lang='lat' dir='ltr'>eruere.</span> <span class='ocrx_word' id='word_1_416' title='bbox 960 4450 1016 4511; x_wconf 81' lang='lat' dir='ltr'>sed</span> <span class='ocrx_word' id='word_1_417' title='bbox 1048 4451 1187 4513; x_wconf 87' lang='lat' dir='ltr'>nondum</span> <span class='ocrx_word' id='word_1_418' title='bbox 1220 4455 1340 4518; x_wconf 81' lang='lat' dir='ltr'>iecerit</span> <span class='ocrx_word' id='word_1_419' title='bbox 1370 4475 1467 4535; x_wconf 89' lang='lat' dir='ltr'>neque</span> 
     </span>
     <span class='ocr_line' id='line_1_47' title="bbox 150 4532 1467 4625; baseline 0.008 -29"><span class='ocrx_word' id='word_1_420' title='bbox 150 4536 181 4596; x_wconf 88' lang='lat' dir='ltr'>id</span> <span class='ocrx_word' id='word_1_421' title='bbox 206 4538 314 4597; x_wconf 82' lang='grc'><strong>111111</strong></span> <span class='ocrx_word' id='word_1_422' title='bbox 340 4532 502 4599; x_wconf 85' lang='lat' dir='ltr'>debuerit.</span> <span class='ocrx_word' id='word_1_423' title='bbox 534 4534 589 4594; x_wconf 78' lang='lat' dir='ltr'>sed</span> <span class='ocrx_word' id='word_1_424' title='bbox 615 4554 656 4595; x_wconf 86' lang='lat' dir='ltr'>ex</span> <span class='ocrx_word' id='word_1_425' title='bbox 680 4535 874 4599; x_wconf 85' lang='lat' dir='ltr'>liberalitate</span> <span class='ocrx_word' id='word_1_426' title='bbox 899 4558 978 4616; x_wconf 81' lang='lat' dir='ltr'>erga</span> <span class='ocrx_word' id='word_1_427' title='bbox 1009 4539 1156 4601; x_wconf 75' lang='lat' dir='ltr'>alnmnos</span> <span class='ocrx_word' id='word_1_428' title='bbox 1187 4541 1235 4603; x_wconf 88' lang='lat' dir='ltr'>ita</span> <span class='ocrx_word' id='word_1_429' title='bbox 1267 4542 1328 4605; x_wconf 90' lang='lat' dir='ltr'>sibi</span> <span class='ocrx_word' id='word_1_430' title='bbox 1356 4564 1467 4625; x_wconf 89' lang='lat' dir='ltr'>propo·</span> 
     </span>
     <span class='ocr_line' id='line_1_48' title="bbox 150 4620 1467 4710; baseline 0.009 -25"><span class='ocrx_word' id='word_1_431' title='bbox 150 4623 269 4685; x_wconf 83' lang='lat' dir='ltr'>suerit:</span> <span class='ocrx_word' id='word_1_432' title='bbox 296 4622 343 4683; x_wconf 81' lang='lat' dir='ltr'>ius</span> <span class='ocrx_word' id='word_1_433' title='bbox 367 4641 430 4680; x_wconf 89' lang='lat' dir='ltr'>nou</span> <span class='ocrx_word' id='word_1_434' title='bbox 455 4620 548 4684; x_wconf 78' lang='lat' dir='ltr'>laesit</span> <span class='ocrx_word' id='word_1_435' title='bbox 573 4643 644 4684; x_wconf 89' lang='grc'><strong>111111</strong></span> <span class='ocrx_word' id='word_1_436' title='bbox 669 4630 810 4688; x_wconf 79' lang='lat' dir='ltr'>imitaret</span> <span class='ocrx_word' id='word_1_437' title='bbox 833 4628 1143 4690; x_wconf 73' lang='lat' dir='ltr'>suamvoluntatem</span> <span class='ocrx_word' id='word_1_438' title='bbox 1165 4634 1265 4710; x_wconf 89' lang='lat' dir='ltr'>atque</span> <span class='ocrx_word' id='word_1_439' title='bbox 1291 4631 1383 4696; x_wconf 85' lang='lat' dir='ltr'>illam</span> <span class='ocrx_word' id='word_1_440' title='bbox 1404 4638 1467 4696; x_wconf 81' lang='lat' dir='ltr'>ata·</span> 
     </span>
    </p>
   </div>
   <div class='ocr_carea' id='block_1_10' title="bbox 0 0 1558 5168">
    <p class='ocr_par' dir='ltr' id='par_1_13' title="bbox 0 0 1558 5168">
     <span class='ocr_line' id='line_1_49' title="bbox 0 0 1558 5168; baseline 0 4"><span class='ocrx_word' id='word_1_441' title='bbox 0 0 1558 5168; x_wconf 95' lang='lat' dir='ltr'> </span> 
     </span>
    </p>
   </div>
  </div>
 </body>
</html>
