3106 5168
210 288 310 344 Officia
328 289 400 345 cirea
418 291 517 345 bonum
535 291 632 346 famae.
652 321 687 330 -
707 291 818 346 Alienae
837 291 926 345 famae
944 291 1028 346 laesio
1046 321 1080 329 -
1099 300 1234 346 secretum.
1317 297 1381 360 491

59 469 190 531 tantum
214 486 287 531 esse
310 467 428 532 debere
452 488 587 546 censeo,
618 472 654 533 ut
677 467 746 546 ille,
778 467 818 533 de
841 466 932 532 cuius
955 472 1083 534 secreto
1107 469 1233 550 agitur,
1264 470 1382 552 proba·

60 554 171 620 biliter
193 556 346 709 obssipetur
369 557 520 621 damnum
553 556 674 622 secreti
703 557 784 622 laesi
815 556 925 641 potius
954 557 1024 640 pati
1048 578 1145 639 qnam
1175 558 1240 623 alia
1264 559 1384 625 damna

60 664 125 708 non
149 665 230 708 aver
247 665 311 710 ere.

151 732 198 798 uf.
230 733 262 798 S.
286 733 402 816 Alph.
433 733 497 812 ΙΙΙ,
529 737 610 811 971;
644 734 798 799 Noldin
828 734 876 812 II,
908 757 938 800 n.
965 737 1045 811 659;
1080 736 1190 801 Marc
1221 757 1251 802 n.
1279 738 1381 814 1187;

65 822 122 889 Tu.
146 845 187 887 m.
212 821 238 898 I,
265 823 347 887 1197
366 843 437 905 sqq.

150 927 190 992 R.
215 929 246 994 4.
292 927 329 991 ln
362 948 440 992 casu
472 931 585 993 nostro
618 928 727 1010 agitur
759 930 799 993 de
822 932 949 994 secreto
982 927 1088 1007 alicui,
1121 929 1176 1011 qui
1209 928 1242 994 in
1276 930 1382 994 officio

59 1016 189 1100 publico
213 1017 412 1082 constitutus
436 1021 496 1094 est,
522 1018 704 1083 commisso.
736 1018 826 1093 Quae
842 1023 953 1084 autem
970 1018 1098 1100 aliquis,
1123 1039 1214 1082 sume
1238 1018 1290 1083 hic
1313 1040 1382 1083 me·

62 1105 186 1183 dicum,
217 1105 250 1169 in
274 1105 371 1170 officii
402 1105 453 1170 sui
483 1106 639 1172 exercitio
664 1107 837 1190 comperit,
870 1127 910 1171 ea
933 1107 1033 1171 etiam
1058 1131 1095 1172 ex
1126 1107 1229 1191 officio
1253 1112 1383 1173 secreta

60 1199 175 1259 tenere
199 1194 304 1260 debet.
351 1194 470 1270 Quaeri
492 1194 593 1276 igitur
615 1198 742 1279 potest,
767 1217 843 1260 num
867 1196 953 1262 forte
976 1195 1132 1273 Alfenus,
1157 1217 1229 1261 curn
1253 1201 1383 1279 peteret

60 1283 161 1348 filiam
186 1283 298 1349 divitis
320 1283 408 1349 illins
423 1283 496 1361 viri,
520 1283 670 1349 iniuriam
693 1285 845 1349 illaturus
868 1285 921 1362 sit,
946 1285 986 1349 ob
1010 1306 1107 1365 quam
1131 1284 1382 1368 propulsandam

61 1372 209 1436 medicus
231 1375 394 1437 secretum
419 1372 506 1456 patri
521 1373 651 1456 puellae
666 1373 770 1456 possit
792 1373 940 1456 prodere.
972 1372 1063 1450 Quod
1087 1378 1156 1439 tum
1173 1374 1276 1438 solum
1293 1378 1384 1440 recte

61 1460 190 1537 dicitur,
214 1461 243 1525 si
264 1460 406 1526 Alfenus
429 1482 449 1526 a
471 1462 583 1526 morbo
613 1483 676 1526 non
709 1467 843 1528 curatus
873 1461 1050 1546 periculum
1080 1461 1265 1528 infectionis
1289 1463 1384 1528 uxori

60 1550 105 1614 sit
122 1554 302 1616 creaturus.
331 1551 453 1615 Verum
470 1551 639 1616 etiamtum
655 1551 800 1616 medicus
815 1552 905 1635 prius
921 1550 1077 1617 Alfenum
1090 1551 1230 1617 debebat
1241 1573 1383 1631 monere,

61 1644 99 1703 nt
115 1660 135 1703 a
151 1640 294 1723 petenda
309 1659 430 1722 sponsa
442 1639 628 1710 desisteret:
646 1641 847 1705 solummodo
863 1646 937 1724 post
954 1640 1163 1706 monitionem
1175 1641 1300 1707 frustra
1314 1641 1384 1706 fac·

61 1734 132 1793 tam
148 1728 199 1792 ius
216 1728 244 1793 ei
261 1733 343 1805 erat,
368 1729 425 1792 vix
442 1749 593 1810 umquam
610 1729 777 1810 obligatio,
802 1730 864 1794 nisi
887 1734 1037 1795 uteretur
1051 1729 1098 1793 rei
1122 1729 1239 1796 notitia
1254 1731 1385 1796 aliunde

61 1817 191 1894 hausta,
215 1817 367 1882 monendi
390 1823 517 1901 patrem
534 1818 588 1882 vel
611 1819 763 1900 puellam,
786 1823 824 1884 ut
847 1818 907 1882 sibi
931 1820 972 1883 ab
995 1818 1171 1884 infectione
1195 1825 1338 1885 caveret.

151 1930 205 1995 An
227 1952 418 2006 oneremur
442 1933 481 1994 2²²
504 1931 542 1997 R.
570 1934 597 1997 1.
629 1933 682 1996 Ex
705 1933 800 1997 modo
825 1932 921 1998 dietis
945 1931 972 1996 si
989 1932 1128 1996 Alfenus
1144 1931 1229 1997 iuste
1252 1937 1445 2015 poterat965

60 2020 205 2103 puellam
229 2025 358 2103 petere,
383 2020 526 2085 medicus
549 2042 613 2084 non
637 2021 741 2085 solum
766 2021 863 2085 officii
887 2021 937 2085 sui
964 2021 1154 2102 obligationi
1178 2021 1301 2099 deerat,
1326 2021 1385 2086 sed

62 2109 164 2174 etiam
187 2109 336 2190 graviter
359 2109 494 2190 deliquit
524 2109 721 2175 diffamando
744 2110 909 2175 Alfenum.
957 2110 1001 2175 Et
1024 2109 1173 2190 quamvis
1202 2110 1285 2175 satis
1308 2131 1384 2193 pro·

62 2197 217 2263 babiliter
240 2198 419 2264 diffamatio
450 2198 536 2282 apud
560 2220 658 2263 uuum
689 2198 872 2265 alterumve
905 2197 1011 2263 virum
1041 2218 1104 2262 non
1134 2197 1295 2265 habeatnr
1324 2220 1384 2281 pro

62 2286 286 2352 diffamatione
309 2308 351 2351 ex
374 2308 409 2352 se
442 2287 553 2368 gravi,
585 2288 613 2352 si
643 2293 754 2353 tamen
784 2288 849 2353 alia
879 2288 998 2352 damna
1028 2286 1207 2365 adduntur,
1239 2308 1260 2352 a
1289 2287 1385 2370 gravi

61 2379 200 2459 peccato
223 2397 277 2440 res
300 2375 450 2441 excusari
473 2376 594 2458 nequit.

153 2473 192 2538 R.
218 2475 247 2540 2.
293 2472 402 2538 Aliter
424 2476 534 2539 tamen
559 2473 620 2538 dici
644 2478 768 2558 potest,
801 2474 828 2538 si
853 2473 1040 2555 quaeritur,
1071 2477 1180 2539 utrum
1203 2472 1384 2538 diffamatio

59 2563 119 2628 illa
135 2583 239 2645 grave
255 2567 426 2646 peccatum
442 2562 542 2627 fuerit
558 2567 674 2628 contra
685 2562 843 2629 inst'tiam
869 2583 912 2628 an
928 2566 1043 2628 contra
1055 2562 1228 2627 caritatem
1244 2566 1384 2628 tantum.

62 2650 151 2717 Nam
175 2651 203 2714 si
225 2652 351 2735 priores
374 2651 420 2715 illi
445 2652 593 2718 dissoluti
607 2651 718 2717 Alfeni
740 2673 847 2717 mores
862 2651 895 2717 in
912 2651 1022 2736 patria
1044 2651 1171 2735 publice
1195 2655 1290 2717 erant
1305 2651 1374 2717 noti

62 2762 137 2805 cnm
160 2739 301 2805 Alfenus
323 2740 367 2804 ibi
390 2740 534 2817 viveret,
566 2740 711 2806 medicus
743 2762 799 2805 eos
823 2741 923 2806 etiam
953 2740 1083 2805 aliunde
1106 2739 1198 2806 novit
1222 2761 1320 2822 quam
1343 2761 1386 2805 ex

62 2828 209 2894 muneris
232 2829 282 2894 sui
306 2829 472 2897 exercitio.
519 2830 556 2893 ln
581 2850 644 2911 qno
668 2850 755 2906 casu,
787 2834 862 2895 utut
893 2829 933 2894 de
957 2829 1095 2895 caritate
1125 2829 1272 2910 graviter
1294 2829 1386 2895 laesa

63 2917 218 2999 conqueri
241 2918 363 3002 possit,
396 2917 436 2982 de
459 2917 583 2983 institia
606 2918 754 2999 graviter
780 2919 871 2983 laesa
901 2918 1028 2983 ratione
1059 2917 1290 2982 diffamationis
1320 2939 1386 2982 non

63 3011 205 3074 constat.
252 3006 372 3082 Quodsi
395 3007 523 3072 ratione
546 3006 655 3072 famae
678 3027 742 3071 non
767 3011 897 3072 constat
913 3007 952 3070 de
969 3006 1096 3072 institia
1111 3006 1260 3087 graviter
1283 3008 1384 3084 laesa,

64 3098 218 3177 sequelae
241 3094 387 3178 impediti
417 3095 614 3161 matrimonii
644 3117 703 3178 per
732 3095 883 3160 accidens
913 3100 999 3161 sunt.
1046 3094 1262 3159 Probabiliter
1285 3095 1387 3176 igitur

64 3186 136 3249 sola
160 3183 283 3249 caritas
305 3184 453 3266 graviter
476 3185 567 3250 laesa
590 3189 657 3259 est,
686 3188 862 3266 utcumque
885 3184 985 3248 sumis
1008 3182 1163 3248 Alfanum
1187 3183 1288 3247 fuisse
1311 3204 1386 3266 per·

63 3274 153 3340 fecte
176 3278 338 3338 sanatum.
385 3273 432 3339 Cf.
457 3295 557 3356 supra
579 3296 610 3338 n.
637 3276 710 3339 955.

155 3379 194 3445 R.
218 3381 249 3444 3.
296 3379 569 3460 Quandocumque
591 3399 670 3443 vero
693 3379 803 3444 laesae
818 3376 963 3444 institiae
987 3376 1130 3442 medicus
1153 3377 1298 3441 accusari
1321 3397 1447 3449 nonaaa

64 3472 186 3552 potest,
212 3466 287 3533 addi
312 3468 418 3544 debet,
443 3488 538 3550 posse
562 3488 635 3532 esse
658 3467 931 3544 circumstantias,
956 3468 997 3531 cb
1020 3487 1101 3548 quas
1124 3487 1145 3531 a
1168 3466 1277 3531 laesae
1302 3465 1386 3531 eari-

63 3558 147 3623 tatis
176 3561 312 3640 peccato
343 3560 526 3621 excusetur.
574 3556 671 3621 Sume
701 3556 786 3621 enim
816 3556 921 3621 virum
951 3557 1040 3620 illum
1065 3554 1200 3620 divitem
1225 3576 1296 3620 esse
1319 3555 1387 3620 sin·

64 3647 215 3728 gularem
238 3645 356 3711 medici
379 3645 519 3710 amicum
543 3666 648 3727 neque
672 3646 712 3710 de
735 3645 883 3728 perfecta
906 3645 1010 3710 morbi
1028 3644 1199 3710 sanatione
1224 3650 1385 3712 constare.

64 3735 213 3800 Medicus
234 3734 291 3799 ille
314 3733 450 3799 scientia
473 3734 530 3799 illa
553 3756 632 3799 sane
655 3734 702 3799 uti
726 3734 902 3818 potuisset,
934 3739 987 3812 ut,
1018 3733 1046 3797 si
1070 3733 1110 3797 de
1133 3733 1194 3798 bac
1217 3754 1253 3798 re
1277 3738 1387 3799 actum

64 3825 194 3901 fuisset,
219 3823 370 3907 propriae
393 3823 481 3888 filiae
505 3822 746 3888 matrimonium
777 3823 972 3906 prohiberet.
1019 3822 1110 3898 Quod
1135 3827 1245 3888 autem
1268 3844 1327 3906 pro
1350 3844 1386 3888 se

64 3934 192 3995 suaque
215 3913 283 3977 filia
306 3933 404 3994 agere
429 3912 456 3976 ei
481 3911 584 3985 licuit,
609 3912 641 3977 id
657 3912 787 3977 videtur
810 3913 839 3977 ei
862 3912 993 3977 licuisse
1008 3931 1067 3995 pro
1091 3911 1205 3989 amico,
1231 3933 1326 3994 quem
1349 3915 1387 3977 ut

64 4003 206 4069 alterum
231 4003 303 4084 Ego
334 4001 534 4079 consideret,
564 4001 692 4083 qnando
723 4001 763 4066 de
786 4003 856 4066 sola
888 4000 1027 4066 caritate
1051 4001 1103 4064 vel
1128 4021 1208 4082 erga
1230 4000 1387 4065 Alfenum

64 4093 121 4158 vel
144 4112 225 4174 erga
248 4089 387 4156 amicum
412 4090 596 4155 exercenda
619 4090 787 4172 agebatur.
878 4165 879 4168 Ἴ

156 4197 196 4264 R.
220 4199 251 4262 4.
298 4196 332 4262 Si
355 4218 434 4261 vero
458 4196 598 4260 Alfenus
622 4195 739 4260 fnisset
754 4195 879 4259 iuvenis
896 4194 995 4260 etiam
1011 4194 1044 4258 in
1061 4216 1120 4259 sna
1135 4193 1243 4277 patria
1258 4213 1387 4276 semper

64 4286 300 4369 integerrimae
322 4286 448 4362 famae,
479 4284 532 4367 qui
558 4286 684 4348 occulte
707 4284 880 4366 aliquando
905 4283 1095 4366 deliquisset
1118 4289 1216 4364 atque
1238 4282 1387 4346 morbum

64 4377 289 4442 diffamantem
314 4375 544 4450 contraxisset,
569 4394 589 4436 a
613 4394 675 4454 quo
700 4394 785 4438 nunc
807 4372 953 4456 perfecte
977 4377 1065 4437 esset
1087 4375 1238 4446 sanatus,
1262 4374 1292 4435 si
1312 4393 1388 4454 per-

62 4466 148 4550 fecta
166 4464 295 4530 sanatio
316 4465 361 4529 sit
384 4463 555 4547 possibilis,
581 4462 670 4526 nulla
685 4467 838 4528 manente
854 4462 997 4544 periculo
1014 4459 1198 4525 infectionis
1215 4480 1256 4523 ex
1272 4459 1388 4524 matri·

65 4554 167 4620 monii
190 4575 251 4618 usu
274 4557 464 4618 secuturae:
489 4549 729 4626 manifestatio,
761 4572 858 4631 quarn
888 4551 1033 4614 medicus
1056 4548 1151 4626 fecit,
1176 4547 1294 4613 fuisset
1317 4569 1388 4612 om·

63 4644 143 4710 nino
175 4642 354 4709 diffamatio
387 4645 523 4722 iniuste,
555 4643 653 4720 atque
684 4638 869 4705 detrimenti
900 4637 1090 4722 temporalis
1122 4641 1256 4723 propter
1285 4636 1388 4721 impe·
