3106 5168
169 272 327 343 Sumptibus
345 291 378 329 uo
395 276 472 346 typis
489 276 609 331 eiusdem
628 276 790 348 bibliopolas
807 276 921 347 prodiit:

246 480 604 597 RAYMUNDI
638 483 907 598 ΑΝΤΟΝΙΙ
947 481 1237 659 EPISGOPI

83 742 692 923 INSTRUGTIO
771 742 1406 922 PASTORALIS

460 1138 597 1200 IUSSU
626 1139 680 1199 ET
707 1138 1021 1200 ΑΠΟΤΟΒΙΤΑΤΕ

532 1356 809 1400 Ruvunuumssml
832 1355 951 1399 DOMINI

387 1482 733 1567 FRANCISCI
771 1482 1097 1567 LEOPOLDI

563 1655 694 1697 EPISGOPI
710 1655 921 1697 uusunu'rureffls

324 1886 527 1946 ITERUM
561 1886 733 1946 AUGTA
769 1887 829 1945 ET
864 1884 1164 1945 EMENDATA.

602 2140 723 2195 EDITIO
742 2140 885 2206 culmum

494 2406 542 2468 gr.
568 2386 612 2451 8⁰.
660 2385 783 2468 (XXIV
806 2391 840 2452 et
863 2388 929 2452 620
951 2386 997 2470 p.)

666 2638 829 2705 Pretium:

156 2769 200 2833 M.
226 2769 245 2831 8
264 2794 304 2818 =
322 2767 376 2830 Fr.
406 2767 462 2835 10;
487 2784 507 2827 a
531 2765 625 2829 dorso
649 2763 736 2829 corio
761 2763 935 2844 religatum
960 2765 1005 2830 M.
1032 2767 1072 2830 10
1090 2794 1130 2817 =
1149 2767 1205 2832 Fr.
1234 2769 1347 2835 1250.

176 3207 267 3270 Haeo
291 3204 391 3287 igitur
414 3221 500 3268 nova
523 3201 624 3268 editio
648 3202 682 3268 et
706 3204 804 3269 auctu
828 3202 935 3268 omnia
960 3204 1093 3270 decretu
1113 3210 1229 3272 vetere
1254 3214 1288 3274 et
1313 3230 1414 3283 novo,

88 3350 171 3411 quae
195 3329 236 3393 ed
253 3349 363 3392 euram
388 3328 587 3409 pastoralem
603 3326 729 3391 iaciunt
745 3332 779 3392 et
795 3327 1011 3393 diversimode
1033 3329 1242 3411 promulgate
1260 3334 1294 3395 et
1312 3331 1414 3396 vaide

89 3451 235 3533 dispersa
264 3448 489 3525 inveniuntur,
521 3449 563 3513 ed
593 3448 698 3513 instar
725 3448 958 3515 oedificationis
982 3451 1216 3533 complectitur.
1265 3452 1413 3535 Largam

87 3574 183 3640 simul
207 3575 398 3640 citationum
423 3574 631 3639 administrat
654 3574 899 3656 supellectilem,
927 3580 969 3649 et,
996 3574 1033 3641 rit
1055 3577 1124 3658 ipse
1147 3575 1251 3641 lector
1275 3583 1354 3643 acta
1378 3586 1414 3646 et

89 3698 283 3763 documenta
312 3698 460 3763 revidere
491 3701 525 3762 et
554 3697 694 3779 probare
723 3697 844 3781 possit,
876 3697 1083 3763 collectiones
1107 3696 1206 3762 etiarn
1233 3701 1324 3783 typis
1351 3704 1412 3768 im·

88 3843 220 3904 pressae
256 3822 458 3898 referuntur,
495 3820 547 3884 ubi
583 3825 672 3886 totus
708 3822 912 3887 decretorum
948 3827 981 3887 et
1014 3823 1280 3889 documentorum
1313 3831 1414 3892 tenor

88 3944 188 4025 relegi
214 3944 343 4026 poterit.

177 4090 290 4151 ,ileriic
321 4109 486 4171 speramus
514 4088 599 4167 fore,
636 4096 666 4151 ui
691 4090 861 4153 instructio
889 4092 1060 4172 primoralis
1090 4091 1296 4174 Eysteitensic
1327 4098 1415 4159 inter

88 4211 184 4272 libros
208 4210 252 4271 cri
275 4232 383 4272 eornm
406 4211 596 4292 [ractorulem
622 4218 805 4294 spectantem,
831 4214 859 4275 si
884 4235 942 4275 nou
971 4215 1092 4291 roiricus,
1118 4221 1198 4277 certo
1225 4218 1415 4282 ctilinrimnr

90 4338 226 4398 exsistet.
1150 4372 1197 4451 “W
1208 4316 1256 4417 s

235 4556 367 4619 (feriore
391 4563 428 4618 et
447 4558 582 4635 piena
606 4557 828 4635 Theoloyia
854 4556 1089 4618 Paetoralie
1114 4559 1267 4624 latinu.
