3106 5168
422 306 576 363 'I'ranslstio
593 306 644 364 iur.
663 326 689 378 p.
708 311 864 364 contractus
881 338 917 347 —
935 313 1107 366 assecuratio.
1358 318 1422 382 467

101 490 182 551 cunt
205 485 238 549 in
262 506 339 550 casu
364 505 521 552 erroneae
545 484 774 552 declarationis
804 505 840 550 se
862 508 926 551 non
951 509 1014 553 csse
1029 490 1192 573 obliquatos.
1226 488 1317 565 Quod
1333 493 1423 555 reete

99 574 320 656 intellegitur,
351 575 479 640 etiamsi
502 575 568 653 ille,
592 576 647 657 qui
671 580 879 640 assecuratus
902 580 963 655 est,
994 597 1058 641 non
1083 577 1127 643 sit
1150 577 1314 660 obligatus
1337 579 1421 644 solu·

100 664 224 728 tionem
250 685 269 728 a
292 664 452 729 societate
476 665 619 729 oblatam
649 684 812 747 respuere.
859 663 893 745 b)
917 665 1055 730 Etiamsi
1086 665 1216 747 aliquae
1246 666 1422 734 societates

102 753 215 818 dicant
237 757 441 819 contractum
464 757 608 837 nultum
628 752 694 818 iam
718 774 778 817 usu
802 759 968 837 receptum
993 758 1045 820 est
1067 758 1166 837 atque
1190 776 1232 820 ex
1256 756 1422 839 iurisperi-

99 848 210 908 torum
227 843 392 908 sententia
414 844 461 916 fit,
486 848 523 908 ut
546 845 635 927 lepos,
660 862 743 924 quae
767 847 874 907 certos
891 843 1047 925 quosdam
1064 848 1252 911 contractus
1272 850 1423 910 statuunt

101 932 226 1009 nullos,
259 930 495 1012 intellegantur
523 930 587 1007 ita,
619 935 655 996 ut
678 934 867 997 contractus
894 931 942 996 illi
964 938 1035 998 tum
1065 932 1193 997 demum
1220 937 1312 1019 plene
1341 935 1422 999 nulli

99 1022 176 1099 sint,
198 1020 327 1103 quando
344 1041 455 1085 eorum
471 1020 605 1086 nullitas
621 1021 662 1085 ab
678 1020 838 1085 alterutro
855 1021 1069 1086 contrahente
1085 1024 1252 1088 invocetur.
1271 1023 1319 1088 cf.
1336 1022 1421 1087 Van

100 1109 262 1185 Gestel,
293 1110 343 1174 Dc
372 1111 496 1174 iustitia
526 1118 554 1173 et
582 1112 646 1195 lepe
675 1109 784 1174 cicili²
815 1130 846 1173 n.
871 1109 1046 1175 LXXXIII.
1105 1109 1136 1191 e)
1172 1111 1205 1176 Si
1236 1111 1421 1178 nullitatem

98 1199 229 1283 plenam
253 1197 326 1263 ilico
349 1197 381 1262 in
406 1198 604 1263 conscientia
619 1201 758 1274 statuas,
786 1197 928 1263 eiusdem
945 1198 1024 1263 iuris
1047 1199 1160 1264 haberi
1176 1200 1273 1265 debet
1288 1200 1421 1265 amissio

100 1288 244 1352 omnium
268 1287 486 1370 praemiorum
510 1308 690 1353 annuorum
714 1286 780 1350 ianr
803 1286 999 1352 solutorum:
1031 1288 1089 1353 sed
1113 1310 1184 1353 eam
1208 1311 1339 1373 poenum
1365 1288 1421 1355 de·

97 1376 169 1441 beri
192 1376 261 1441 sine
286 1376 352 1441 ulla
374 1376 548 1452 sententia,
573 1376 629 1440 vix
653 1375 791 1459 cuipiam
815 1375 976 1454 suadebis,
999 1376 1097 1442 immo
1120 1377 1153 1442 id
1175 1376 1320 1443 iustitiae
1344 1399 1422 1443 con·

99 1487 218 1530 sonare
249 1465 365 1530 merito
397 1465 569 1530 dubitabis.
617 1464 651 1546 d)
675 1465 864 1548 Complures
894 1465 1071 1532 societates
1101 1467 1287 1532 nullitatem
1317 1488 1421 1549 aeque

96 1559 250 1620 statuunt
272 1558 407 1638 propter
430 1575 574 1618 errorem
596 1554 825 1638 inculpabilem
850 1553 892 1636 (si
916 1555 1045 1636 quando
1069 1555 1258 1621 immunitas
1281 1578 1301 1621 a
1325 1557 1423 1640 culpa

99 1665 163 1709 non
188 1648 298 1728 potest
321 1643 465 1726 probari)
490 1647 589 1724 atque
612 1649 748 1726 propter
771 1663 913 1707 errorem
933 1644 1136 1727 culpabilem.
1169 1645 1232 1710 Sed
1256 1644 1288 1709 in
1312 1645 1421 1728 priore

99 1754 179 1797 casu
203 1738 280 1798 ante
303 1733 501 1797 sententiam
524 1731 639 1796 iudicis
662 1732 803 1813 aliquem
833 1732 1027 1798 adtentum
1052 1734 1204 1798 damnum
1229 1737 1421 1817 tantamque

98 1842 238 1905 poenam
261 1821 375 1897 teneri,
401 1826 452 1887 est
475 1826 590 1886 contra
613 1841 740 1885 omnem
763 1820 966 1902 analogiam,
991 1822 1089 1886 immo
1113 1827 1227 1888 contra
1250 1823 1420 1890 iustitiam.

98 1912 189 1993 Ergo
213 1910 298 1977 ratio
323 1917 385 1988 est,
411 1931 469 1976 cur
492 1910 582 1974 illam
605 1913 780 1976 nullitatem
795 1930 962 1975 sumamus
977 1932 1035 1993 pro
1059 1911 1212 1977 nullitate
1235 1933 1300 1976 non
1322 1914 1422 1997 plana

98 2021 158 2064 seu
181 2021 241 2083 pro
265 1999 545 2066 rescindibilitate.

187 2114 226 2179 R.
253 2116 282 2179 5.
329 2114 366 2177 In
391 2114 477 2178 omni
501 2119 611 2180 autern
641 2135 718 2178 casu
751 2113 903 2177 damnum
930 2115 1100 2197 efficaciter
1130 2114 1281 2181 societati
1305 2130 1481 2185 causa-921

98 2207 169 2266 tum
192 2202 343 2268 resarciri
367 2204 464 2269 debet
490 2204 520 2285 l)
546 2224 588 2268 ex
603 2203 699 2270 titulo
723 2203 861 2268 actionis
885 2203 1066 2286 culpabilis,
1092 2202 1126 2284 2)
1142 2205 1242 2269 etiam
1267 2205 1418 2269 damnum

97 2313 140 2355 ex
164 2292 351 2376 inculpabili
375 2313 485 2357 errore
509 2297 626 2369 ortum,
651 2295 813 2374 quatenus
829 2312 921 2356 error
943 2292 998 2356 ille
1022 2312 1122 2357 causa
1138 2292 1211 2369 fuit,
1233 2297 1271 2358 ut
1286 2299 1421 2378 propter

96 2402 240 2445 annuum
263 2381 442 2464 praemium
465 2383 551 2447 iusto
575 2382 680 2446 minus
704 2384 873 2463 acceptum
897 2381 1039 2446 societas
1055 2402 1169 2446 verum
1193 2382 1346 2446 damnum
1369 2383 1420 2447 in-

96 2470 244 2536 currerit.
292 2469 381 2547 Quae
416 2471 588 2552 obligatio,
622 2491 694 2535 cum
727 2470 824 2535 realis
847 2471 908 2548 sit,
940 2470 1060 2536 transit
1090 2471 1255 2536 etiamad
1284 2471 1421 2537 heredes

97 2560 216 2625 saltem
240 2559 415 2624 secundum
440 2560 527 2625 vires
550 2559 751 2626 hereditatis.

188 2682 240 2748 Ao
263 2703 453 2758 quansrrusr
482 2685 520 2746 3¹¹¹
551 2683 589 2749 R.
617 2685 645 2747 1.
692 2681 727 2748 Si
750 2682 908 2759 societas,
933 2703 1071 2764 quacum
1095 2683 1226 2749 Marcus
1249 2704 1420 2749 assecura-

95 2771 195 2837 tionis
219 2775 423 2837 contractum
452 2771 540 2848 iniit,
574 2777 649 2855 post
681 2771 933 2853 quinquennium
964 2793 1029 2836 non
1060 2773 1198 2856 amplius
1230 2778 1420 2840 contractus

96 2861 285 2944 impugnat,
319 2864 418 2942 atque
442 2860 582 2942 quinque
606 2860 681 2924 anni
712 2861 753 2924 ab
784 2860 995 2944 inscriptione
1026 2860 1059 2924 in
1090 2861 1282 2926 societatem
1317 2862 1421 2944 elapsi

96 2953 190 3014 sunt:
216 2950 347 3015 Marcus
370 2950 410 3014 ab
435 2949 521 3014 omni
545 2949 744 3031 obligatione
768 2970 810 3013 ex
833 2949 1006 3014 reticentia
1029 2970 1088 3014 sua
1112 2950 1197 3015 forte
1221 2951 1346 3015 oritura
1369 2955 1422 3016 est

96 3039 179 3104 liber
202 3043 300 3120 atque
324 3043 560 3120 consequenter
584 3039 615 3102 in
640 3059 718 3103 casu
743 3038 857 3104 mortis
881 3038 950 3103 eius
974 3038 1109 3102 heredes
1133 3059 1292 3104 summam
1316 3039 1420 3122 stipu-

97 3129 199 3194 latam
223 3127 371 3211 aocipere
394 3133 531 3211 possunt
555 3128 726 3209 integram.

187 3242 224 3311 R.
250 3246 280 3309 2.
328 3243 360 3308 Si
393 3264 471 3308 vero
505 3242 663 3307 eiusmodi
695 3241 824 3307 sanatio
857 3245 1045 3307 contractus
1078 3241 1185 3306 locum
1221 3262 1285 3305 non
1308 3240 1481 3320 hebetant

96 3330 253 3414 distingui
277 3331 389 3398 debet:
417 3335 449 3412 l)
472 3332 500 3395 si
524 3333 665 3398 societas
688 3330 941 3397 assecurationis
959 3335 1162 3397 contractum
1187 3329 1419 3414 impugnatura

95 3421 141 3485 sit
163 3424 239 3503 post
260 3420 363 3485 Marci
386 3425 534 3498 mortem,
559 3420 696 3485 heredes
718 3420 820 3485 Marci
844 3420 923 3484 nihil
946 3420 1108 3503 accipient
1131 3439 1237 3501 neque
1260 3420 1301 3484 ad
1325 3419 1416 3501 quid·

96 3509 185 3593 piam
201 3509 251 3574 ius
267 3510 398 3588 habent,
422 3509 528 3574 minus
545 3510 642 3576 etiam
661 3510 854 3575 occultanti
870 3514 1008 3592 possunt
1024 3508 1297 3593 compensatione.
1333 3509 1366 3590 2)
1384 3508 1417 3574 Si

95 3619 149 3663 res
174 3598 215 3662 ad
239 3598 388 3664 notitiam
412 3599 580 3664 societatis
608 3621 672 3663 non
696 3599 899 3682 pervenerit,
931 3598 1067 3663 heredes
1090 3619 1249 3662 summam
1274 3598 1416 3663 oblatam

96 3688 244 3771 accipere
268 3693 420 3771 possunt:
446 3709 557 3752 verum
575 3687 602 3752 si
618 3689 749 3753 Marcus
772 3687 894 3770 reipsa
911 3687 1087 3753 decesserit
1106 3708 1147 3751 ex
1163 3685 1220 3751 illa
1235 3686 1418 3752 inflamma-

96 3776 185 3841 tione
215 3778 312 3860 paulo
341 3786 410 3862 post
439 3777 681 3861 inscriptionem
712 3798 804 3840 suam
836 3776 1100 3853 recrudescente,
1141 3776 1257 3841 saltem
1290 3777 1419 3842 occulta

96 3865 305 3932 restItutione
329 3887 449 3948 augere
474 3866 593 3931 debent
615 3866 762 3949 praemia
785 3887 894 3930 annua
917 3865 1083 3947 hucusque
1100 3865 1217 3931 soluta.
1257 3865 1419 3932 Videlicet

97 3959 232 4039 propter
262 3957 414 4021 affectam
445 3955 665 4020 valetudinem
696 3954 799 4019 Marci
830 3956 871 4018 ab
901 3954 993 4020 initio
1024 3955 1208 4036 augebatur
1239 3954 1417 4036 periculum

95 4044 193 4110 citius
217 4044 401 4122 decedendi,
427 4066 522 4125 quam
548 4044 574 4108 si
599 4045 683 4108 bona
707 4044 894 4109 valetudine
918 4065 995 4108 usus
1019 4048 1123 4121 esset,
1149 4044 1294 4124 adeoque
1318 4044 1416 4107 etiam

94 4133 274 4216 periculum
298 4155 357 4217 pro
380 4134 538 4198 societate
555 4133 817 4211 assecurationis,
843 4154 882 4197 ne
899 4132 1003 4205 citius,
1021 4132 1041 4198 i.
1060 4154 1086 4196 e.
1105 4139 1299 4215 postpauca
1322 4153 1417 4215 pruo-

95 4222 161 4287 mia
185 4243 293 4286 annua
316 4228 467 4306 accepta,
499 4227 603 4288 totam
627 4244 786 4286 summam
810 4243 882 4287 cum
907 4243 965 4286 suo
990 4222 1107 4286 damno
1131 4221 1257 4284 solvere
1282 4219 1415 4284 debeat:

94 4331 210 4377 verum
233 4311 409 4376 secundum
435 4313 495 4376 hoc
518 4312 694 4395 periculum
720 4311 867 4395 praemia
890 4332 998 4375 annua
1021 4316 1097 4375 sunt
1120 4308 1333 4386 aestimanda,
1359 4330 1416 4372 seu

94 4405 193 4467 aneto
216 4399 277 4465 hoc
301 4400 444 4484 periculo
467 4400 647 4484 praemium
671 4400 838 4464 annuatim
863 4400 1053 4464 solvendum
1079 4398 1120 4463 ab
1143 4397 1235 4462 initio
1259 4397 1417 4463 statuitur

94 4494 129 4556 et
162 4490 300 4555 debetur
334 4493 448 4555 mutus.
507 4490 596 4571 Ergo
630 4488 776 4572 praemia
811 4509 927 4571 reapse
962 4489 1071 4553 soluta
1104 4491 1295 4551 manserunt
1330 4487 1416 4551 iusto

94 4579 232 4657 minora,
257 4582 356 4661 atque
380 4580 479 4643 etiam
504 4600 588 4642 nunc
612 4579 653 4642 ab
676 4577 849 4641 heredibus
875 4577 1021 4642 defectus
1046 4577 1100 4641 ille
1131 4575 1329 4658 supplendus
1353 4580 1412 4641 est.

93 4669 202 4747 Quare
225 4667 253 4733 si
277 4689 329 4732 res
353 4668 401 4733 ita
428 4673 496 4746 est,
527 4669 657 4732 Marcus
687 4686 745 4750 per
775 4686 811 4730 se
841 4666 977 4731 heredes
1008 4686 1140 4730 monere
1170 4665 1267 4730 debet
1295 4665 1335 4729 de
1358 4664 1417 4729 illa

1150 4767 1203 4824 30*
