3106 5168
319 265 437 321 Peccata
455 269 550 321 contra
567 265 734 335 religionem.
753 296 789 306 -
807 266 989 339 Blasphemia,
1007 269 1122 323 tentatio
1140 268 1199 323 Dei.
1361 274 1422 337 111

96 442 237 507 mortale
260 446 431 524 peccatum
453 441 508 517 sit,
532 441 652 525 pendet
675 462 696 506 a
718 441 846 507 ratione
869 442 940 508 sive
959 445 1102 529 periurii
1124 442 1194 508 sive
1215 452 1327 511 temere
1349 465 1424 528 pro-

96 531 187 595 latae
210 530 458 608 exsecrationis,
482 530 510 596 si
534 551 632 614 quam
656 530 832 598 contineat.

186 636 226 702 R.
252 638 282 702 4.
330 636 442 713 Quoad
508 645 614 701 ortam
635 636 832 702 locutionem
862 639 956 722 patet
984 658 1056 703 eam
1080 636 1177 720 plane
1200 638 1425 723 blasphemam

96 745 181 803 esse,
206 745 279 790 cum
304 725 441 808 deroget
488 724 583 790 'vinis
601 725 770 792 attributis
794 746 851 791 seu
875 725 1139 810 perfectionibus,
1164 731 1263 809 atque
1281 727 1424 812 iusuper,

95 813 126 880 si
149 813 236 879 serio
259 814 361 880 verba
383 819 566 892 sumuntur,
596 819 747 898 apertam
770 814 938 880 continent
961 816 1127 881 baeresim.
1175 817 1212 881 In
1244 838 1308 899 qua
1335 819 1425 883 locu-

96 902 204 982 tione,
236 902 298 970 etsi
331 902 492 970 Traianus
523 902 610 969 forte
641 903 840 970 haereticum
872 926 1041 971 assensum
1073 903 1161 971 intus
1193 927 1257 971 non
1288 906 1425 986 dederit,

96 998 210 1060 tamen
240 996 376 1076 propter
404 990 553 1058 iniuriam
584 992 617 1057 in
647 995 752 1059 Deum
776 993 857 1059 adeo
890 992 1099 1060 manifestam
1123 993 1348 1060 difficillimum
1375 999 1427 1063 est

96 1056 287 1183 loquerstem
310 1086 445 1166 propter
466 1081 745 1166 imperfectionem
769 1088 863 1150 actus
885 1083 1065 1149 subiective
1094 1104 1114 1148 a
1137 1083 1267 1150 mortali
1290 1090 1425 1168 peccato

97 1191 262 1237 excusari.

188 1278 242 1342 An
265 1297 457 1353 cuausrruu
481 1279 519 1342 3¹²
547 1276 586 1342 R.
610 1281 637 1344 1.
690 1277 815 1354 Primo,
852 1277 936 1344 sicut
970 1277 1004 1343 in
1038 1277 1236 1360 quibuslibet
1269 1279 1424 1362 peccatis,
1436 1290 1487 1344 219

97 1365 204 1431 videri
227 1365 357 1432 omnino
382 1366 488 1443 debet,
513 1370 549 1431 ut
573 1365 660 1432 adsit
683 1387 781 1432 verus
804 1367 897 1431 dolor
920 1388 1098 1449 verumque
1120 1366 1332 1452 propositum.

189 1471 229 1538 R.
254 1474 284 1537 2.
331 1471 365 1538 Si
395 1471 567 1556 paenitens
589 1473 788 1558 blasphemis
811 1472 920 1538 verbis
943 1477 1094 1539 assuetus
1124 1477 1191 1552 est,
1223 1474 1426 1540 absolutione

97 1581 165 1626 non
182 1565 233 1627 est
249 1561 428 1639 donandus,
453 1561 514 1627 nisi
531 1562 612 1628 velit
635 1562 668 1626 iu
684 1562 931 1646 exstirpandam
955 1564 1040 1628 hauc
1059 1563 1326 1630 consuetudinem
1341 1565 1426 1629 serio

98 1650 303 1728 incumbere;
327 1650 424 1732 idque
440 1672 504 1716 non
521 1653 635 1730 solum,
651 1651 679 1717 si
696 1651 903 1718 consueverit
918 1672 958 1717 ea
973 1653 1075 1718 verba
1090 1674 1162 1717 cum
1179 1652 1287 1719 animo
1304 1655 1426 1719 etcum

99 1739 286 1806 attentione
314 1740 479 1823 proferre,
511 1741 569 1805 sed
599 1739 700 1807 etiarn
730 1740 758 1805 si
788 1762 827 1807 ea
857 1761 900 1806 ex
930 1741 1070 1824 quadam
1094 1741 1337 1808 inadvertentia
1367 1763 1427 1808 nec

99 1828 187 1894 serio
211 1849 333 1894 exere
363 1828 448 1895 elabi
473 1828 579 1895 sinere
602 1830 697 1896 solet.
743 1830 831 1896 Nam
854 1851 927 1895 cum
952 1829 1054 1896 verba
1086 1828 1143 1896 illa
1166 1830 1326 1897 obiective
1351 1853 1428 1897 con-

99 1917 268 1984 tumeliam
300 1916 361 1983 Dei
384 1917 590 1996 contineant,
622 1918 926 1985 consuetudinarius
956 1919 1105 2001 graviter
1134 1919 1312 2002 obligatur,
1343 1921 1427 1986 hanc

99 2006 297 2073 locutionem
315 2027 442 2073 cavere.
477 2006 598 2083 Quodsi
615 2012 768 2074 conatum
784 2007 938 2074 adhibeat
956 2029 1028 2073 sese
1045 2008 1248 2086 emendandi,
1265 2008 1429 2077 docendus

99 2101 168 2173 est,
199 2094 227 2160 si
256 2100 389 2180 praeter
412 2096 626 2162 intentionem
651 2101 750 2180 atque
778 2097 847 2162 siue
870 2096 1045 2163 sufficienti
1069 2097 1277 2165 advertentis
1307 2119 1348 2164 ex
1379 2101 1428 2165 in-

99 2190 254 2252 veterata
277 2185 510 2251 consuetudine
533 2185 607 2251 hinc
631 2185 705 2251 inde
729 2185 789 2252 sibi
812 2186 877 2252 ista
900 2186 1002 2252 verba
1026 2207 1068 2251 ex
1092 2207 1148 2252 ore
1172 2187 1342 2266 excidant,
1367 2188 1426 2254 sibi

99 2276 133 2341 id
157 2274 191 2340 in
214 2295 318 2357 grave
340 2278 512 2359 peccatum
535 2296 600 2340 nou
623 2275 787 2359 imputari.

190 2380 230 2446 R.
256 2384 286 2448 3.
333 2381 476 2448 Conatus
498 2381 662 2465 practicus
686 2381 808 2460 aderit,
839 2380 867 2446 si
898 2381 1011 2447 statim
1040 2386 1117 2466 post
1139 2383 1241 2449 verba
1271 2403 1313 2448 ex
1336 2383 1428 2448 inad-

99 2469 267 2536 vertentia
298 2471 428 2554 prolata
458 2471 568 2536 doleat
599 2470 787 2553 firmiusque
818 2469 975 2536 maiorem
1007 2471 1223 2538 attentionem
1255 2476 1426 2556 proponat,

99 2559 244 2626 maxime
274 2559 302 2625 si
326 2559 489 2641 quandam
520 2559 754 2643 paenitentiam
785 2581 922 2644 parvam
953 2559 1014 2624 sibi
1041 2561 1154 2626 statim
1178 2561 1427 2645 persolvendam

98 2651 274 2734 proponat.
290 2687 334 2696 —
357 2648 494 2731 Insuper
509 2648 631 2713 homini
647 2648 825 2714 acrioribus
841 2649 1133 2715 exclamationibus
1149 2655 1281 2715 assueto
1297 2650 1428 2716 suaderi

99 2741 223 2822 potest,
246 2741 284 2803 ut
308 2742 495 2820 corrumpat
511 2738 622 2815 verba,
647 2737 694 2803 ita
709 2742 819 2804 tamen
839 2742 876 2805 ut
894 2738 993 2804 etiam
1011 2738 1180 2805 audientes
1197 2743 1427 2826 corruptionem

99 2828 277 2893 verborum
299 2825 492 2911 percipiant,
518 2827 570 2891 vel
593 2831 708 2893 utatur
726 2828 836 2892 verbis
859 2827 980 2893 acriter
1003 2827 1131 2910 quidem
1156 2828 1347 2893 sonantibus
1371 2829 1428 2894 sed

100 2939 186 3001 quae
210 2937 340 2982 sensum
365 2917 419 2981 vel
441 2916 564 2981 nullum
588 2917 641 2981 vel
665 2916 869 2983 innocentem
893 2917 1045 2984 habeant.

598 3108 821 3175 ΤΕΝΤΑΤΙΟ
847 3109 932 3175 DEI.

669 3256 779 3324 Casus.
806 3264 864 3333 (61)

192 3388 384 3460 Constantia,
414 3408 479 3448 cum
507 3388 600 3447 variis
628 3389 737 3447 morbis
765 3389 967 3460 decumberet,
997 3408 1081 3465 opem
1109 3387 1214 3446 medici
1243 3406 1359 3465 semper
1385 3408 1428 3447 re·

100 3470 236 3540 cusavit,
259 3470 287 3528 S.
308 3469 458 3544 Agatham
479 3468 590 3527 imitari
610 3468 727 3538 volens,
749 3487 824 3544 quae
845 3469 993 3527 carnalem
1015 3467 1190 3527 medicinam
1212 3468 1327 3546 corpori
1348 3489 1429 3529 num·

100 3569 190 3627 qnam
206 3549 355 3620 adhibuit;
378 3550 429 3608 sed
445 3569 479 3608 oo
501 3549 662 3608 instantius
678 3553 744 3607 orat
764 3548 800 3606 ad
821 3555 956 3607 recenter
977 3548 1171 3620 beatificatos,
1193 3568 1249 3625 quo
1270 3568 1324 3626 per
1344 3549 1429 3608 mira·

101 3631 171 3690 cula
198 3629 452 3689 canonizationem
475 3648 558 3688 suam
586 3636 795 3705 promoveant,
825 3636 855 3687 et
876 3648 932 3704 quo
954 3628 1020 3705 ipsa
1041 3629 1226 3705 experiatur,
1258 3649 1326 3688 num
1348 3630 1429 3690 Deus

101 3730 205 3772 curam
226 3710 385 3787 specialem
407 3729 478 3785 erga
499 3710 611 3769 electos
632 3728 702 3769 suos
723 3728 826 3783 gerere
846 3713 960 3785 pergat.

192 3789 337 3858 Amicam,
354 3790 473 3866 quaein
489 3789 566 3849 serio
581 3792 682 3849 morbo
696 3789 840 3848 modicum
855 3789 1012 3861 consuluit,
1034 3789 1135 3865 arguit
1148 3794 1269 3866 propter
1284 3790 1430 3849 defectum

101 3870 172 3930 fidei
194 3875 224 3930 et
244 3870 369 3929 fiduciae
390 3870 420 3928 iu
443 3871 536 3928 Deum
564 3870 648 3946 eique
668 3869 843 3946 persuadet,
874 3874 906 3929 ut
936 3870 1065 3930 remedia
1086 3869 1157 3928 data
1177 3875 1315 3946 respuat,
1341 3871 1429 3929 iuter-

101 3951 201 4030 posito
216 3956 295 4021 voto,
317 3969 349 4009 se
369 3949 498 4009 tamdiu
519 3952 556 4008 ab
578 3949 656 4009 omui
677 3949 743 4008 cibo
764 3956 794 4008 et
815 3954 885 4026 potu
907 3951 1056 4010 abstinere
1077 3951 1163 4020 velle,
1186 3950 1253 4008 dum
1275 3949 1370 4008 amica
1391 3950 1431 4008 sit

102 4037 192 4091 extra
210 4031 386 4107 periculum:
409 4030 564 4105 quodcum
580 4029 682 4089 audiat
696 4030 896 4089 confessarius
910 4035 1067 4106 votumque
1083 4030 1224 4100 annullet,
1245 4030 1431 4107 vituperatur

102 4131 121 4171 a
149 4110 342 4178 Constantia,
379 4110 453 4186 quod
484 4110 656 4169 miraculum
686 4110 886 4187 impediverit,
924 4116 1012 4185 atque
1041 4110 1154 4169 medico
1183 4129 1282 4168 curam
1318 4111 1430 4169 amicae

102 4196 245 4267 aegrotae
266 4190 405 4250 fidentius
427 4191 591 4250 committat
612 4210 699 4268 quam
720 4191 783 4249 Deo
805 4196 835 4249 et
856 4190 983 4249 Sanctis.

194 4271 400 4332 confessarius
429 4277 527 4330 autern
548 4271 713 4331 ordinatam
733 4271 870 4329 fiduciam
892 4289 924 4329 se
949 4290 1003 4329 sua
1024 4268 1207 4346 experientia
1229 4268 1366 4326 didicisse
1387 4288 1429 4326 re·

102 4351 246 4430 spondet;
272 4371 341 4410 uam
362 4351 477 4428 quoties
498 4351 662 4428 imparatus
683 4350 721 4408 ad
741 4350 970 4410 contionandum
991 4349 1152 4408 accesserit
1172 4349 1266 4407 fretus
1287 4347 1342 4406 Dei
1365 4366 1429 4423 ope,

103 4434 189 4493 cuius
211 4451 331 4492 causam
353 4432 431 4510 apud
451 4431 590 4508 populum
606 4431 720 4490 demum
733 4430 841 4506 'egerit
862 4449 923 4489 rem
945 4449 1004 4487 nou
1025 4432 1100 4488 bene
1121 4429 1176 4488 sibi
1199 4427 1389 4487 successisse.

103 4537 283 4608 Quaxmrurc
305 4538 333 4594 1⁰
358 4536 484 4596 tentatio
506 4535 563 4594 Dei
583 4535 651 4612 quid
673 4535 713 4593 sit
733 4540 764 4594 et
784 4535 870 4610 quale
890 4538 1054 4611 peccatum.

304 4625 335 4683 2⁰
360 4624 429 4702 quid
450 4624 485 4684 de
507 4625 626 4684 casibus
647 4623 808 4702 propositis
830 4624 887 4682 dici
908 4623 1023 4682 debeat.
