3106 5168
533 981 733 1084 Lectori
775 983 1042 1084 salutem*

173 1330 227 1374 um
250 1308 284 1373 in
307 1308 511 1392 praefatione
534 1308 576 1373 ad
593 1308 734 1374 alterum
750 1312 885 1384 tomum,
910 1307 964 1390 qui
989 1312 1065 1374 ante
1089 1306 1230 1372 medium
1254 1328 1373 1372 annum
1396 1305 1430 1371 iu

192 1406 296 1472 lucem
312 1405 441 1490 prodiit,
459 1406 499 1472 de
515 1407 579 1471 fine
595 1409 629 1471 et
646 1407 740 1471 modo
757 1404 922 1472 tractandi
938 1426 1033 1487 quem
1049 1404 1139 1471 tenui
1155 1425 1260 1489 pauca
1277 1404 1429 1470 dixerim:

102 1504 142 1569 id
170 1525 269 1570 unum
298 1504 454 1570 lectorem
484 1503 545 1570 hoc
575 1505 646 1570 loco
673 1525 788 1570 moneo
819 1524 871 1569 me
899 1504 1036 1569 eundem
1064 1503 1161 1587 plane
1192 1503 1322 1568 modum
1346 1523 1431 1568 nuuc

102 1603 268 1681 tenuisse,
306 1602 406 1668 etism
436 1602 566 1686 saepius
596 1605 722 1680 autem,
761 1605 798 1667 ut
830 1606 950 1668 natura
981 1621 1090 1666 rerum
1123 1602 1430 1685 pertractandarum

103 1721 217 1766 secum
241 1699 334 1778 tulit,
366 1701 407 1765 ad
431 1701 637 1766 condiciones
666 1705 799 1767 nostrae
827 1700 947 1766 aetatis
977 1704 1012 1766 et
1035 1699 1076 1765 ad
1100 1720 1140 1765 ea
1163 1721 1215 1765 me
1239 1698 1429 1777 attendisse,

104 1819 193 1882 quae
216 1803 350 1883 propter
369 1802 497 1864 mutata
516 1802 667 1882 tempora
688 1799 721 1863 in
738 1798 939 1883 explicandis
963 1797 1078 1862 officiis
1102 1802 1201 1880 atque
1225 1795 1432 1863 conscientiis

106 1896 315 1962 moderandis
339 1895 552 1963 difficultates
575 1897 702 1980 possint
725 1917 846 1962 creare.

199 1994 357 2076 Equidem
374 1993 441 2060 scio
466 1994 672 2061 casuisticam
696 2015 803 2059 rerum
825 1993 996 2059 moralium
1019 1993 1251 2060 tractationem
1274 1993 1344 2057 fere
1367 2013 1432 2057 non

104 2112 205 2177 posse
228 2113 292 2157 non
311 2095 426 2175 patere
449 2092 684 2157 malevolorum
708 2091 971 2157 adversariorum
989 2090 1291 2157 obtrectationibus.
1331 2090 1432 2172 quue

104 2191 195 2256 inter
216 2189 282 2255 alia
306 2211 348 2255 ex
371 2210 409 2255 eo
433 2190 546 2268 oritur,
571 2191 655 2272 quod
680 2189 862 2255 adversarii
884 2188 1073 2267 acatholici,
1099 2188 1126 2254 si
1150 2189 1183 2254 in
1206 2189 1306 2255 certis
1329 2186 1431 2253 actio·

105 2287 203 2352 nibus
225 2308 291 2353 una
313 2291 455 2370 negatur
478 2287 620 2367 malitia,
649 2309 721 2353 eam
745 2286 944 2354 sententiam
966 2286 1013 2352 sic
1037 2287 1313 2370 interpretentur,
1339 2284 1432 2367 quasi

106 2385 213 2451 omnis
243 2385 370 2451 malitia
399 2385 443 2450 sit
472 2390 595 2468 negata
625 2390 724 2467 atque
754 2385 841 2451 actio
871 2384 936 2451 ista
967 2385 1170 2468 proclamata
1200 2405 1258 2468 pro
1283 2383 1430 2450 honeste.

107 2482 173 2549 Sed
196 2483 341 2565 quisquis
364 2484 416 2548 vel
447 2484 569 2567 primas
592 2484 719 2566 logicae
749 2483 882 2566 regulas
912 2483 1074 2566 percepit,
1106 2482 1203 2547 facile
1229 2481 1318 2548 videt
1348 2502 1431 2558 eum,

107 2581 165 2663 qui
187 2581 345 2647 infitietur
368 2603 398 2648 ν.
421 2603 452 2664 g.
478 2582 621 2664 aliquam
643 2582 806 2648 actionem
829 2581 1011 2665 impingere
1034 2584 1149 2646 contra
1173 2579 1342 2658 iustitiam,
1367 2599 1431 2644 non

104 2678 181 2744 ideo
204 2678 302 2745 fateri
327 2701 397 2745 eam
423 2701 494 2745 esse
519 2680 733 2762 undequaque
763 2679 952 2752 honestam,
984 2699 1057 2743 cum
1087 2699 1159 2744 esse
1190 2677 1294 2761 possit
1317 2681 1433 2743 contra

106 2776 191 2842 alias
214 2778 354 2844 virtutes
381 2778 575 2860 gravissime
606 2777 842 2861 peccaminosa.
892 2778 1012 2842 Verum
1042 2777 1123 2842 haec
1153 2777 1180 2842 si
1211 2796 1339 2859 semper
1362 2795 1431 2840 mo·

108 2875 251 2940 nuissem
282 2875 313 2940 in
342 2875 479 2958 singulis
502 2897 586 2958 quae
610 2876 683 2941 dedi
713 2875 895 2959 responsis,
926 2874 1043 2941 timere
1067 2875 1242 2951 debebam,
1273 2893 1315 2938 ne
1338 2871 1432 2954 qussi

108 2975 225 3056 ignaro
248 2973 384 3055 loquens
407 2974 564 3040 lectorem
587 2973 772 3040 iniuriosius
796 2973 925 3039 viderer
948 2976 1104 3040 tractare.

200 3072 332 3150 Restat,
366 3075 401 3137 ut
431 3072 577 3156 publicas
607 3071 732 3155 gratias
755 3092 852 3154 agam
878 3071 1026 3137 omnibus
1049 3070 1114 3136 illis
1137 3069 1233 3146 viris,
1265 3067 1320 3151 qui
1349 3067 1431 3133 adeo

107 3170 277 3246 benevole,
304 3177 340 3235 ut
363 3171 530 3254 complura
545 3171 625 3235 folia
648 3169 813 3253 periodica
832 3172 1007 3253 testantur,
1033 3169 1172 3235 alterum
1196 3174 1320 3234 tomum
1344 3186 1431 3231 com·

109 3267 314 3333 mendarunt.
361 3266 460 3334 Faxit
483 3269 588 3345 Deus,
617 3276 653 3334 ut
676 3267 736 3332 hoc
761 3288 841 3351 opus
864 3289 928 3333 non
952 3267 1057 3332 solum
1080 3268 1226 3351 placeat,
1250 3265 1308 3331 sed
1332 3263 1431 3330 etism

108 3365 214 3449 prosit
241 3365 282 3430 ad
311 3366 494 3448 aagendam
522 3366 628 3448 Ipsius
656 3365 793 3448 gloriam
822 3369 856 3431 et
883 3368 1023 3432 salutem
1047 3366 1228 3431 animarum
1252 3367 1430 3430 aeternam.

201 3532 387 3598 Scribebam
411 3534 620 3621 Valkcadcrqi
642 3533 675 3598 in
699 3534 837 3618 collegio
862 3535 893 3601 S.
919 3531 1055 3616 Ignatii,
1087 3533 1139 3599 die
1162 3533 1248 3600 festo
1272 3531 1431 3598 Praesen-

108 3629 246 3697 tationis
270 3631 306 3697 B.
331 3631 374 3698 M.
392 3632 431 3697 V.
457 3632 509 3697 die
533 3635 572 3696 21
599 3632 684 3699 Nov,
711 3635 805 3700 1902.

1167 3767 1341 3835 lucror.
