3106 5168
154 267 219 332 318
291 261 332 317 De
350 263 498 319 virtutibus
514 266 545 317 et
561 262 661 319 officiis
678 279 745 331 erga
762 261 892 317 homines
911 291 947 301 -
966 262 1017 317 Off.
1036 262 1109 319 circa
1127 263 1198 319 bena
1214 269 1337 319 exterrm

92 451 144 506 627
244 439 277 504 Si
293 439 366 522 quis
381 440 514 507 tandem
535 459 640 521 neque
662 438 876 506 intentionem
899 439 999 505 habet
1021 439 1232 523 perveniendi
1248 441 1290 507 ad
1305 442 1481 509 materiam

154 549 300 611 gravem,
324 548 430 611 neque
445 528 537 595 furta
558 532 673 594 servat
694 527 728 593 in
743 548 780 593 se
796 527 849 592 vel
871 528 1104 611 aequivalenti,
1128 533 1229 612 atque
1252 535 1328 614 post
1349 531 1481 613 longius

154 621 283 684 tantum
306 617 517 683 intervallum
541 616 574 683 in
598 616 678 683 furti
700 621 871 701 peccatum
895 617 1036 693 recidat;
1061 618 1094 683 in
1118 619 1179 685 hoc
1202 640 1281 685 casu
1304 619 1397 687 furta
1419 620 1480 685 mi-

153 710 236 774 nuta
263 726 328 772 non
357 710 533 773 censentur
562 706 595 770 in
625 706 798 772 materiam
828 707 940 788 gravis
970 706 1098 790 peccati
1127 708 1323 777 coalescere.
1370 708 1480 775 luter·

155 796 277 862 vallum
301 800 429 874 autem,
460 794 489 861 si
510 794 602 861 furta
630 795 757 862 minuta
786 816 853 862 non
873 796 1014 863 multum
1036 796 1123 862 infra
1145 797 1318 864 materiam
1342 819 1481 880 gravem

153 886 340 962 haeserunt,
364 884 462 952 debet
483 904 556 951 esse
571 884 707 949 duorum
723 884 854 951 circiter
869 885 1043 957 mensium:
1068 885 1210 952 sivaldo
1231 886 1369 952 multum
1392 887 1482 953 iufra

153 973 268 1041 haeret
291 973 441 1052 materia,
465 973 583 1040 saltem
607 979 682 1057 post
704 994 848 1039 mensem
873 994 937 1040 non
960 979 1136 1040 censentur
1158 976 1298 1059 amplius
1321 975 1480 1041 eiusmodi

152 1063 278 1129 turtula
301 1062 502 1139 coalescere;
533 1063 785 1146 voldumianus,
810 1082 895 1145 quae
918 1068 1161 1141 consumuntur,
1192 1086 1234 1130 ne
1256 1069 1332 1149 post
1357 1064 1480 1132 hebdo-

152 1151 283 1217 madam
307 1151 436 1234 quidem
460 1156 635 1217 censentur
659 1152 853 1218 coalescere.

240 1241 280 1304 In
303 1239 354 1307 his
375 1240 501 1307 scilicet
523 1239 656 1306 fontalis
680 1241 777 1306 valde
799 1240 933 1308 minutis
962 1261 1030 1306 rem
1054 1261 1097 1306 ex
1120 1241 1221 1307 variis
1243 1241 1407 1309 adiunctis
1431 1243 1480 1307 di·

153 1328 351 1396 metiendam
367 1350 449 1407 esse,
473 1329 556 1394 bene
571 1333 668 1395 notat
689 1329 897 1395 Ballerini
921 1330 963 1394 ad
980 1329 1069 1412 Gnry
1086 1330 1110 1407 1,
1135 1351 1166 1396 n.
1184 1332 1264 1397 610:
1294 1332 1364 1414 ,Ita
1379 1353 1411 1399 v,
1429 1353 1478 1413 gr.

152 1418 434 1503 reprehenduntur
456 1417 602 1500 quidem,
627 1418 682 1500 qni
704 1438 763 1503 per
786 1439 885 1500 agros
908 1440 1006 1497 uvas,
1037 1421 1130 1498 ficus,
1162 1419 1268 1497 fabas,
1293 1441 1391 1504 poma
1415 1424 1478 1487 etc.

152 1505 340 1573 leviusculis
371 1506 468 1575 furtis
504 1527 604 1591 saepe
640 1507 853 1591 surripientes
885 1511 1021 1583 vorant;
1058 1512 1096 1574 at
1131 1508 1190 1573 vix
1225 1509 1386 1593 reperies,
1424 1510 1478 1592 qui

153 1601 266 1661 notam
290 1595 439 1662 laxitatis
462 1595 588 1674 timeat,
613 1595 641 1660 si
657 1596 756 1662 etiam
780 1600 855 1679 post
870 1596 980 1679 plures
1002 1596 1098 1662 huius
1117 1598 1359 1664 consuetudinis
1376 1619 1479 1665 annos

154 1685 341 1768 scrupulum
363 1686 443 1769 ipsis
466 1685 579 1766 gravis
602 1685 681 1750 furti
706 1686 746 1750 ob
771 1685 941 1752 materiam
966 1686 1203 1752 coalescentem
1233 1708 1297 1751 non
1320 1687 1474 1754 iniiciat.“

154 1773 246 1851 Quod
269 1773 375 1856 magis
398 1773 498 1840 etiam
522 1774 672 1851 observa,
696 1773 825 1857 quando
849 1775 959 1858 agitur
978 1775 1017 1840 de
1040 1774 1216 1841 esculentis
1240 1779 1274 1842 et
1296 1776 1479 1860 poculentis

154 1884 174 1928 a
196 1863 350 1929 membris
372 1863 516 1929 familiae
532 1863 729 1931 domesticae
752 1863 874 1928 furtive
897 1864 1106 1948 consumptis,
1131 1863 1158 1928 si
1182 1864 1277 1930 modo
1300 1864 1368 1932 sint
1391 1885 1478 1931 com·

153 1952 265 2017 munia
288 1974 352 2018 non
376 1952 654 2019 extraordinaria:
677 1952 809 2018 namin
833 1950 897 2017 illis
914 1952 1033 2018 domini
1056 1974 1121 2018 non
1137 1957 1312 2020 censentur
1333 1954 1384 2020 ita
1406 1975 1479 2020 esse

154 2041 258 2132 inviti,
283 2047 320 2108 ut
342 2042 439 2108 facile
462 2042 606 2108 evadant
628 2040 753 2108 turtula
775 2041 832 2106 illa
855 2045 1025 2126 peccatum
1048 2042 1198 2109 mortale.

92 2167 144 2222 628
242 2161 296 2223 An
318 2177 511 2234 ouanslnuu
534 2160 573 2223 3¹¹²
602 2156 641 2222 R.
669 2159 698 2223 1.
745 2156 875 2222 Clarum
898 2160 965 2234 est,
991 2157 1116 2223 furtula
1137 2157 1282 2222 Reimari
1306 2157 1477 2225 coaluisse.

154 2244 198 2311 Et
221 2266 417 2328 quamquam
447 2246 552 2330 primo
576 2251 712 2329 aspectu
742 2245 839 2311 alicui
863 2245 965 2310 videri
995 2251 1121 2329 potest,
1152 2246 1185 2311 id
1208 2247 1320 2312 valere
1343 2247 1385 2312 de
1408 2248 1478 2313 sola

153 2355 280 2400 summa
301 2336 439 2418 subluto,
463 2356 528 2401 nou
552 2335 592 2400 de
615 2334 723 2400 usuris
745 2335 820 2400 inde
843 2335 1022 2418 perceptis:
1046 2340 1157 2401 tamen
1181 2335 1326 2418 practice
1349 2335 1378 2400 si
1394 2357 1479 2418 quae

152 2422 243 2488 furta
265 2426 349 2490 fiunt
372 2430 486 2490 contra
516 2424 755 2505 negotiatorem
786 2422 853 2488 suis
879 2423 977 2489 rebus
998 2423 1238 2501 intendentem,
1269 2424 1364 2490 hodie
1394 2425 1478 2490 sumi

154 2512 260 2590 debet,
284 2534 357 2578 eum
381 2517 609 2597 percepturum
624 2513 726 2578 fuisse
750 2513 849 2579 etiam
874 2534 990 2577 usuras
1005 2533 1048 2578 ex
1063 2534 1190 2578 summa
1213 2513 1279 2591 illa,
1303 2534 1402 2595 quam
1426 2536 1479 2578 se·

153 2601 325 2686 posuisset,
350 2602 379 2667 si
402 2601 527 2668 turtula
549 2602 722 2668 commissa
745 2622 809 2666 non
833 2607 952 2668 essent.

242 2706 280 2775 R.
298 2709 328 2772 2.
368 2706 403 2772 Si
418 2728 497 2773 vero
513 2707 686 2772 Reimarus
708 2712 784 2790 post
808 2706 981 2771 commissa
1003 2706 1128 2772 turtula
1150 2707 1296 2772 laborem
1319 2727 1379 2791 pro
1403 2713 1478 2773 rata

153 2799 239 2862 ultra
264 2797 402 2862 debitum
424 2796 609 2879 praestitit,
640 2817 721 2861 sane
744 2795 986 2861 restitutionem
1009 2796 1074 2860 iam
1097 2797 1241 2880 peregit,
1265 2801 1366 2878 atque
1390 2818 1477 2862 sum-

152 2904 238 2949 mam
262 2906 336 2950 eum
360 2886 467 2951 usuris
490 2885 632 2951 retinere
654 2889 775 2969 potest.

240 2991 279 3057 R.
305 2995 335 3057 3.
382 2992 465 3056 Item
488 2991 632 3056 retinere
655 2996 777 3073 posset,
806 2991 834 3055 si
857 2991 1028 3056 Reimarus
1052 3011 1087 3054 re
1111 2992 1183 3074 ipsa
1205 2991 1367 3074 reciperet
1390 2992 1477 3056 sala-

151 3080 233 3145 rium
257 3082 344 3146 iusto
367 3081 488 3158 minus;
520 3081 579 3146 sed
608 3081 754 3163 practice
778 3081 818 3145 de
841 3080 900 3145 tali
924 3080 1069 3146 iustitiae
1093 3081 1223 3146 defectu
1246 3101 1321 3145 raro
1345 3081 1476 3146 omnino

151 3170 330 3247 constabit,
363 3169 490 3252 quando
520 3169 677 3253 recipitur
700 3169 855 3234 salarium
879 3174 1080 3236 consuetum.
1127 3169 1213 3234 Nam
1243 3169 1276 3233 in
1305 3170 1367 3236 tali
1398 3190 1476 3235 casu

151 3260 220 3324 fieri
243 3263 363 3343 potest,
389 3264 425 3325 ut
447 3280 507 3344 pro
530 3258 680 3324 Reimaro
705 3258 843 3340 quidem,
868 3258 922 3341 qui
946 3279 1145 3340 saeuosque
1169 3259 1257 3324 alere
1280 3259 1409 3336 debeat,
1434 3258 1477 3324 sit

151 3348 305 3413 salarium
330 3348 445 3423 miuus,
470 3369 533 3413 uon
558 3347 601 3414 sit
624 3347 710 3413 iusto
733 3348 839 3413 minus
861 3369 921 3432 pro
938 3347 1066 3412 domino
1090 3349 1238 3413 solvente
1261 3354 1396 3431 propter
1420 3369 1476 3431 pc·

152 3436 291 3501 culiares
315 3437 383 3501 eius
406 3437 551 3502 rationes
574 3438 629 3502 vel
658 3438 830 3519 generales
859 3437 1028 3503 societatis
1052 3437 1256 3502 condiciones
1280 3438 1476 3502 anormales.

152 3525 223 3589 Nisi
248 3529 357 3590 autem
374 3527 414 3591 de
437 3526 596 3591 iniustitia
620 3530 760 3603 constat,
785 3527 914 3592 occulta
938 3526 1159 3610 compensatio
1183 3526 1296 3607 nequit
1319 3526 1475 3609 permitti.

152 3614 199 3679 Cf.
224 3614 310 3679 infra
334 3636 399 3680 cas.
427 3618 489 3679 192
514 3621 636 3686 etsscas.
665 3618 736 3680 193.

241 3729 303 3788 NB.
341 3728 423 3798 Quod
446 3729 554 3787 dictum
577 3736 623 3787 est
644 3730 680 3787 de
701 3730 796 3799 furto,
826 3729 942 3805 applica
963 3729 999 3788 ad
1021 3728 1206 3805 aliasuetinm
1227 3728 1392 3788 iniustitias
1415 3729 1476 3787 sive

152 3810 255 3867 fraude
277 3817 308 3867 et
328 3810 393 3869 dolo
416 3810 480 3869 sive
501 3808 738 3868 damnificatione
760 3809 890 3885 qualibet
911 3809 1092 3869 commissas,

705 4019 921 4085 FURTULA.

707 4160 816 4226 Casus.
845 4168 920 4234 (189)

241 4293 309 4362 Lia,
332 4293 408 4369 apud
432 4312 561 4351 sororem
583 4294 708 4361 famula,
731 4292 799 4349 huic
820 4292 973 4350 solatiam
995 4311 1048 4367 per
1070 4292 1233 4367 complures
1255 4310 1350 4349 anuos
1372 4293 1475 4367 quovis

152 4393 252 4432 mense
274 4374 392 4431 circiter
412 4375 490 4431 6-8
512 4393 628 4431 uiarous
650 4373 775 4431 <liversis
798 4373 913 4430 vicibus
935 4373 1067 4440 auferre,
1096 4392 1154 4430 non
1177 4372 1333 4430 intendens
1355 4373 1475 4431 maioris

152 4474 282 4512 summae
297 4457 415 4522 furtum,
438 4453 489 4511 sed
504 4454 573 4512 data
595 4454 750 4511 occasione
771 4453 864 4510 utitur
885 4460 972 4526 atque
994 4472 1135 4510 summanr
1157 4457 1322 4527 surreptam
1345 4473 1399 4528 pro
1415 4453 1475 4511 suis

153 4534 253 4593 usibus
274 4535 421 4610 expendit.

153 4630 328 4699 Qnsnnruua
352 4632 494 4706 quomodo
516 4632 569 4689 Lia
591 4630 768 4708 peccaverit,
792 4637 822 4687 et
843 4650 880 4686 an
904 4631 944 4687 ita
966 4629 1061 4705 possit
1082 4629 1205 4687 absolvi.
