3106 5168
442 295 558 350 Votum:
581 296 640 351 eius
658 295 792 350 relaxatio
810 324 845 334 -
863 299 1039 350 commutatio.
1342 301 1405 366 139

77 474 179 540 etiam
203 477 333 540 malos:
365 494 429 556 quo
462 473 495 538 in
519 494 597 538 casu
621 493 733 539 omues
756 473 940 539 concedunt
963 474 1250 541 commutationem
1274 473 1407 560 propria

76 563 276 630 auctoritate
299 562 370 629 sine
394 563 459 628 ullo
482 567 619 647 peccato
641 562 713 628 fieri
735 583 842 646 posse.
881 561 1099 630 Commutatio
1115 564 1149 628 in
1165 563 1271 630 minus
1293 563 1407 647 nequit

76 652 148 718 fieri
171 652 241 718 sine
264 652 402 730 ratione,
428 672 532 734 neque
556 652 597 717 ab
621 651 693 735 ipso
711 657 854 719 vovente
877 672 938 717 aaa
960 652 1092 737 propria
1116 651 1324 729 auctoritate,
1347 653 1405 718 sed

77 745 246 825 potestate
268 745 398 808 tantum
423 740 636 807 ecclesiastici
660 740 847 826 superioris.

167 846 206 912 R.
232 849 262 914 2.
308 846 570 912 commutatione
592 865 652 930 per
674 844 855 930 legitimam
879 845 1112 914 auctoritatem
1135 847 1235 924 facta,
1260 849 1406 932 obligatio

77 934 120 1000 ad
137 956 219 1020 opus
233 934 339 1021 primo
354 934 550 1018 promissum
566 957 704 1021 prorsus
719 935 951 1018 exstinguitur,
976 934 1024 1008 ita
1039 939 1087 1013 ut,
1111 936 1138 1000 si
1158 957 1211 1001 res
1226 937 1408 1018 subrogata

77 1026 138 1091 fiat
160 1023 380 1110 impossibilis,
404 1024 446 1090 ad
470 1023 549 1090 nihil
574 1023 717 1091 exsistat
738 1025 912 1107 obligatio;
936 1045 1001 1091 non
1024 1024 1072 1092 ita
1094 1025 1127 1090 in
1152 1025 1406 1092 commutatione

77 1113 211 1199 proprio
234 1118 342 1181 marte
364 1113 465 1180 facta.
512 1113 544 1180 S.
569 1113 687 1197 Alph.
711 1113 732 1181 l.
758 1135 784 1180 c.
809 1137 840 1182 n.
866 1115 941 1181 249.

168 1219 207 1285 R.
232 1221 263 1285 3.
305 1219 428 1285 Verum
452 1240 656 1302 quacumque
680 1220 935 1287 commutatione
960 1218 1030 1284 siva
1053 1218 1186 1303 propria
1209 1218 1407 1287 auctoritate

78 1307 150 1375 sive
174 1307 398 1374 ecclesiastica
421 1311 588 1392 potestate
611 1308 719 1388 facta,
744 1308 845 1375 ctiam
868 1309 902 1374 in
924 1307 1056 1386 melias,
1087 1310 1190 1375 licebit
1212 1329 1341 1393 semper
1364 1308 1406 1375 ad

78 1419 160 1481 opus
183 1397 334 1480 primitus
357 1397 552 1482 promissum
577 1397 700 1463 redire:
731 1396 793 1463 nisi
823 1401 900 1481 post
922 1397 1211 1464 commutationem
1234 1398 1267 1464 in
1290 1397 1407 1464 melius

78 1507 199 1552 novum
223 1491 336 1552 votum
361 1486 547 1552 accesserit.
595 1486 627 1553 S.
652 1486 770 1572 Alph.
795 1486 817 1554 l.
841 1508 868 1554 c.
894 1509 926 1554 n.
951 1489 1027 1554 248.

168 1599 207 1665 R.
232 1603 263 1668 4.
305 1600 393 1667 Vota
416 1603 588 1666 reservata
612 1600 819 1685 excipiuntur
842 1600 943 1667 etiam
965 1600 999 1666 in
1023 1601 1286 1681 commutatione,
1310 1600 1408 1668 sicuti
1417 1612 1469 1666 279

78 1687 288 1772 excipiuntur
310 1689 344 1753 in
368 1688 627 1772 dispensatione:
658 1690 706 1756 ita
736 1694 774 1757 ut
797 1710 903 1772 neque
926 1691 1058 1775 propria
1081 1691 1279 1758 auctoritate
1303 1712 1408 1773 neque

78 1780 250 1845 ordinaria
282 1781 449 1861 potestate
481 1777 685 1863 superiorum
717 1778 1014 1846 ecclesiasticorum
1045 1780 1239 1847 commutari
1270 1781 1407 1864 possint,

77 1868 141 1934 nisi
165 1867 237 1950 quis
260 1888 302 1934 ea
324 1871 525 1933 commutare
549 1867 631 1933 velit
653 1867 687 1933 in
709 1867 947 1952 professionem
969 1868 1167 1952 religiosam.

168 1983 208 2049 R.
233 1985 264 2049 5.
311 1981 373 2060 Qui
395 1983 523 2066 accepit
546 1983 733 2065 delegatam
756 1986 957 2066 potestatem
981 1984 1194 2050 commutandi
1217 1990 1312 2063 vota,
1344 2005 1408 2050 non

78 2072 180 2138 habet
210 2075 408 2156 potestatem
439 2074 670 2157 dispensandi:
702 2071 775 2138 vice
807 2093 905 2138 versa
937 2072 1046 2139 habet.
1094 2071 1202 2148 Quare
1233 2072 1288 2154 qui
1320 2092 1408 2138 com·

78 2161 228 2227 mutandi
251 2165 379 2228 tantum
411 2159 570 2227 facultate
601 2161 737 2245 potitur,
767 2183 833 2227 non
855 2164 967 2244 potest
989 2182 1071 2245 opas
1097 2161 1281 2227 notabiliter
1302 2161 1409 2228 minus

78 2250 290 2329 substituere,
315 2255 426 2317 tamen
449 2251 687 2332 aliquantulum
711 2249 828 2329 minus,
853 2249 930 2333 quia
953 2250 1036 2316 alias
1059 2253 1148 2316 esset
1170 2271 1224 2315 ras
1247 2251 1410 2334 scrupulis

78 2339 233 2406 obnoxia.
280 2340 312 2406 S.
336 2339 452 2423 Alpa.
476 2338 498 2406 l.
519 2361 546 2405 c.
571 2361 602 2407 n.
624 2342 699 2404 247.

169 2437 324 2503 Facultas
342 2436 577 2520 ,dispensando
594 2439 814 2503 commutare⁴⁸
833 2435 980 2503 admittit
995 2435 1118 2518 aliquid
1134 2436 1283 2520 amplius,
1297 2441 1410 2503 tamen

78 2546 235 2593 excessus
258 2547 323 2591 non
347 2526 445 2591 debet
468 2547 540 2591 esse
564 2526 698 2604 nimius,
729 2547 802 2592 cum
826 2525 1050 2609 principaliter
1073 2526 1192 2592 debeat
1221 2546 1294 2592 esse
1321 2547 1409 2592 com-

79 2615 231 2682 mutatio.

169 2712 277 2777 Maior
309 2711 408 2777 etiam
442 2716 493 2777 est
525 2712 667 2779 facultas
701 2712 949 2791 ,commutando
983 2712 1209 2795 dispensara“:
1243 2733 1327 2794 quae
1359 2717 1411 2779 est

78 2801 305 2956 principaliter
329 2801 545 2885 dispensatio,
576 2802 625 2867 ita
655 2807 766 2869 tamen
797 2806 834 2867 ut
864 2801 975 2903 aliqua
1005 2801 1217 2868 commutatio
1248 2822 1306 2867 seu
1333 2803 1410 2867 sub·

79 2891 210 2974 rogatio
233 2889 366 2973 adiungi
390 2890 519 2968 debeat,
544 2912 647 2973 eaque
671 2913 735 2957 non
759 2890 898 2957 relative
922 2891 1065 2958 minima.

170 3021 223 3086 Aa
246 3025 501 3099 ouaasrruu2
524 3023 563 3088 R.
587 3027 614 3088 l.
662 3023 753 3088 Uta
776 3026 855 3088 voto
879 3022 1116 3089 castitatist
1072 3021 1135 3088 rite
1159 3022 1321 3088 obtineret
1346 3022 1410 3087 Ge·
1395 3034 1472 3089 ·280

79 3111 164 3178 talia
180 3111 455 3195 dispensationem
473 3113 525 3176 vel
543 3112 731 3178 commutat
723 3133 840 3189 renem,
866 3111 977 3177 debuit
993 3111 1035 3176 ad
1054 3110 1288 3176 confessarium
1308 3110 1409 3195 privi-

80 3201 186 3283 legiet
187 3221 240 3265 um
257 3200 413 3265 accedere
429 3222 486 3266 seu
507 3200 549 3266 ad
564 3200 716 3283 aliquem,
742 3201 797 3282 qui
820 3222 840 3266 a
864 3201 896 3267 S.
914 3200 997 3266 Sede
1014 3199 1154 3266 facultat
1139 3203 1205 3265 tem
1224 3198 1408 3281 delegatam

82 3289 294 3375 dispensandi
317 3289 351 3354 in
375 3289 461 3356 votis
484 3289 665 3356 reservatis
688 3290 797 3357 habet.
833 3289 978 3372 Nuptiae
1002 3289 1132 3371 quidem
1156 3287 1287 3355 oblatae
1311 3309 1410 3354 causa

81 3378 291 3463 dispensandi
315 3401 379 3444 non
403 3383 489 3455 sunt,
513 3384 566 3444 est
588 3379 729 3445 tentatio
753 3378 866 3461 gravis
889 3379 1079 3460 Requenter
1102 3398 1285 3444 recurrens.

171 3476 219 3544 Ut
234 3481 403 3560 acceptam
420 3476 656 3542 relaxationem
671 3476 803 3542 Getulis
819 3477 903 3541 bene
917 3475 1101 3559 intellegat,
1119 3475 1291 3542 attendere
1303 3475 1410 3553 debet,

81 3570 193 3632 utrum
216 3566 336 3632 solutio
360 3586 380 3630 a
402 3571 480 3631 voto
505 3569 605 3631 castrt
580 3565 587 3576 '
562 3565 670 3631 titatis
693 3566 737 3630 sit
760 3565 910 3631 absolute
933 3565 1013 3632 data
1036 3585 1154 3630 annon.
1190 3562 1375 3631 communit
1360 3569 1412 3631 ter

81 3654 169 3720 enim
192 3676 258 3720 non
283 3656 380 3721 datur
402 3655 464 3719 nisi
487 3654 521 3718 in
544 3655 657 3719 ordine
680 3655 722 3719 ad
745 3656 802 3720 loeo
824 3654 1066 3720 matrimonium
1087 3653 1219 3808 sinatque
1240 3655 1411 3738 legitimam

82 3768 186 3810 rosum
233 3744 340 3821 Quare
373 3744 405 3827 1)
435 3744 462 3809 si
488 3743 550 3808 aa
537 3743 618 3809 talia
649 3748 724 3809 cont
726 3763 763 3808 ra
794 3743 998 3825 coniugalem
1029 3743 1149 3809 castita
1130 3748 1218 3808 atem
1247 3746 1410 3826 peccaret,

81 3833 181 3899 simul
200 3839 316 3900 contra
331 3837 388 3899 vot
390 3854 443 3898 um
468 3838 632 3986 peccartet,
657 3832 815 3914 siquidem
840 3832 947 3914 quoad
969 3833 1031 3898 hoc
1053 3831 1217 3898 relaxatio
1234 3832 1302 3898 voti
1322 3832 1413 3897 facta

81 3945 147 3988 non
179 3923 238 4000 sit;
270 3922 304 4004 2)
335 3922 363 3988 si
390 3922 476 3989 forte
500 3921 598 3987 marit
600 3943 638 3986 ue
662 3920 772 3988 ante
763 3942 868 4023 ipsam
892 3926 1084 3999 moreretur,
1109 3925 1223 3988 votum
1247 3920 1393 3988 castitat
1369 3927 1413 3987 trs

82 4012 298 4079 revivisceret
321 4015 356 4078 et
379 4033 452 4077 cum
476 4009 545 4076 eius
569 4032 661 4076 leva
663 4009 802 4076 recentia
818 4010 1085 4094 exstingueretur
1101 4010 1257 4094 obligatio
1274 4010 1316 4076 ad
1335 4010 1411 4075 sub-

82 4105 203 4185 rogata
227 4122 337 4186 opera.

173 4207 212 4274 R.
239 4210 267 4272 2.
315 4205 576 4273 Commutatione
600 4204 746 4286 legitime
769 4205 876 4283 facta,
908 4226 989 4289 opus
1012 4206 1225 4287 subrogatum
1260 4205 1320 4270 sub
1344 4206 1411 4271 voti

83 4296 242 4380 religione
259 4294 388 4378 quidem
405 4292 539 4377 obligat,
566 4316 628 4359 non
653 4298 763 4360 tamen
781 4299 895 4360 votum
911 4298 962 4360 eet
985 4299 1206 4369 reservatum
1231 4314 1332 4375 quare
1354 4315 1412 4357 ex·

84 4391 159 4452 orta
174 4406 261 4451 nova
278 4405 378 4451 caasa
394 4385 482 4450 circa
496 4384 576 4449 illud
592 4405 679 4449 nova
695 4384 907 4450 commutatio
925 4384 978 4449 vel
998 4383 1198 4467 dispensatio
1217 4383 1287 4448 fieri
1302 4387 1413 4464 potest

84 4496 143 4559 per
166 4496 256 4550 eum,
289 4475 342 4556 qui
375 4473 571 4539 ordinariam
603 4477 802 4555 potestatem
833 4473 866 4537 in
890 4477 971 4538 vota
1000 4473 1116 4547 habet;
1146 4494 1206 4556 per
1233 4469 1411 4553 simplicem

85 4584 164 4630 vero
181 4562 418 4631 confessarium
441 4562 474 4628 id
498 4561 568 4628 fieri
591 4563 713 4644 nequit,
739 4561 797 4626 sed
820 4582 901 4645 opus
925 4567 976 4628 est
999 4560 1133 4644 speciali
1149 4581 1207 4643 per
1225 4559 1412 4642 episcopum

85 4654 138 4720 vel
162 4655 193 4722 S.
215 4653 333 4721 Sedem
358 4653 493 4718 obtenta
517 4651 687 4717 facultate.
