<?xml version="1.0" encoding="UTF-8"?>
<!DOCTYPE html PUBLIC "-//W3C//DTD XHTML 1.0 Transitional//EN"
    "http://www.w3.org/TR/xhtml1/DTD/xhtml1-transitional.dtd">
<html xmlns="http://www.w3.org/1999/xhtml" xml:lang="en" lang="en">
 <head>
  <title>
</title>
<meta http-equiv="Content-Type" content="text/html;charset=utf-8" />
  <meta name='ocr-system' content='tesseract 3.04.00' />
  <meta name='ocr-capabilities' content='ocr_page ocr_carea ocr_par ocr_line ocrx_word'/>
</head>
<body>
  <div class='ocr_page' id='page_1' title='image "./casusconscienti01lehmgoog_0182.png"; bbox 0 0 3106 5168; ppageno 0'>
   <div class='ocr_carea' id='block_1_1' title="bbox 173 264 1283 336">
    <p class='ocr_par' dir='ltr' id='par_1_1' title="bbox 173 264 1283 336">
     <span class='ocr_line' id='line_1_1' title="bbox 173 264 1283 336; baseline 0 -14"><span class='ocrx_word' id='word_1_1' title='bbox 173 268 236 333; x_wconf 90' lang='grc'>166</span> <span class='ocrx_word' id='word_1_2' title='bbox 385 264 427 320; x_wconf 87' lang='lat' dir='ltr'>De</span> <span class='ocrx_word' id='word_1_3' title='bbox 444 265 592 320; x_wconf 78' lang='lat' dir='ltr'>virtutibus</span> <span class='ocrx_word' id='word_1_4' title='bbox 610 268 639 321; x_wconf 91' lang='lat' dir='ltr'>et</span> <span class='ocrx_word' id='word_1_5' title='bbox 656 265 755 320; x_wconf 81' lang='lat' dir='ltr'>ciliciis</span> <span class='ocrx_word' id='word_1_6' title='bbox 773 283 839 335; x_wconf 87' lang='lat' dir='ltr'>erga</span> <span class='ocrx_word' id='word_1_7' title='bbox 857 265 952 320; x_wconf 89' lang='lat' dir='ltr'>Deum.</span> <span class='ocrx_word' id='word_1_8' title='bbox 972 267 1118 323; x_wconf 81' lang='lat' dir='ltr'>-Virtus</span> <span class='ocrx_word' id='word_1_9' title='bbox 1135 265 1283 336; x_wconf 86' lang='lat' dir='ltr'>religionis.</span> 
     </span>
    </p>
   </div>
   <div class='ocr_carea' id='block_1_2' title="bbox 170 440 1497 954">
    <p class='ocr_par' dir='ltr' id='par_1_2' title="bbox 170 440 1497 954">
     <span class='ocr_line' id='line_1_2' title="bbox 171 440 1496 530; baseline 0 -23"><span class='ocrx_word' id='word_1_10' title='bbox 171 442 273 526; x_wconf 78' lang='lat' dir='ltr'>infra,</span> <span class='ocrx_word' id='word_1_11' title='bbox 296 440 318 508; x_wconf 93' lang='lat' dir='ltr'>i.</span> <span class='ocrx_word' id='word_1_12' title='bbox 336 462 363 509; x_wconf 92' lang='lat' dir='ltr'>e.</span> <span class='ocrx_word' id='word_1_13' title='bbox 388 463 453 530; x_wconf 92' lang='lat' dir='ltr'>non</span> <span class='ocrx_word' id='word_1_14' title='bbox 476 462 525 519; x_wconf 88' lang='lat' dir='ltr'>ea,</span> <span class='ocrx_word' id='word_1_15' title='bbox 550 462 635 523; x_wconf 91' lang='lat' dir='ltr'>quae</span> <span class='ocrx_word' id='word_1_16' title='bbox 657 442 754 526; x_wconf 87' lang='lat' dir='ltr'>plane</span> <span class='ocrx_word' id='word_1_17' title='bbox 777 445 855 507; x_wconf 91' lang='lat' dir='ltr'>sunt</span> <span class='ocrx_word' id='word_1_18' title='bbox 877 441 1007 509; x_wconf 87' lang='lat' dir='ltr'>inutilia</span> <span class='ocrx_word' id='word_1_19' title='bbox 1030 444 1071 508; x_wconf 92' lang='lat' dir='ltr'>ad</span> <span class='ocrx_word' id='word_1_20' title='bbox 1094 444 1192 509; x_wconf 89' lang='lat' dir='ltr'>finem</span> <span class='ocrx_word' id='word_1_21' title='bbox 1215 443 1405 525; x_wconf 78' lang='lat' dir='ltr'>generalem</span> <span class='ocrx_word' id='word_1_22' title='bbox 1421 442 1496 507; x_wconf 90' lang='lat' dir='ltr'>reli-</span> 
     </span>
     <span class='ocr_line' id='line_1_3' title="bbox 170 530 1496 614; baseline 0 -18"><span class='ocrx_word' id='word_1_23' title='bbox 170 531 284 614; x_wconf 86' lang='lat' dir='ltr'>giosae</span> <span class='ocrx_word' id='word_1_24' title='bbox 311 530 401 597; x_wconf 87' lang='lat' dir='ltr'>vitae</span> <span class='ocrx_word' id='word_1_25' title='bbox 431 531 485 596; x_wconf 91' lang='lat' dir='ltr'>vel</span> <span class='ocrx_word' id='word_1_26' title='bbox 515 530 690 614; x_wconf 79' lang='lat' dir='ltr'>specialem</span> <span class='ocrx_word' id='word_1_27' title='bbox 720 530 815 596; x_wconf 92' lang='lat' dir='ltr'>huius</span> <span class='ocrx_word' id='word_1_28' title='bbox 844 530 1004 608; x_wconf 89' lang='lat' dir='ltr'>instituti;</span> <span class='ocrx_word' id='word_1_29' title='bbox 1035 532 1070 614; x_wconf 89' lang='lat'>3)</span> <span class='ocrx_word' id='word_1_30' title='bbox 1093 553 1158 597; x_wconf 92' lang='lat' dir='ltr'>non</span> <span class='ocrx_word' id='word_1_31' title='bbox 1181 540 1301 614; x_wconf 84' lang='lat' dir='ltr'>contro,</span> <span class='ocrx_word' id='word_1_32' title='bbox 1333 531 1354 596; x_wconf 95' lang='lat' dir='ltr'>i.</span> <span class='ocrx_word' id='word_1_33' title='bbox 1380 553 1408 596; x_wconf 92' lang='lat' dir='ltr'>e.</span> <span class='ocrx_word' id='word_1_34' title='bbox 1433 553 1496 597; x_wconf 93' lang='lat' dir='ltr'>non</span> 
     </span>
     <span class='ocr_line' id='line_1_4' title="bbox 171 619 1496 705; baseline 0 -20"><span class='ocrx_word' id='word_1_35' title='bbox 171 641 227 697; x_wconf 89' lang='lat' dir='ltr'>ea,</span> <span class='ocrx_word' id='word_1_36' title='bbox 252 640 336 702; x_wconf 91' lang='lat' dir='ltr'>quae</span> <span class='ocrx_word' id='word_1_37' title='bbox 358 621 454 686; x_wconf 87' lang='lat' dir='ltr'>finem</span> <span class='ocrx_word' id='word_1_38' title='bbox 485 619 577 684; x_wconf 89' lang='lat' dir='ltr'>illum</span> <span class='ocrx_word' id='word_1_39' title='bbox 600 620 691 686; x_wconf 89' lang='lat' dir='ltr'>vitae</span> <span class='ocrx_word' id='word_1_40' title='bbox 713 619 888 703; x_wconf 80' lang='lat' dir='ltr'>religiosae</span> <span class='ocrx_word' id='word_1_41' title='bbox 910 620 965 685; x_wconf 91' lang='lat' dir='ltr'>vel</span> <span class='ocrx_word' id='word_1_42' title='bbox 994 621 1169 705; x_wconf 79' lang='lat' dir='ltr'>specialem</span> <span class='ocrx_word' id='word_1_43' title='bbox 1200 621 1297 686; x_wconf 89' lang='lat' dir='ltr'>finem</span> <span class='ocrx_word' id='word_1_44' title='bbox 1320 619 1496 703; x_wconf 90' lang='lat' dir='ltr'>singularis</span> 
     </span>
     <span class='ocr_line' id='line_1_5' title="bbox 171 707 1497 794; baseline 0 -20"><span class='ocrx_word' id='word_1_45' title='bbox 171 708 293 774; x_wconf 88' lang='lat' dir='ltr'>ordinis</span> <span class='ocrx_word' id='word_1_46' title='bbox 322 707 466 775; x_wconf 85' lang='lat' dir='ltr'>violant:</span> <span class='ocrx_word' id='word_1_47' title='bbox 496 730 593 792; x_wconf 88' lang='lat' dir='ltr'>posse</span> <span class='ocrx_word' id='word_1_48' title='bbox 621 713 734 775; x_wconf 88' lang='lat' dir='ltr'>tamen</span> <span class='ocrx_word' id='word_1_49' title='bbox 764 708 797 773; x_wconf 94' lang='lat' dir='ltr'>in</span> <span class='ocrx_word' id='word_1_50' title='bbox 826 708 1018 791; x_wconf 88' lang='lat' dir='ltr'>quibusdam</span> <span class='ocrx_word' id='word_1_51' title='bbox 1047 709 1171 793; x_wconf 87' lang='lat' dir='ltr'>regulis</span> <span class='ocrx_word' id='word_1_52' title='bbox 1200 709 1401 794; x_wconf 87' lang='lat' dir='ltr'>superiorem</span> <span class='ocrx_word' id='word_1_53' title='bbox 1432 709 1497 774; x_wconf 91' lang='lat' dir='ltr'>dis·</span> 
     </span>
     <span class='ocr_line' id='line_1_6' title="bbox 170 797 1496 882; baseline -0.001 -18"><span class='ocrx_word' id='word_1_54' title='bbox 170 818 310 882; x_wconf 90' lang='lat' dir='ltr'>pensare</span> <span class='ocrx_word' id='word_1_55' title='bbox 338 818 378 863; x_wconf 91' lang='lat' dir='ltr'>ae</span> <span class='ocrx_word' id='word_1_56' title='bbox 408 797 503 882; x_wconf 92' lang='lat' dir='ltr'>proin</span> <span class='ocrx_word' id='word_1_57' title='bbox 533 798 632 865; x_wconf 88' lang='lat' dir='ltr'>etiam</span> <span class='ocrx_word' id='word_1_58' title='bbox 656 797 783 877; x_wconf 91' lang='lat' dir='ltr'>iubere,</span> <span class='ocrx_word' id='word_1_59' title='bbox 811 818 896 880; x_wconf 89' lang='lat' dir='ltr'>quae</span> <span class='ocrx_word' id='word_1_60' title='bbox 917 797 958 863; x_wconf 90' lang='lat' dir='ltr'>iis</span> <span class='ocrx_word' id='word_1_61' title='bbox 981 798 1048 865; x_wconf 90' lang='lat' dir='ltr'>sint</span> <span class='ocrx_word' id='word_1_62' title='bbox 1071 799 1253 877; x_wconf 87' lang='lat' dir='ltr'>contraria,</span> <span class='ocrx_word' id='word_1_63' title='bbox 1283 798 1310 864; x_wconf 93' lang='lat' dir='ltr'>si</span> <span class='ocrx_word' id='word_1_64' title='bbox 1334 798 1496 864; x_wconf 90' lang='lat' dir='ltr'>adfinem</span> 
     </span>
     <span class='ocr_line' id='line_1_7' title="bbox 170 885 470 954; baseline 0.003 -2"><span class='ocrx_word' id='word_1_65' title='bbox 170 887 313 954; x_wconf 90' lang='lat' dir='ltr'>instituti</span> <span class='ocrx_word' id='word_1_66' title='bbox 336 885 470 953; x_wconf 88' lang='lat' dir='ltr'>faciant.</span> 
     </span>
    </p>
   </div>
   <div class='ocr_carea' id='block_1_3' title="bbox 169 991 1497 1609">
    <p class='ocr_par' dir='ltr' id='par_1_3' title="bbox 169 991 1497 1609">
     <span class='ocr_line' id='line_1_8' title="bbox 258 991 1496 1078; baseline -0.002 -19"><span class='ocrx_word' id='word_1_67' title='bbox 258 993 297 1061; x_wconf 89' lang='lat' dir='ltr'>R.</span> <span class='ocrx_word' id='word_1_68' title='bbox 323 994 353 1060; x_wconf 88' lang='lat'>5.</span> <span class='ocrx_word' id='word_1_69' title='bbox 400 992 538 1059; x_wconf 75' lang='lat' dir='ltr'>Praeter</span> <span class='ocrx_word' id='word_1_70' title='bbox 568 997 739 1076; x_wconf 89' lang='lat' dir='ltr'>peccatum</span> <span class='ocrx_word' id='word_1_71' title='bbox 770 991 1032 1059; x_wconf 89' lang='lat' dir='ltr'>inoboedientiae</span> <span class='ocrx_word' id='word_1_72' title='bbox 1064 993 1246 1077; x_wconf 85' lang='lat' dir='ltr'>sacrilegae</span> <span class='ocrx_word' id='word_1_73' title='bbox 1277 992 1496 1078; x_wconf 87' lang='lat' dir='ltr'>particularis,</span> 
     </span>
     <span class='ocr_line' id='line_1_9' title="bbox 169 1080 1496 1166; baseline -0.001 -19"><span class='ocrx_word' id='word_1_74' title='bbox 169 1082 256 1164; x_wconf 89' lang='lat' dir='ltr'>quod</span> <span class='ocrx_word' id='word_1_75' title='bbox 279 1081 455 1149; x_wconf 81' lang='lat' dir='ltr'>committit</span> <span class='ocrx_word' id='word_1_76' title='bbox 477 1080 649 1164; x_wconf 88' lang='lat' dir='ltr'>religiosus</span> <span class='ocrx_word' id='word_1_77' title='bbox 671 1082 917 1165; x_wconf 89' lang='lat' dir='ltr'>transgrediens</span> <span class='ocrx_word' id='word_1_78' title='bbox 946 1082 1104 1148; x_wconf 88' lang='lat' dir='ltr'>mandata</span> <span class='ocrx_word' id='word_1_79' title='bbox 1130 1083 1285 1166; x_wconf 85' lang='lat' dir='ltr'>specialia</span> <span class='ocrx_word' id='word_1_80' title='bbox 1308 1081 1496 1166; x_wconf 89' lang='lat' dir='ltr'>superioris,</span> 
     </span>
     <span class='ocr_line' id='line_1_10' title="bbox 169 1170 1497 1257; baseline 0.001 -21"><span class='ocrx_word' id='word_1_81' title='bbox 169 1175 280 1256; x_wconf 88' lang='lat' dir='ltr'>potest</span> <span class='ocrx_word' id='word_1_82' title='bbox 296 1170 456 1237; x_wconf 89' lang='lat' dir='ltr'>committi</span> <span class='ocrx_word' id='word_1_83' title='bbox 472 1174 643 1255; x_wconf 89' lang='lat' dir='ltr'>peecatum</span> <span class='ocrx_word' id='word_1_84' title='bbox 659 1170 840 1253; x_wconf 89' lang='lat' dir='ltr'>sacrilegae</span> <span class='ocrx_word' id='word_1_85' title='bbox 855 1170 1116 1237; x_wconf 86' lang='lat' dir='ltr'>inoboedientiae</span> <span class='ocrx_word' id='word_1_86' title='bbox 1129 1175 1303 1257; x_wconf 80' lang='lat' dir='ltr'>peneralis:</span> <span class='ocrx_word' id='word_1_87' title='bbox 1320 1172 1352 1253; x_wconf 91' lang='lat' dir='ltr'>l)</span> <span class='ocrx_word' id='word_1_88' title='bbox 1367 1172 1497 1254; x_wconf 87' lang='lat' dir='ltr'>quando</span> 
     </span>
     <span class='ocr_line' id='line_1_11' title="bbox 169 1260 1496 1347; baseline 0 -21"><span class='ocrx_word' id='word_1_89' title='bbox 169 1260 242 1343; x_wconf 90' lang='lat' dir='ltr'>quis</span> <span class='ocrx_word' id='word_1_90' title='bbox 265 1281 301 1326; x_wconf 91' lang='lat' dir='ltr'>se</span> <span class='ocrx_word' id='word_1_91' title='bbox 324 1260 516 1326; x_wconf 91' lang='lat' dir='ltr'>subiectioni</span> <span class='ocrx_word' id='word_1_92' title='bbox 540 1261 704 1326; x_wconf 89' lang='lat' dir='ltr'>subtrabit</span> <span class='ocrx_word' id='word_1_93' title='bbox 726 1281 785 1344; x_wconf 90' lang='lat' dir='ltr'>per</span> <span class='ocrx_word' id='word_1_94' title='bbox 805 1260 918 1344; x_wconf 73' lang='lat' dir='ltr'>sapam</span> <span class='ocrx_word' id='word_1_95' title='bbox 936 1261 990 1325; x_wconf 87' lang='lat' dir='ltr'>vel</span> <span class='ocrx_word' id='word_1_96' title='bbox 1007 1264 1201 1347; x_wconf 78' lang='lat' dir='ltr'>apostasiam</span> <span class='ocrx_word' id='word_1_97' title='bbox 1225 1261 1266 1327; x_wconf 92' lang='lat' dir='ltr'>ab</span> <span class='ocrx_word' id='word_1_98' title='bbox 1289 1260 1418 1336; x_wconf 81' lang='lat' dir='ltr'>ordine3</span> <span class='ocrx_word' id='word_1_99' title='bbox 1444 1261 1496 1326; x_wconf 85' lang='lat' dir='ltr'>vel</span> 
     </span>
     <span class='ocr_line' id='line_1_12' title="bbox 171 1348 1497 1433; baseline 0 -19"><span class='ocrx_word' id='word_1_100' title='bbox 171 1349 205 1431; x_wconf 85' lang='lat'>2)</span> <span class='ocrx_word' id='word_1_101' title='bbox 229 1349 359 1432; x_wconf 90' lang='lat' dir='ltr'>quaudo</span> <span class='ocrx_word' id='word_1_102' title='bbox 383 1349 456 1433; x_wconf 91' lang='lat' dir='ltr'>quis</span> <span class='ocrx_word' id='word_1_103' title='bbox 483 1348 652 1432; x_wconf 81' lang='lat' dir='ltr'>formalem</span> <span class='ocrx_word' id='word_1_104' title='bbox 674 1351 940 1416; x_wconf 77' lang='lat' dir='ltr'>inoboedientiam</span> <span class='ocrx_word' id='word_1_105' title='bbox 963 1349 1152 1427; x_wconf 86' lang='lat' dir='ltr'>committit,</span> <span class='ocrx_word' id='word_1_106' title='bbox 1177 1370 1329 1416; x_wconf 90' lang='lat' dir='ltr'>asserens</span> <span class='ocrx_word' id='word_1_107' title='bbox 1352 1370 1388 1416; x_wconf 92' lang='lat' dir='ltr'>se</span> <span class='ocrx_word' id='word_1_108' title='bbox 1410 1350 1497 1414; x_wconf 92' lang='lat' dir='ltr'>nolle</span> 
     </span>
     <span class='ocr_line' id='line_1_13' title="bbox 170 1436 1497 1522; baseline 0.002 -19"><span class='ocrx_word' id='word_1_109' title='bbox 170 1438 324 1504; x_wconf 89' lang='lat' dir='ltr'>oboedire</span> <span class='ocrx_word' id='word_1_110' title='bbox 346 1438 401 1503; x_wconf 85' lang='lat' dir='ltr'>vel</span> <span class='ocrx_word' id='word_1_111' title='bbox 430 1436 588 1522; x_wconf 90' lang='lat' dir='ltr'>superiori</span> <span class='ocrx_word' id='word_1_112' title='bbox 612 1437 797 1516; x_wconf 87' lang='lat' dir='ltr'>subiacere,</span> <span class='ocrx_word' id='word_1_113' title='bbox 829 1440 1046 1504; x_wconf 77' lang='lat' dir='ltr'>anctoritatem</span> <span class='ocrx_word' id='word_1_114' title='bbox 1069 1446 1283 1505; x_wconf 79' lang='lat' dir='ltr'>contenrnens:</span> <span class='ocrx_word' id='word_1_115' title='bbox 1313 1459 1397 1521; x_wconf 86' lang='lat' dir='ltr'>quae</span> <span class='ocrx_word' id='word_1_116' title='bbox 1421 1443 1497 1505; x_wconf 91' lang='lat' dir='ltr'>sunt</span> 
     </span>
     <span class='ocr_line' id='line_1_14' title="bbox 169 1526 681 1609; baseline -0.002 -16"><span class='ocrx_word' id='word_1_117' title='bbox 169 1549 250 1594; x_wconf 92' lang='lat' dir='ltr'>sane</span> <span class='ocrx_word' id='word_1_118' title='bbox 273 1548 394 1609; x_wconf 87' lang='lat' dir='ltr'>graves</span> <span class='ocrx_word' id='word_1_119' title='bbox 417 1526 488 1592; x_wconf 90' lang='lat' dir='ltr'>voti</span> <span class='ocrx_word' id='word_1_120' title='bbox 511 1526 681 1593; x_wconf 87' lang='lat' dir='ltr'>laesiones.</span> 
     </span>
    </p>
   </div>
   <div class='ocr_carea' id='block_1_4' title="bbox 259 1614 1407 1699">
    <p class='ocr_par' dir='ltr' id='par_1_4' title="bbox 259 1614 1407 1699">
     <span class='ocr_line' id='line_1_15' title="bbox 259 1614 1407 1699; baseline 0 -17"><span class='ocrx_word' id='word_1_121' title='bbox 259 1616 307 1683; x_wconf 81' lang='lat' dir='ltr'>uf.</span> <span class='ocrx_word' id='word_1_122' title='bbox 332 1616 364 1682; x_wconf 90' lang='lat' dir='ltr'>S.</span> <span class='ocrx_word' id='word_1_123' title='bbox 388 1615 506 1699; x_wconf 83' lang='lat' dir='ltr'>Alph.</span> <span class='ocrx_word' id='word_1_124' title='bbox 530 1615 587 1693; x_wconf 88' lang='lat' dir='ltr'>IV,</span> <span class='ocrx_word' id='word_1_125' title='bbox 613 1618 654 1682; x_wconf 87' lang='lat'>38</span> <span class='ocrx_word' id='word_1_126' title='bbox 672 1637 760 1699; x_wconf 87' lang='lat' dir='ltr'>sqq.;</span> <span class='ocrx_word' id='word_1_127' title='bbox 788 1614 1153 1683; x_wconf 91' lang='lat' dir='ltr'>Ballerini-Palm.</span> <span class='ocrx_word' id='word_1_128' title='bbox 1177 1617 1199 1684; x_wconf 89' lang='lat' dir='ltr'>l.</span> <span class='ocrx_word' id='word_1_129' title='bbox 1224 1636 1251 1683; x_wconf 92' lang='lat' dir='ltr'>c.</span> <span class='ocrx_word' id='word_1_130' title='bbox 1275 1637 1307 1681; x_wconf 90' lang='lat' dir='ltr'>n.</span> <span class='ocrx_word' id='word_1_131' title='bbox 1334 1618 1407 1682; x_wconf 84' lang='lat'><strong>173.</strong></span> 
     </span>
    </p>
   </div>
   <div class='ocr_carea' id='block_1_5' title="bbox 104 1728 1499 2702">
    <p class='ocr_par' dir='ltr' id='par_1_5' title="bbox 104 1728 1499 2261">
     <span class='ocr_line' id='line_1_16' title="bbox 104 1728 1498 1813; baseline 0.002 -21"><span class='ocrx_word' id='word_1_132' title='bbox 104 1738 159 1793; x_wconf 77' lang='lat'>331</span> <span class='ocrx_word' id='word_1_133' title='bbox 258 1728 312 1796; x_wconf 83' lang='lat' dir='ltr'>An</span> <span class='ocrx_word' id='word_1_134' title='bbox 336 1750 528 1806; x_wconf 78' lang='lat' dir='ltr'>ousnmmm</span> <span class='ocrx_word' id='word_1_135' title='bbox 552 1732 591 1794; x_wconf 87' lang='grc'>2·</span> <span class='ocrx_word' id='word_1_136' title='bbox 614 1729 653 1795; x_wconf 92' lang='lat' dir='ltr'>R.</span> <span class='ocrx_word' id='word_1_137' title='bbox 676 1733 705 1800; x_wconf 86' lang='lat'>1.</span> <span class='ocrx_word' id='word_1_138' title='bbox 752 1729 843 1807; x_wconf 85' lang='lat' dir='ltr'>Quod</span> <span class='ocrx_word' id='word_1_139' title='bbox 872 1729 1016 1796; x_wconf 90' lang='lat' dir='ltr'>Melania</span> <span class='ocrx_word' id='word_1_140' title='bbox 1048 1751 1122 1796; x_wconf 89' lang='lat' dir='ltr'>oum</span> <span class='ocrx_word' id='word_1_141' title='bbox 1151 1728 1367 1813; x_wconf 87' lang='lat' dir='ltr'>superiorissa</span> <span class='ocrx_word' id='word_1_142' title='bbox 1390 1729 1498 1796; x_wconf 89' lang='lat' dir='ltr'>acrius</span> 
     </span>
     <span class='ocr_line' id='line_1_17' title="bbox 170 1818 1497 1901; baseline -0.002 -15"><span class='ocrx_word' id='word_1_143' title='bbox 170 1818 385 1896; x_wconf 89' lang='lat' dir='ltr'>contenderit,</span> <span class='ocrx_word' id='word_1_144' title='bbox 409 1818 585 1884; x_wconf 84' lang='lat' dir='ltr'>videndum</span> <span class='ocrx_word' id='word_1_145' title='bbox 609 1823 669 1897; x_wconf 92' lang='lat' dir='ltr'>est,</span> <span class='ocrx_word' id='word_1_146' title='bbox 693 1839 759 1901; x_wconf 89' lang='lat' dir='ltr'>qua</span> <span class='ocrx_word' id='word_1_147' title='bbox 781 1822 941 1885; x_wconf 79' lang='lat' dir='ltr'>occasione</span> <span class='ocrx_word' id='word_1_148' title='bbox 964 1823 998 1886; x_wconf 99' lang='lat' dir='ltr'>et</span> <span class='ocrx_word' id='word_1_149' title='bbox 1020 1840 1084 1901; x_wconf 94' lang='lat' dir='ltr'>quo</span> <span class='ocrx_word' id='word_1_150' title='bbox 1114 1819 1206 1885; x_wconf 83' lang='lat' dir='ltr'>mado</span> <span class='ocrx_word' id='word_1_151' title='bbox 1235 1819 1267 1883; x_wconf 91' lang='lat' dir='ltr'>id</span> <span class='ocrx_word' id='word_1_152' title='bbox 1290 1818 1417 1887; x_wconf 87' lang='lat' dir='ltr'>fecerit.</span> <span class='ocrx_word' id='word_1_153' title='bbox 1465 1819 1497 1886; x_wconf 86' lang='lat' dir='ltr'>Si</span> 
     </span>
     <span class='ocr_line' id='line_1_18' title="bbox 169 1907 1497 1991; baseline -0.002 -15"><span class='ocrx_word' id='word_1_154' title='bbox 169 1910 219 1976; x_wconf 87' lang='lat' dir='ltr'>ita</span> <span class='ocrx_word' id='word_1_155' title='bbox 241 1908 311 1991; x_wconf 85' lang='lat' dir='ltr'>egit</span> <span class='ocrx_word' id='word_1_156' title='bbox 332 1907 366 1972; x_wconf 93' lang='lat' dir='ltr'>in</span> <span class='ocrx_word' id='word_1_157' title='bbox 390 1912 563 1983; x_wconf 90' lang='lat' dir='ltr'>conventu,</span> <span class='ocrx_word' id='word_1_158' title='bbox 588 1907 643 1973; x_wconf 90' lang='lat' dir='ltr'>ubi</span> <span class='ocrx_word' id='word_1_159' title='bbox 666 1907 815 1991; x_wconf 87' lang='lat' dir='ltr'>singulae</span> <span class='ocrx_word' id='word_1_160' title='bbox 837 1907 871 1972; x_wconf 90' lang='lat' dir='ltr'>in</span> <span class='ocrx_word' id='word_1_161' title='bbox 895 1908 1063 1974; x_wconf 91' lang='lat' dir='ltr'>consilium</span> <span class='ocrx_word' id='word_1_162' title='bbox 1080 1911 1220 1974; x_wconf 91' lang='lat' dir='ltr'>vocatae</span> <span class='ocrx_word' id='word_1_163' title='bbox 1236 1912 1342 1985; x_wconf 90' lang='lat' dir='ltr'>erant,</span> <span class='ocrx_word' id='word_1_164' title='bbox 1366 1912 1497 1974; x_wconf 90' lang='lat' dir='ltr'>contra·</span> 
     </span>
     <span class='ocr_line' id='line_1_19' title="bbox 168 1996 1498 2082; baseline -0.001 -19"><span class='ocrx_word' id='word_1_165' title='bbox 168 1997 306 2063; x_wconf 91' lang='lat' dir='ltr'>dicendo</span> <span class='ocrx_word' id='word_1_166' title='bbox 330 2017 394 2062; x_wconf 93' lang='lat' dir='ltr'>nou</span> <span class='ocrx_word' id='word_1_167' title='bbox 418 1997 584 2080; x_wconf 86' lang='lat' dir='ltr'>peccavit,</span> <span class='ocrx_word' id='word_1_168' title='bbox 616 1997 643 2062; x_wconf 95' lang='lat' dir='ltr'>si</span> <span class='ocrx_word' id='word_1_169' title='bbox 666 2017 785 2062; x_wconf 84' lang='lat' dir='ltr'>revera</span> <span class='ocrx_word' id='word_1_170' title='bbox 814 1996 846 2062; x_wconf 91' lang='lat' dir='ltr'>in</span> <span class='ocrx_word' id='word_1_171' title='bbox 875 2017 910 2062; x_wconf 90' lang='lat' dir='ltr'>re</span> <span class='ocrx_word' id='word_1_172' title='bbox 933 1997 1102 2080; x_wconf 89' lang='lat' dir='ltr'>proposita</span> <span class='ocrx_word' id='word_1_173' title='bbox 1125 1997 1309 2064; x_wconf 86' lang='lat' dir='ltr'>contrariae</span> <span class='ocrx_word' id='word_1_174' title='bbox 1332 2000 1406 2063; x_wconf 91' lang='lat' dir='ltr'>erat</span> <span class='ocrx_word' id='word_1_175' title='bbox 1429 1996 1498 2082; x_wconf 91' lang='lat' dir='ltr'>opi·</span> 
     </span>
     <span class='ocr_line' id='line_1_20' title="bbox 168 2086 1499 2170; baseline 0 -18"><span class='ocrx_word' id='word_1_176' title='bbox 168 2087 293 2164; x_wconf 89' lang='lat' dir='ltr'>nionis;</span> <span class='ocrx_word' id='word_1_177' title='bbox 328 2086 436 2170; x_wconf 93' lang='lat' dir='ltr'>potuit</span> <span class='ocrx_word' id='word_1_178' title='bbox 469 2106 607 2170; x_wconf 89' lang='lat' dir='ltr'>peccare</span> <span class='ocrx_word' id='word_1_179' title='bbox 638 2087 731 2151; x_wconf 85' lang='lat' dir='ltr'>modo</span> <span class='ocrx_word' id='word_1_180' title='bbox 763 2088 985 2169; x_wconf 77' lang='lat' dir='ltr'>immoderato,</span> <span class='ocrx_word' id='word_1_181' title='bbox 1021 2089 1169 2152; x_wconf 91' lang='lat' dir='ltr'>attamen</span> <span class='ocrx_word' id='word_1_182' title='bbox 1203 2086 1236 2151; x_wconf 92' lang='lat' dir='ltr'>id</span> <span class='ocrx_word' id='word_1_183' title='bbox 1270 2107 1346 2152; x_wconf 90' lang='lat' dir='ltr'>raro</span> <span class='ocrx_word' id='word_1_184' title='bbox 1379 2088 1499 2152; x_wconf 90' lang='lat' dir='ltr'>evadet</span> 
     </span>
     <span class='ocr_line' id='line_1_21' title="bbox 169 2176 515 2261; baseline -0.006 -19"><span class='ocrx_word' id='word_1_185' title='bbox 169 2180 341 2261; x_wconf 89' lang='lat' dir='ltr'>peccatum</span> <span class='ocrx_word' id='word_1_186' title='bbox 367 2176 515 2241; x_wconf 89' lang='lat' dir='ltr'>mortale.</span> 
     </span>
    </p>

    <p class='ocr_par' dir='ltr' id='par_1_6' title="bbox 170 2262 1499 2702">
     <span class='ocr_line' id='line_1_22' title="bbox 260 2262 1499 2346; baseline -0.002 -15"><span class='ocrx_word' id='word_1_187' title='bbox 260 2265 294 2331; x_wconf 85' lang='lat' dir='ltr'>Si</span> <span class='ocrx_word' id='word_1_188' title='bbox 317 2286 396 2331; x_wconf 90' lang='lat' dir='ltr'>vero</span> <span class='ocrx_word' id='word_1_189' title='bbox 413 2264 575 2346; x_wconf 88' lang='lat' dir='ltr'>agebatur</span> <span class='ocrx_word' id='word_1_190' title='bbox 597 2263 638 2329; x_wconf 89' lang='lat' dir='ltr'>de</span> <span class='ocrx_word' id='word_1_191' title='bbox 661 2262 701 2328; x_wconf 92' lang='lat' dir='ltr'>iis</span> <span class='ocrx_word' id='word_1_192' title='bbox 724 2262 979 2329; x_wconf 90' lang='lat' dir='ltr'>circumstantiis</span> <span class='ocrx_word' id='word_1_193' title='bbox 1002 2267 1037 2330; x_wconf 91' lang='lat' dir='ltr'>et</span> <span class='ocrx_word' id='word_1_194' title='bbox 1058 2263 1165 2342; x_wconf 91' lang='lat' dir='ltr'>rebus,</span> <span class='ocrx_word' id='word_1_195' title='bbox 1191 2263 1277 2329; x_wconf 92' lang='lat' dir='ltr'>circa</span> <span class='ocrx_word' id='word_1_196' title='bbox 1292 2284 1375 2345; x_wconf 90' lang='lat' dir='ltr'>quas</span> <span class='ocrx_word' id='word_1_197' title='bbox 1399 2264 1499 2330; x_wconf 90' lang='lat' dir='ltr'>solius</span> 
     </span>
     <span class='ocr_line' id='line_1_23' title="bbox 170 2352 1498 2439; baseline -0.001 -19"><span class='ocrx_word' id='word_1_198' title='bbox 170 2353 405 2439; x_wconf 88' lang='lat' dir='ltr'>superiorissae</span> <span class='ocrx_word' id='word_1_199' title='bbox 429 2358 502 2420; x_wconf 90' lang='lat' dir='ltr'>erat</span> <span class='ocrx_word' id='word_1_200' title='bbox 524 2356 681 2432; x_wconf 88' lang='lat' dir='ltr'>statuere,</span> <span class='ocrx_word' id='word_1_201' title='bbox 706 2353 777 2418; x_wconf 90' lang='lat' dir='ltr'>sola</span> <span class='ocrx_word' id='word_1_202' title='bbox 800 2352 1016 2419; x_wconf 91' lang='lat' dir='ltr'>contradictio</span> <span class='ocrx_word' id='word_1_203' title='bbox 1034 2352 1180 2419; x_wconf 91' lang='lat' dir='ltr'>continet</span> <span class='ocrx_word' id='word_1_204' title='bbox 1198 2356 1370 2437; x_wconf 85' lang='lat' dir='ltr'>peecatum</span> <span class='ocrx_word' id='word_1_205' title='bbox 1389 2353 1498 2419; x_wconf 90' lang='lat' dir='ltr'>laesae</span> 
     </span>
     <span class='ocr_line' id='line_1_24' title="bbox 170 2441 1498 2526; baseline -0.001 -18"><span class='ocrx_word' id='word_1_206' title='bbox 170 2443 401 2510; x_wconf 86' lang='lat' dir='ltr'>observantiae</span> <span class='ocrx_word' id='word_1_207' title='bbox 424 2463 505 2526; x_wconf 89' lang='lat' dir='ltr'>erga</span> <span class='ocrx_word' id='word_1_208' title='bbox 527 2441 774 2519; x_wconf 86' lang='lat' dir='ltr'>auctoritatem,</span> <span class='ocrx_word' id='word_1_209' title='bbox 806 2445 905 2524; x_wconf 89' lang='lat' dir='ltr'>atque</span> <span class='ocrx_word' id='word_1_210' title='bbox 927 2441 1056 2507; x_wconf 84' lang='lat' dir='ltr'>facilius</span> <span class='ocrx_word' id='word_1_211' title='bbox 1079 2462 1178 2523; x_wconf 89' lang='lat' dir='ltr'>quam</span> <span class='ocrx_word' id='word_1_212' title='bbox 1199 2441 1233 2506; x_wconf 90' lang='lat' dir='ltr'>in</span> <span class='ocrx_word' id='word_1_213' title='bbox 1256 2441 1365 2525; x_wconf 90' lang='lat' dir='ltr'>priore</span> <span class='ocrx_word' id='word_1_214' title='bbox 1388 2463 1498 2526; x_wconf 91' lang='lat' dir='ltr'>sump-</span> 
     </span>
     <span class='ocr_line' id='line_1_25' title="bbox 171 2530 1497 2615; baseline -0.002 -17"><span class='ocrx_word' id='word_1_215' title='bbox 171 2533 276 2610; x_wconf 88' lang='lat' dir='ltr'>tione,</span> <span class='ocrx_word' id='word_1_216' title='bbox 307 2531 450 2598; x_wconf 83' lang='lat' dir='ltr'>maxime</span> <span class='ocrx_word' id='word_1_217' title='bbox 481 2552 522 2597; x_wconf 91' lang='lat' dir='ltr'>ex</span> <span class='ocrx_word' id='word_1_218' title='bbox 552 2531 706 2596; x_wconf 91' lang='lat' dir='ltr'>seandalo</span> <span class='ocrx_word' id='word_1_219' title='bbox 731 2530 825 2610; x_wconf 87' lang='lat' dir='ltr'>dato,</span> <span class='ocrx_word' id='word_1_220' title='bbox 857 2531 997 2596; x_wconf 86' lang='lat' dir='ltr'>evadere</span> <span class='ocrx_word' id='word_1_221' title='bbox 1020 2534 1131 2615; x_wconf 90' lang='lat' dir='ltr'>potest</span> <span class='ocrx_word' id='word_1_222' title='bbox 1152 2534 1324 2614; x_wconf 89' lang='lat' dir='ltr'>peccatum</span> <span class='ocrx_word' id='word_1_223' title='bbox 1347 2532 1497 2609; x_wconf 88' lang='lat' dir='ltr'>mortale,</span> 
     </span>
     <span class='ocr_line' id='line_1_26' title="bbox 171 2617 830 2702; baseline -0.003 -14"><span class='ocrx_word' id='word_1_224' title='bbox 171 2624 320 2688; x_wconf 89' lang='lat' dir='ltr'>attamen</span> <span class='ocrx_word' id='word_1_225' title='bbox 342 2642 384 2686; x_wconf 93' lang='lat' dir='ltr'>ne</span> <span class='ocrx_word' id='word_1_226' title='bbox 407 2625 477 2688; x_wconf 93' lang='lat' dir='ltr'>tum</span> <span class='ocrx_word' id='word_1_227' title='bbox 501 2619 631 2702; x_wconf 92' lang='lat' dir='ltr'>quidem</span> <span class='ocrx_word' id='word_1_228' title='bbox 653 2619 703 2686; x_wconf 87' lang='lat' dir='ltr'>ita</span> <span class='ocrx_word' id='word_1_229' title='bbox 725 2617 830 2686; x_wconf 86' lang='lat' dir='ltr'>facile.</span> 
     </span>
    </p>
   </div>
   <div class='ocr_carea' id='block_1_6' title="bbox 170 2725 1500 3255">
    <p class='ocr_par' dir='ltr' id='par_1_7' title="bbox 170 2725 1500 3255">
     <span class='ocr_line' id='line_1_27' title="bbox 259 2725 1498 2810; baseline -0.002 -17"><span class='ocrx_word' id='word_1_230' title='bbox 259 2727 298 2794; x_wconf 90' lang='lat' dir='ltr'>R.</span> <span class='ocrx_word' id='word_1_231' title='bbox 324 2730 354 2795; x_wconf 85' lang='lat'>2.</span> <span class='ocrx_word' id='word_1_232' title='bbox 401 2727 454 2792; x_wconf 84' lang='lat' dir='ltr'>Ex</span> <span class='ocrx_word' id='word_1_233' title='bbox 483 2748 522 2792; x_wconf 88' lang='lat' dir='ltr'>eo</span> <span class='ocrx_word' id='word_1_234' title='bbox 546 2727 630 2809; x_wconf 91' lang='lat' dir='ltr'>quod</span> <span class='ocrx_word' id='word_1_235' title='bbox 654 2725 870 2810; x_wconf 90' lang='lat' dir='ltr'>superiorissa</span> <span class='ocrx_word' id='word_1_236' title='bbox 893 2725 988 2792; x_wconf 91' lang='lat' dir='ltr'>iussit</span> <span class='ocrx_word' id='word_1_237' title='bbox 1010 2725 1186 2792; x_wconf 90' lang='lat' dir='ltr'>Melaniam</span> <span class='ocrx_word' id='word_1_238' title='bbox 1209 2725 1325 2804; x_wconf 90' lang='lat' dir='ltr'>silere,</span> <span class='ocrx_word' id='word_1_239' title='bbox 1356 2727 1498 2790; x_wconf 91' lang='lat' dir='ltr'>nondum</span> 
     </span>
     <span class='ocr_line' id='line_1_28' title="bbox 171 2814 1499 2899; baseline -0.001 -18"><span class='ocrx_word' id='word_1_240' title='bbox 171 2815 336 2899; x_wconf 89' lang='lat' dir='ltr'>colligitur</span> <span class='ocrx_word' id='word_1_241' title='bbox 366 2815 398 2881; x_wconf 91' lang='lat' dir='ltr'>id</span> <span class='ocrx_word' id='word_1_242' title='bbox 428 2815 529 2881; x_wconf 88' lang='lat' dir='ltr'>fuisse</span> <span class='ocrx_word' id='word_1_243' title='bbox 559 2816 750 2881; x_wconf 88' lang='lat' dir='ltr'>mandatum</span> <span class='ocrx_word' id='word_1_244' title='bbox 773 2815 844 2880; x_wconf 90' lang='lat' dir='ltr'>veri</span> <span class='ocrx_word' id='word_1_245' title='bbox 867 2815 1023 2894; x_wconf 90' lang='lat' dir='ltr'>nominis,</span> <span class='ocrx_word' id='word_1_246' title='bbox 1057 2814 1148 2880; x_wconf 91' lang='lat' dir='ltr'>cuius</span> <span class='ocrx_word' id='word_1_247' title='bbox 1171 2814 1306 2879; x_wconf 87' lang='lat' dir='ltr'>violatio</span> <span class='ocrx_word' id='word_1_248' title='bbox 1332 2837 1369 2879; x_wconf 78' lang='lat' dir='ltr'>ee</span> <span class='ocrx_word' id='word_1_249' title='bbox 1391 2837 1425 2880; x_wconf 84' lang='lat' dir='ltr'>se</span> <span class='ocrx_word' id='word_1_250' title='bbox 1457 2815 1499 2881; x_wconf 89' lang='lat' dir='ltr'>sit</span> 
     </span>
     <span class='ocr_line' id='line_1_29' title="bbox 171 2902 1500 2987; baseline 0 -18"><span class='ocrx_word' id='word_1_251' title='bbox 171 2904 306 2972; x_wconf 87' lang='lat' dir='ltr'>violatio</span> <span class='ocrx_word' id='word_1_252' title='bbox 322 2905 392 2972; x_wconf 91' lang='lat' dir='ltr'>voti</span> <span class='ocrx_word' id='word_1_253' title='bbox 408 2904 649 2971; x_wconf 90' lang='lat' dir='ltr'>oboedientiae:</span> <span class='ocrx_word' id='word_1_254' title='bbox 673 2904 772 2970; x_wconf 90' lang='lat' dir='ltr'>immo</span> <span class='ocrx_word' id='word_1_255' title='bbox 791 2903 819 2969; x_wconf 91' lang='lat' dir='ltr'>si</span> <span class='ocrx_word' id='word_1_256' title='bbox 835 2904 1050 2987; x_wconf 90' lang='lat' dir='ltr'>superiorissa</span> <span class='ocrx_word' id='word_1_257' title='bbox 1068 2903 1148 2968; x_wconf 92' lang='lat' dir='ltr'>nihil</span> <span class='ocrx_word' id='word_1_258' title='bbox 1164 2902 1299 2980; x_wconf 88' lang='lat' dir='ltr'>addidit,</span> <span class='ocrx_word' id='word_1_259' title='bbox 1323 2902 1386 2969; x_wconf 91' lang='lat' dir='ltr'>dici</span> <span class='ocrx_word' id='word_1_260' title='bbox 1403 2903 1500 2969; x_wconf 88' lang='lat' dir='ltr'>debet</span> 
     </span>
     <span class='ocr_line' id='line_1_30' title="bbox 171 2992 1498 3079; baseline -0.001 -20"><span class='ocrx_word' id='word_1_261' title='bbox 171 3016 234 3060; x_wconf 91' lang='lat' dir='ltr'>non</span> <span class='ocrx_word' id='word_1_262' title='bbox 255 2995 367 3079; x_wconf 81' lang='lat' dir='ltr'>fnisse.</span> <span class='ocrx_word' id='word_1_263' title='bbox 414 2993 632 3059; x_wconf 88' lang='lat' dir='ltr'>Nihilominus</span> <span class='ocrx_word' id='word_1_264' title='bbox 654 2993 736 3059; x_wconf 90' lang='lat' dir='ltr'>haec</span> <span class='ocrx_word' id='word_1_265' title='bbox 760 2992 1006 3060; x_wconf 85' lang='lat' dir='ltr'>circumstantia</span> <span class='ocrx_word' id='word_1_266' title='bbox 1029 2992 1351 3076; x_wconf 90' lang='lat' dir='ltr'>peccaminositatem</span> <span class='ocrx_word' id='word_1_267' title='bbox 1368 2997 1498 3059; x_wconf 89' lang='lat' dir='ltr'>contra·</span> 
     </span>
     <span class='ocr_line' id='line_1_31' title="bbox 171 3081 1497 3166; baseline -0.001 -18"><span class='ocrx_word' id='word_1_268' title='bbox 171 3082 340 3161; x_wconf 90' lang='lat' dir='ltr'>dictionis,</span> <span class='ocrx_word' id='word_1_269' title='bbox 365 3104 462 3166; x_wconf 90' lang='lat' dir='ltr'>quam</span> <span class='ocrx_word' id='word_1_270' title='bbox 492 3082 635 3148; x_wconf 89' lang='lat' dir='ltr'>Melania</span> <span class='ocrx_word' id='word_1_271' title='bbox 658 3083 817 3160; x_wconf 90' lang='lat' dir='ltr'>ostendit,</span> <span class='ocrx_word' id='word_1_272' title='bbox 850 3087 939 3148; x_wconf 90' lang='lat' dir='ltr'>certe</span> <span class='ocrx_word' id='word_1_273' title='bbox 970 3082 1064 3148; x_wconf 89' lang='lat' dir='ltr'>auxit</span> <span class='ocrx_word' id='word_1_274' title='bbox 1092 3081 1285 3163; x_wconf 86' lang='lat' dir='ltr'>faciliusque</span> <span class='ocrx_word' id='word_1_275' title='bbox 1308 3082 1497 3148; x_wconf 87' lang='lat' dir='ltr'>scandalum</span> 
     </span>
     <span class='ocr_line' id='line_1_32' title="bbox 170 3172 354 3255; baseline 0.005 -17"><span class='ocrx_word' id='word_1_276' title='bbox 170 3172 354 3255; x_wconf 89' lang='lat' dir='ltr'>generavit.</span> 
     </span>
    </p>
   </div>
   <div class='ocr_carea' id='block_1_7' title="bbox 170 3267 1499 4066">
    <p class='ocr_par' dir='ltr' id='par_1_8' title="bbox 170 3267 1499 3975">
     <span class='ocr_line' id='line_1_33' title="bbox 259 3267 1499 3351; baseline -0.002 -16"><span class='ocrx_word' id='word_1_277' title='bbox 259 3270 299 3337; x_wconf 91' lang='lat' dir='ltr'>R.</span> <span class='ocrx_word' id='word_1_278' title='bbox 319 3272 350 3336; x_wconf 85' lang='lat'>3.</span> <span class='ocrx_word' id='word_1_279' title='bbox 390 3268 453 3334; x_wconf 90' lang='lat' dir='ltr'>Sed</span> <span class='ocrx_word' id='word_1_280' title='bbox 477 3289 518 3334; x_wconf 89' lang='lat' dir='ltr'>ne</span> <span class='ocrx_word' id='word_1_281' title='bbox 541 3271 611 3334; x_wconf 90' lang='lat' dir='ltr'>tum</span> <span class='ocrx_word' id='word_1_282' title='bbox 628 3267 767 3350; x_wconf 88' lang='lat' dir='ltr'>quidem,</span> <span class='ocrx_word' id='word_1_283' title='bbox 792 3268 921 3351; x_wconf 83' lang='lat' dir='ltr'>quando</span> <span class='ocrx_word' id='word_1_284' title='bbox 938 3268 1154 3351; x_wconf 86' lang='lat' dir='ltr'>superiorissa</span> <span class='ocrx_word' id='word_1_285' title='bbox 1177 3289 1213 3333; x_wconf 92' lang='lat' dir='ltr'>re</span> <span class='ocrx_word' id='word_1_286' title='bbox 1229 3288 1309 3333; x_wconf 92' lang='lat' dir='ltr'>vera</span> <span class='ocrx_word' id='word_1_287' title='bbox 1325 3288 1368 3332; x_wconf 86' lang='lat' dir='ltr'>ex</span> <span class='ocrx_word' id='word_1_288' title='bbox 1384 3270 1499 3333; x_wconf 90' lang='lat' dir='ltr'>saneta</span> 
     </span>
     <span class='ocr_line' id='line_1_34' title="bbox 171 3356 1497 3436; baseline -0.003 -11"><span class='ocrx_word' id='word_1_289' title='bbox 171 3357 379 3425; x_wconf 89' lang='lat' dir='ltr'>oboedientia</span> <span class='ocrx_word' id='word_1_290' title='bbox 409 3358 574 3423; x_wconf 89' lang='lat' dir='ltr'>silentium</span> <span class='ocrx_word' id='word_1_291' title='bbox 606 3357 763 3436; x_wconf 83' lang='lat' dir='ltr'>iniunxit,</span> <span class='ocrx_word' id='word_1_292' title='bbox 794 3357 859 3423; x_wconf 91' lang='lat' dir='ltr'>iam</span> <span class='ocrx_word' id='word_1_293' title='bbox 888 3361 1018 3436; x_wconf 81' lang='lat' dir='ltr'>constat</span> <span class='ocrx_word' id='word_1_294' title='bbox 1047 3357 1224 3422; x_wconf 89' lang='lat' dir='ltr'>Melaniam</span> <span class='ocrx_word' id='word_1_295' title='bbox 1247 3356 1497 3423; x_wconf 90' lang='lat' dir='ltr'>contradicendo</span> 
     </span>
     <span class='ocr_line' id='line_1_35' title="bbox 170 3446 1497 3534; baseline -0.002 -21"><span class='ocrx_word' id='word_1_296' title='bbox 170 3450 310 3534; x_wconf 74' lang='lat' dir='ltr'>praviter</span> <span class='ocrx_word' id='word_1_297' title='bbox 332 3467 504 3532; x_wconf 88' lang='lat' dir='ltr'>peccasse;</span> <span class='ocrx_word' id='word_1_298' title='bbox 537 3468 614 3512; x_wconf 86' lang='lat' dir='ltr'>nam</span> <span class='ocrx_word' id='word_1_299' title='bbox 636 3447 664 3511; x_wconf 94' lang='lat' dir='ltr'>si</span> <span class='ocrx_word' id='word_1_300' title='bbox 688 3447 795 3511; x_wconf 93' lang='lat' dir='ltr'>animo</span> <span class='ocrx_word' id='word_1_301' title='bbox 819 3446 964 3512; x_wconf 87' lang='lat' dir='ltr'>excitato</span> <span class='ocrx_word' id='word_1_302' title='bbox 988 3468 1087 3511; x_wconf 91' lang='lat' dir='ltr'>unum</span> <span class='ocrx_word' id='word_1_303' title='bbox 1111 3447 1294 3512; x_wconf 90' lang='lat' dir='ltr'>alterumve</span> <span class='ocrx_word' id='word_1_304' title='bbox 1318 3446 1497 3520; x_wconf 89' lang='lat' dir='ltr'>verbulum,</span> 
     </span>
     <span class='ocr_line' id='line_1_36' title="bbox 172 3533 1497 3619; baseline -0.004 -16"><span class='ocrx_word' id='word_1_305' title='bbox 172 3537 272 3603; x_wconf 90' lang='lat' dir='ltr'>etiam</span> <span class='ocrx_word' id='word_1_306' title='bbox 287 3536 419 3614; x_wconf 90' lang='lat' dir='ltr'>iterato,</span> <span class='ocrx_word' id='word_1_307' title='bbox 444 3535 637 3618; x_wconf 87' lang='lat' dir='ltr'>aggesserit,</span> <span class='ocrx_word' id='word_1_308' title='bbox 661 3534 695 3599; x_wconf 93' lang='lat' dir='ltr'>id</span> <span class='ocrx_word' id='word_1_309' title='bbox 719 3557 761 3600; x_wconf 86' lang='lat' dir='ltr'>ex</span> <span class='ocrx_word' id='word_1_310' title='bbox 784 3535 950 3618; x_wconf 83' lang='lat' dir='ltr'>parvitate</span> <span class='ocrx_word' id='word_1_311' title='bbox 967 3535 1125 3601; x_wconf 90' lang='lat' dir='ltr'>materiae</span> <span class='ocrx_word' id='word_1_312' title='bbox 1148 3555 1207 3618; x_wconf 91' lang='lat' dir='ltr'>pro</span> <span class='ocrx_word' id='word_1_313' title='bbox 1226 3537 1362 3619; x_wconf 87' lang='lat' dir='ltr'>peccato</span> <span class='ocrx_word' id='word_1_314' title='bbox 1379 3533 1497 3600; x_wconf 85' lang='lat' dir='ltr'>veniali</span> 
     </span>
     <span class='ocr_line' id='line_1_37' title="bbox 172 3623 1499 3700; baseline -0.003 -9"><span class='ocrx_word' id='word_1_315' title='bbox 172 3629 287 3691; x_wconf 90' lang='lat' dir='ltr'>contra</span> <span class='ocrx_word' id='word_1_316' title='bbox 310 3630 424 3692; x_wconf 91' lang='lat' dir='ltr'>votum</span> <span class='ocrx_word' id='word_1_317' title='bbox 447 3624 632 3689; x_wconf 90' lang='lat' dir='ltr'>habendum</span> <span class='ocrx_word' id='word_1_318' title='bbox 663 3628 732 3700; x_wconf 88' lang='lat' dir='ltr'>est;</span> <span class='ocrx_word' id='word_1_319' title='bbox 763 3624 791 3688; x_wconf 94' lang='lat' dir='ltr'>si</span> <span class='ocrx_word' id='word_1_320' title='bbox 821 3628 932 3690; x_wconf 92' lang='lat' dir='ltr'>autem</span> <span class='ocrx_word' id='word_1_321' title='bbox 963 3624 1047 3690; x_wconf 90' lang='lat' dir='ltr'>serio</span> <span class='ocrx_word' id='word_1_322' title='bbox 1078 3627 1112 3689; x_wconf 92' lang='lat' dir='ltr'>et</span> <span class='ocrx_word' id='word_1_323' title='bbox 1142 3623 1263 3689; x_wconf 91' lang='lat' dir='ltr'>diutius</span> <span class='ocrx_word' id='word_1_324' title='bbox 1292 3644 1403 3689; x_wconf 90' lang='lat' dir='ltr'>coram</span> <span class='ocrx_word' id='word_1_325' title='bbox 1428 3623 1499 3690; x_wconf 88' lang='lat' dir='ltr'>aliis</span> 
     </span>
     <span class='ocr_line' id='line_1_38' title="bbox 172 3712 1498 3797; baseline -0.002 -17"><span class='ocrx_word' id='word_1_326' title='bbox 172 3714 410 3797; x_wconf 89' lang='lat' dir='ltr'>oppositionem</span> <span class='ocrx_word' id='word_1_327' title='bbox 433 3713 522 3791; x_wconf 89' lang='lat' dir='ltr'>fecit,</span> <span class='ocrx_word' id='word_1_328' title='bbox 547 3713 688 3779; x_wconf 88' lang='lat' dir='ltr'>materia</span> <span class='ocrx_word' id='word_1_329' title='bbox 711 3714 805 3779; x_wconf 88' lang='lat' dir='ltr'>adest</span> <span class='ocrx_word' id='word_1_330' title='bbox 828 3735 892 3779; x_wconf 91' lang='lat' dir='ltr'>non</span> <span class='ocrx_word' id='word_1_331' title='bbox 917 3713 1009 3789; x_wconf 90' lang='lat' dir='ltr'>levis,</span> <span class='ocrx_word' id='word_1_332' title='bbox 1034 3734 1074 3778; x_wconf 89' lang='lat' dir='ltr'>ae</span> <span class='ocrx_word' id='word_1_333' title='bbox 1097 3713 1199 3797; x_wconf 90' lang='lat' dir='ltr'>proin,</span> <span class='ocrx_word' id='word_1_334' title='bbox 1234 3712 1261 3777; x_wconf 90' lang='lat' dir='ltr'>si</span> <span class='ocrx_word' id='word_1_335' title='bbox 1285 3712 1498 3797; x_wconf 87' lang='lat' dir='ltr'>superiorissa</span> 
     </span>
     <span class='ocr_line' id='line_1_39' title="bbox 172 3801 1497 3886; baseline -0.002 -18"><span class='ocrx_word' id='word_1_336' title='bbox 172 3824 287 3869; x_wconf 88' lang='lat' dir='ltr'>severe</span> <span class='ocrx_word' id='word_1_337' title='bbox 302 3801 501 3869; x_wconf 89' lang='lat' dir='ltr'>auctoritate</span> <span class='ocrx_word' id='word_1_338' title='bbox 520 3823 580 3867; x_wconf 89' lang='lat' dir='ltr'>sua</span> <span class='ocrx_word' id='word_1_339' title='bbox 598 3823 659 3868; x_wconf 88' lang='lat' dir='ltr'>usa</span> <span class='ocrx_word' id='word_1_340' title='bbox 673 3802 783 3879; x_wconf 86' lang='lat' dir='ltr'>fuerit,</span> <span class='ocrx_word' id='word_1_341' title='bbox 807 3802 950 3868; x_wconf 89' lang='lat' dir='ltr'>Melania</span> <span class='ocrx_word' id='word_1_342' title='bbox 966 3802 1114 3886; x_wconf 86' lang='lat' dir='ltr'>graviter</span> <span class='ocrx_word' id='word_1_343' title='bbox 1130 3806 1245 3868; x_wconf 89' lang='lat' dir='ltr'>contra</span> <span class='ocrx_word' id='word_1_344' title='bbox 1260 3801 1497 3869; x_wconf 88' lang='lat' dir='ltr'>oboedientiam</span> 
     </span>
     <span class='ocr_line' id='line_1_40' title="bbox 173 3891 614 3975; baseline -0.002 -17"><span class='ocrx_word' id='word_1_345' title='bbox 173 3893 307 3975; x_wconf 91' lang='lat' dir='ltr'>eiusque</span> <span class='ocrx_word' id='word_1_346' title='bbox 329 3896 443 3958; x_wconf 90' lang='lat' dir='ltr'>votum</span> <span class='ocrx_word' id='word_1_347' title='bbox 467 3891 614 3973; x_wconf 89' lang='lat' dir='ltr'>deliquit.</span> 
     </span>
    </p>

    <p class='ocr_par' dir='ltr' id='par_1_9' title="bbox 262 3978 1497 4066">
     <span class='ocr_line' id='line_1_41' title="bbox 262 3978 1497 4066; baseline -0.002 -19"><span class='ocrx_word' id='word_1_348' title='bbox 262 3981 461 4066; x_wconf 86' lang='lat' dir='ltr'>Suppouitur</span> <span class='ocrx_word' id='word_1_349' title='bbox 483 3983 593 4046; x_wconf 88' lang='lat' dir='ltr'>autem</span> <span class='ocrx_word' id='word_1_350' title='bbox 617 3979 866 4063; x_wconf 88' lang='lat' dir='ltr'>superiorissam</span> <span class='ocrx_word' id='word_1_351' title='bbox 895 3983 966 4045; x_wconf 81' lang='lat' dir='ltr'>inre</span> <span class='ocrx_word' id='word_1_352' title='bbox 993 3979 1139 4063; x_wconf 93' lang='lat' dir='ltr'>potuisse</span> <span class='ocrx_word' id='word_1_353' title='bbox 1163 3978 1297 4061; x_wconf 85' lang='lat' dir='ltr'>exigere</span> <span class='ocrx_word' id='word_1_354' title='bbox 1324 3979 1497 4046; x_wconf 91' lang='lat' dir='ltr'>silentium.</span> 
     </span>
    </p>
   </div>
   <div class='ocr_carea' id='block_1_8' title="bbox 110 4086 1498 4706">
    <p class='ocr_par' dir='ltr' id='par_1_10' title="bbox 110 4086 1498 4706">
     <span class='ocr_line' id='line_1_42' title="bbox 110 4086 1498 4170; baseline -0.004 -16"><span class='ocrx_word' id='word_1_355' title='bbox 110 4093 162 4148; x_wconf 79' lang='lat'>332</span> <span class='ocrx_word' id='word_1_356' title='bbox 262 4090 301 4155; x_wconf 89' lang='lat' dir='ltr'>R.</span> <span class='ocrx_word' id='word_1_357' title='bbox 332 4093 363 4155; x_wconf 78' lang='lat'>4.</span> <span class='ocrx_word' id='word_1_358' title='bbox 422 4088 512 4165; x_wconf 86' lang='lat' dir='ltr'>Quod</span> <span class='ocrx_word' id='word_1_359' title='bbox 547 4087 690 4152; x_wconf 88' lang='lat' dir='ltr'>Melania</span> <span class='ocrx_word' id='word_1_360' title='bbox 724 4091 840 4169; x_wconf 85' lang='lat' dir='ltr'>postea</span> <span class='ocrx_word' id='word_1_361' title='bbox 874 4086 961 4170; x_wconf 90' lang='lat' dir='ltr'>apud</span> <span class='ocrx_word' id='word_1_362' title='bbox 997 4087 1094 4151; x_wconf 88' lang='lat' dir='ltr'>aliam</span> <span class='ocrx_word' id='word_1_363' title='bbox 1130 4106 1276 4150; x_wconf 90' lang='lat' dir='ltr'>sororem</span> <span class='ocrx_word' id='word_1_364' title='bbox 1309 4087 1498 4153; x_wconf 91' lang='lat' dir='ltr'>mandatum</span> 
     </span>
     <span class='ocr_line' id='line_1_43' title="bbox 172 4175 1497 4263; baseline -0.003 -19"><span class='ocrx_word' id='word_1_365' title='bbox 172 4179 407 4263; x_wconf 89' lang='lat' dir='ltr'>superiorissae</span> <span class='ocrx_word' id='word_1_366' title='bbox 425 4175 637 4259; x_wconf 91' lang='lat' dir='ltr'>contempsit:</span> <span class='ocrx_word' id='word_1_367' title='bbox 662 4176 764 4241; x_wconf 86' lang='lat' dir='ltr'>verba</span> <span class='ocrx_word' id='word_1_368' title='bbox 787 4176 868 4259; x_wconf 90' lang='lat' dir='ltr'>ipsa,</span> <span class='ocrx_word' id='word_1_369' title='bbox 893 4176 921 4240; x_wconf 93' lang='lat' dir='ltr'>si</span> <span class='ocrx_word' id='word_1_370' title='bbox 945 4197 1055 4240; x_wconf 89' lang='lat' dir='ltr'>coram</span> <span class='ocrx_word' id='word_1_371' title='bbox 1075 4175 1290 4259; x_wconf 85' lang='lat' dir='ltr'>superiorissa</span> <span class='ocrx_word' id='word_1_372' title='bbox 1312 4176 1367 4240; x_wconf 91' lang='lat' dir='ltr'>vel</span> <span class='ocrx_word' id='word_1_373' title='bbox 1391 4196 1497 4242; x_wconf 88' lang='lat' dir='ltr'>coram</span> 
     </span>
     <span class='ocr_line' id='line_1_44' title="bbox 173 4265 1497 4351; baseline -0.004 -16"><span class='ocrx_word' id='word_1_374' title='bbox 173 4269 253 4347; x_wconf 89' lang='lat' dir='ltr'>alia,</span> <span class='ocrx_word' id='word_1_375' title='bbox 284 4289 368 4351; x_wconf 94' lang='lat' dir='ltr'>quae</span> <span class='ocrx_word' id='word_1_376' title='bbox 390 4267 423 4332; x_wconf 90' lang='lat' dir='ltr'>id</span> <span class='ocrx_word' id='word_1_377' title='bbox 447 4265 682 4349; x_wconf 85' lang='lat' dir='ltr'>superiorissae</span> <span class='ocrx_word' id='word_1_378' title='bbox 705 4265 849 4344; x_wconf 89' lang='lat' dir='ltr'>nuntiet,</span> <span class='ocrx_word' id='word_1_379' title='bbox 880 4265 1012 4349; x_wconf 84' lang='lat' dir='ltr'>prolata</span> <span class='ocrx_word' id='word_1_380' title='bbox 1035 4265 1172 4341; x_wconf 86' lang='lat' dir='ltr'>fuerint,</span> <span class='ocrx_word' id='word_1_381' title='bbox 1204 4285 1306 4345; x_wconf 86' lang='lat' dir='ltr'>grave</span> <span class='ocrx_word' id='word_1_382' title='bbox 1330 4270 1497 4348; x_wconf 90' lang='lat' dir='ltr'>peccatum</span> 
     </span>
     <span class='ocr_line' id='line_1_45' title="bbox 173 4354 1497 4424; baseline -0.005 -1"><span class='ocrx_word' id='word_1_383' title='bbox 173 4359 321 4424; x_wconf 87' lang='lat' dir='ltr'>formalis</span> <span class='ocrx_word' id='word_1_384' title='bbox 344 4355 604 4422; x_wconf 91' lang='lat' dir='ltr'>inoboedientiae</span> <span class='ocrx_word' id='word_1_385' title='bbox 628 4355 786 4420; x_wconf 90' lang='lat' dir='ltr'>denotant</span> <span class='ocrx_word' id='word_1_386' title='bbox 816 4359 850 4421; x_wconf 88' lang='lat' dir='ltr'>et</span> <span class='ocrx_word' id='word_1_387' title='bbox 880 4354 1057 4421; x_wconf 91' lang='lat' dir='ltr'>continent.</span> <span class='ocrx_word' id='word_1_388' title='bbox 1105 4354 1137 4418; x_wconf 86' lang='lat' dir='ltr'>Si</span> <span class='ocrx_word' id='word_1_389' title='bbox 1164 4374 1273 4418; x_wconf 89' lang='lat' dir='ltr'>coram</span> <span class='ocrx_word' id='word_1_390' title='bbox 1298 4354 1364 4419; x_wconf 91' lang='lat' dir='ltr'>alia</span> <span class='ocrx_word' id='word_1_391' title='bbox 1388 4374 1497 4420; x_wconf 88' lang='lat' dir='ltr'>sorore</span> 
     </span>
     <span class='ocr_line' id='line_1_46' title="bbox 173 4442 1498 4532; baseline -0.005 -20"><span class='ocrx_word' id='word_1_392' title='bbox 173 4447 329 4532; x_wconf 90' lang='lat' dir='ltr'>privatim</span> <span class='ocrx_word' id='word_1_393' title='bbox 353 4447 467 4512; x_wconf 89' lang='lat' dir='ltr'>eadem</span> <span class='ocrx_word' id='word_1_394' title='bbox 490 4445 619 4526; x_wconf 91' lang='lat' dir='ltr'>prolata</span> <span class='ocrx_word' id='word_1_395' title='bbox 643 4448 735 4520; x_wconf 90' lang='lat' dir='ltr'>sunt,</span> <span class='ocrx_word' id='word_1_396' title='bbox 768 4443 917 4525; x_wconf 89' lang='lat' dir='ltr'>gravitas</span> <span class='ocrx_word' id='word_1_397' title='bbox 940 4443 1067 4527; x_wconf 84' lang='lat' dir='ltr'>peccati</span> <span class='ocrx_word' id='word_1_398' title='bbox 1091 4442 1215 4508; x_wconf 88' lang='lat' dir='ltr'>desumi</span> <span class='ocrx_word' id='word_1_399' title='bbox 1240 4442 1337 4509; x_wconf 91' lang='lat' dir='ltr'>debet</span> <span class='ocrx_word' id='word_1_400' title='bbox 1359 4443 1498 4509; x_wconf 84' lang='lat' dir='ltr'>maxime</span> 
     </span>
     <span class='ocr_line' id='line_1_47' title="bbox 174 4531 1497 4617; baseline -0.004 -16"><span class='ocrx_word' id='word_1_401' title='bbox 174 4557 216 4601; x_wconf 86' lang='lat' dir='ltr'>ex</span> <span class='ocrx_word' id='word_1_402' title='bbox 239 4540 355 4615; x_wconf 74' lang='lat' dir='ltr'>aniano,</span> <span class='ocrx_word' id='word_1_403' title='bbox 380 4555 443 4617; x_wconf 91' lang='lat' dir='ltr'>quo</span> <span class='ocrx_word' id='word_1_404' title='bbox 468 4533 534 4598; x_wconf 91' lang='lat' dir='ltr'>sint</span> <span class='ocrx_word' id='word_1_405' title='bbox 556 4533 695 4616; x_wconf 84' lang='lat' dir='ltr'>prolata.</span> <span class='ocrx_word' id='word_1_406' title='bbox 732 4532 820 4597; x_wconf 89' lang='lat' dir='ltr'>Nam</span> <span class='ocrx_word' id='word_1_407' title='bbox 843 4532 871 4596; x_wconf 92' lang='lat' dir='ltr'>si</span> <span class='ocrx_word' id='word_1_408' title='bbox 895 4554 933 4598; x_wconf 92' lang='lat' dir='ltr'>eo</span> <span class='ocrx_word' id='word_1_409' title='bbox 958 4532 1074 4609; x_wconf 87' lang='lat' dir='ltr'>animo,</span> <span class='ocrx_word' id='word_1_410' title='bbox 1100 4531 1185 4613; x_wconf 89' lang='lat' dir='ltr'>quod</span> <span class='ocrx_word' id='word_1_411' title='bbox 1201 4532 1306 4615; x_wconf 92' lang='lat' dir='ltr'>ipsam</span> <span class='ocrx_word' id='word_1_412' title='bbox 1322 4553 1392 4597; x_wconf 91' lang='lat' dir='ltr'>rem</span> <span class='ocrx_word' id='word_1_413' title='bbox 1408 4554 1497 4598; x_wconf 89' lang='lat' dir='ltr'>man-</span> 
     </span>
     <span class='ocr_line' id='line_1_48' title="bbox 174 4620 1496 4706; baseline -0.004 -17"><span class='ocrx_word' id='word_1_414' title='bbox 174 4626 286 4691; x_wconf 90' lang='lat' dir='ltr'>datam</span> <span class='ocrx_word' id='word_1_415' title='bbox 310 4623 453 4690; x_wconf 87' lang='lat' dir='ltr'>Melania</span> <span class='ocrx_word' id='word_1_416' title='bbox 475 4622 644 4706; x_wconf 92' lang='lat' dir='ltr'>putaverit</span> <span class='ocrx_word' id='word_1_417' title='bbox 668 4642 740 4687; x_wconf 89' lang='lat' dir='ltr'>esse</span> <span class='ocrx_word' id='word_1_418' title='bbox 762 4620 896 4687; x_wconf 87' lang='lat' dir='ltr'>levioris</span> <span class='ocrx_word' id='word_1_419' title='bbox 919 4622 1088 4699; x_wconf 87' lang='lat' dir='ltr'>momenti,</span> <span class='ocrx_word' id='word_1_420' title='bbox 1113 4641 1197 4703; x_wconf 88' lang='lat' dir='ltr'>quae</span> <span class='ocrx_word' id='word_1_421' title='bbox 1221 4620 1305 4687; x_wconf 92' lang='lat' dir='ltr'>serio</span> <span class='ocrx_word' id='word_1_422' title='bbox 1329 4621 1414 4687; x_wconf 91' lang='lat' dir='ltr'>sumi</span> <span class='ocrx_word' id='word_1_423' title='bbox 1437 4642 1496 4686; x_wconf 90' lang='lat' dir='ltr'>non</span> 
     </span>
    </p>
   </div>
   <div class='ocr_carea' id='block_1_9' title="bbox 0 0 1561 5168">
    <p class='ocr_par' dir='ltr' id='par_1_11' title="bbox 0 0 1561 5168">
     <span class='ocr_line' id='line_1_49' title="bbox 0 0 1561 5168; baseline 0 0"><span class='ocrx_word' id='word_1_424' title='bbox 0 0 1561 5168; x_wconf 95' lang='lat' dir='ltr'> </span> 
     </span>
    </p>
   </div>
  </div>
 </body>
</html>
