3106 5168
479 273 586 343 Regula
603 283 705 330 remoto
723 293 773 330 seu
790 277 850 329 lex:
868 274 1042 346 dispensatio.
1383 280 1424 344 57

93 449 238 534 parocho
262 449 495 517 accommodet.
542 451 653 517 Verba
680 452 909 530 „mandamus“
936 473 979 517 ex
1002 473 1038 518 se
1061 452 1191 535 quidem
1213 457 1425 537 praeceptum

94 539 225 617 dicunt3
250 539 309 604 sed
332 543 442 606 utrum
465 538 510 607 sit
532 561 637 622 grave
660 562 702 607 an
718 541 802 617 leve,
827 540 954 606 desumi
969 541 1067 608 debet
1083 562 1126 606 ex
1142 541 1290 608 materia.
1330 542 1425 608 Com·

94 627 239 695 munitor
270 632 380 695 autem
413 627 562 711 agnitum
586 634 638 697 est
664 630 771 712 legem
795 629 949 697 ritualem
972 630 1012 696 de
1035 633 1136 696 colore
1159 635 1423 715 paramentorum

93 738 161 783 non
184 736 258 782 esee
287 738 355 783 rem
379 738 526 798 gravem.
573 717 605 786 S.
629 719 747 802 Alph.
773 719 835 796 VI,
861 720 943 797 378,
967 719 1042 784 dub.
1067 722 1104 795 5;
1135 719 1286 785 similiter
1309 719 1360 786 dic
1384 720 1425 785 de

94 806 172 897 aliis
200 806 307 872 rebus.
363 804 479 889 Neque
510 808 610 873 verba
645 828 735 884 „esse
765 807 903 874 abusum
934 807 1183 874 eliminandum“
1218 808 1258 875 de
1287 808 1359 874 sola
1388 831 1424 875 re

95 895 193 979 gravi
216 894 421 962 adhibentur.

185 1001 225 1068 R.
243 1002 273 1067 3.
312 1000 554 1068 Universaliter
576 1006 686 1068 autem
710 1002 901 1086 agnoscitur
923 1023 977 1069 res
998 1003 1073 1086 lege
1096 1003 1239 1087 positiva
1254 1003 1487 1069 Ecclesiaellt

95 1091 216 1157 leviter
230 1089 411 1174 prohibitas
434 1112 531 1175 posse
555 1112 598 1156 ex
613 1092 767 1176 graviore
789 1091 901 1175 aliqua
923 1092 1051 1158 ratione
1067 1091 1197 1158 omnino
1220 1091 1329 1159 licitas
1345 1112 1423 1157 eva·

94 1180 184 1246 dere.
222 1178 389 1244 Eiusmodi
414 1201 513 1246 causa
534 1201 615 1246 sane
638 1184 690 1246 est
712 1181 917 1266 perturbatio
940 1180 1030 1265 pacis
1053 1203 1127 1247 cum
1141 1182 1284 1265 parocho
1301 1186 1335 1247 et
1351 1202 1424 1247 cum

94 1267 303 1354 parochianis
326 1268 491 1335 evitanda.
539 1269 628 1352 Ergo
655 1291 698 1336 ex
728 1271 789 1335 bac
816 1271 888 1337 sola
916 1270 1045 1338 ratione
1068 1270 1217 1336 Leander
1246 1292 1359 1337 secure
1389 1275 1424 1336 et

94 1358 168 1423 sine
190 1358 342 1441 scrupulo
366 1379 402 1423 se
423 1357 458 1423 in
481 1357 532 1423 his
555 1358 652 1424 rebus
674 1359 852 1425 levioribus
875 1360 1017 1444 parocho
1041 1363 1152 1442 potest
1168 1360 1423 1426 accommodare.

95 1446 202 1512 Multo
218 1446 325 1528 magis
339 1445 450 1530 igitur,
475 1446 504 1512 si
519 1447 605 1513 forte
628 1447 755 1514 accedit
771 1448 925 1515 diuturna
941 1448 1157 1527 consuetudo;
1182 1469 1279 1531 quam
1295 1470 1336 1515 ne
1352 1449 1424 1533 ipsa

95 1536 228 1618 quidem
240 1535 459 1618 Congregatio
471 1536 601 1602 auferre
613 1536 763 1604 intendit.
780 1537 1008 1621 Imprudenter
1020 1536 1128 1621 potius
1137 1536 1286 1603 Leander
1298 1542 1423 1621 ageret,

94 1625 125 1691 si
156 1624 265 1691 omnia
295 1624 515 1691 adamussim
540 1625 650 1691 verbis
674 1626 879 1692 decretorum
903 1626 935 1694 S.
960 1626 1077 1709 Gongr.
1107 1626 1288 1692 reformare
1312 1626 1423 1693 vellet.

95 1715 252 1780 Praestat
286 1715 341 1778 lex
375 1715 536 1780 naturalis
571 1715 754 1780 servandae
788 1716 879 1799 pacis
914 1719 948 1782 et
985 1715 1187 1782 concordiae.
1245 1715 1293 1782 uf.
1329 1716 1423 1782 Deer.

95 1806 130 1871 S.
147 1804 187 1868 R.
207 1804 240 1868 0.
264 1805 300 1868 in
323 1804 501 1889 Solisburp.
527 1802 662 1882 (collect.
687 1805 852 1871 Gardell.8
875 1826 906 1870 n.
932 1804 1033 1886 5531)
1057 1804 1087 1871 d.
1105 1804 1136 1872 d.
1155 1806 1196 1869 15
1213 1804 1308 1871 Febr.
1328 1807 1423 1883 1873,

95 1912 161 1975 quo
185 1892 217 1958 S.
242 1891 275 1960 C.
299 1892 425 1958 servari
449 1892 619 1958 mandavit
642 1893 907 1959 consuetudinem
936 1901 1060 1960 anteat
1088 1901 1157 1979 post
1186 1893 1425 1977 expositionem

96 1980 170 2048 SS¹li
200 1983 235 2046 et
264 1984 340 2065 post
370 1981 578 2048 distributam
609 1982 640 2049 S.
665 1982 929 2048 Communionem
960 1981 1087 2048 dandae
1118 2003 1192 2048 cum
1222 1983 1277 2049 SS.
1306 1983 1425 2049 Sacra·

94 2074 208 2136 mento
238 2069 488 2223 blenedictionis,
520 2091 717 2153 quamquam
747 2075 921 2154 utrumque
952 2075 1003 2138 est
1033 2075 1148 2138 contra
1173 2073 1265 2153 leges
1288 2072 1424 2140 rituales

94 2179 251 2225 universa
265 2179 311 2226 es.

515 2335 803 2404 DISPENSATIO
828 2336 858 2403 A
881 2336 1007 2404 LEGE.

662 2501 773 2569 casus.
801 2508 860 2578 (aa)

186 2651 324 2722 Laelius,
353 2671 419 2711 cum
447 2670 535 2727 aegre
563 2653 642 2711 ferat
661 2651 818 2725 ieiunium,
847 2653 911 2712 adit
930 2654 1091 2730 parocbum
1113 2651 1304 2729 dispensandi
1326 2671 1425 2710 eausa.

95 2732 252 2792 Parachus
271 2730 354 2791 videt
374 2732 490 2807 quidem
511 2732 599 2791 aliam
621 2752 741 2792 causam
762 2752 821 2792 non
842 2735 983 2804 subesse,
1011 2733 1070 2792 nisi
1090 2733 1167 2810 quod
1188 2731 1308 2791 Laelius
1329 2732 1425 2808 ipsum

96 2812 201 2873 ieiunii
228 2812 443 2872 incommodum
471 2831 560 2888 aegre
588 2813 673 2872 ferat.
714 2812 759 2871 Ne
780 2832 851 2872 vero
880 2833 946 2873 eum
974 2814 1146 2885 contristet,
1175 2813 1425 2888 dispensationem

97 2892 244 2954 concedit.
270 2925 309 2933 -
334 2892 419 2951 Alias
440 2892 525 2951 initio
547 2893 798 2968 Quadragesimae
819 2893 895 2953 febri
916 2899 1070 2970 correptus
1091 2892 1342 2970 dispensationem
1363 2897 1426 2951 tum

97 2993 116 3033 a
137 2972 248 3032 ieiunio
269 2978 331 3042 tum
352 2973 390 3031 ab
411 2972 592 3032 abstinentia
613 2973 748 3032 obtinuit.
783 2973 855 3032 Mox
873 2993 891 3032 a
911 2977 1012 3034 morbo
1033 2980 1185 3034 recreatus
1206 2972 1426 3049 dispensatione

96 3060 199 3132 tamen
226 3072 280 3131 per
306 3057 401 3112 totum
427 3052 682 3129 quadragesimale
709 3060 826 3130 tempus
854 3055 954 3114 utitur.
980 3087 1013 3096 —
1042 3053 1120 3113 Dein
1140 3053 1177 3112 ad
1204 3052 1425 3128 legitimandam

97 3134 211 3211 prolem
239 3132 297 3193 sibi
323 3152 361 3192 ex
383 3135 471 3192 Anna
499 3137 599 3191 natam
628 3133 756 3192 obtinuit
785 3133 1036 3209 dispensationem
1065 3137 1102 3193 ab
1133 3133 1279 3192 affinitate
1303 3131 1426 3191 secundi

97 3214 210 3291 gradm
231 3219 262 3272 et
283 3232 301 3271 a
319 3218 390 3272 voto
412 3212 561 3272 eastitatis
582 3213 612 3271 in
634 3213 736 3273 ordine
757 3213 795 3272 ad
815 3213 974 3273 ineundum
994 3213 1213 3273 matrimonium
1234 3232 1299 3273 cum
1320 3213 1425 3271 Anna:

98 3313 200 3354 verum
216 3298 286 3353 ante
302 3293 519 3352 matrimonium
534 3298 727 3362 contractum,
750 3293 847 3366 immo,
869 3300 902 3354 ut
916 3299 1020 3371 postea
1034 3298 1126 3371 patet,
1148 3299 1217 3353 ante
1233 3292 1425 3370 dispensatio-

97 3394 166 3434 nem
187 3394 205 3433 a
227 3373 409 3434 confessario
430 3373 620 3450 applicatam,
641 3374 740 3450 proles
760 3374 899 3446 moritur;
921 3374 1137 3434 matrimonium
1158 3393 1229 3433 vero
1249 3374 1350 3433 initur.

99 3488 278 3560 Qusnmrnn
301 3492 329 3546 1⁰
354 3488 420 3565 quis
440 3488 537 3565 possit
557 3488 588 3546 in
609 3490 674 3564 lege
696 3488 877 3565 dispensare.

298 3578 329 3637 2⁰
355 3577 423 3653 quid
443 3577 619 3652 requiratur,
641 3582 675 3636 ut
694 3577 775 3636 licite
797 3582 828 3637 et
848 3577 945 3637 valide
967 3577 1163 3653 dispensetur.

299 3669 329 3727 3⁰
355 3666 481 3743 quidde
502 3666 627 3741 singulis
649 3666 920 3743 dispensationibus
941 3666 1043 3726 Laelio
1065 3666 1143 3725 datis
1164 3664 1326 3725 dicendum.

697 3849 833 3917 Salutio.

189 3999 243 4066 An
267 4021 459 4077 onsasmuu
484 4004 522 4065 1ΣΕ
545 4000 584 4066 R.
607 4001 635 4067 1.
681 3999 746 4065 Per
775 4021 811 4065 se
840 3999 896 4065 ille
924 3997 1073 4083 superior
1102 3997 1191 4063 solus
1220 4000 1331 4081 potest
1360 3996 1488 4062 dis-115

98 4111 250 4178 pensare,
275 4089 330 4173 qui
359 4090 467 4172 legem
496 4089 582 4167 tulit,
613 4089 668 4154 vel
697 4089 766 4155 eius
795 4089 829 4154 in
858 4108 992 4153 munere
1022 4107 1206 4153 successor:
1237 4086 1271 4152 iu
1300 4085 1427 4169 legibus

100 4179 272 4247 Ecclesiae
302 4178 541 4244 universalibus
570 4179 659 4243 solus
689 4178 728 4243 R.
753 4177 917 4245 Pontifex.
963 4178 1121 4243 Attamen
1149 4197 1192 4241 en
1219 4174 1427 4241 concessione

99 4292 159 4337 seu
189 4269 344 4352 delegata
372 4272 539 4352 potestate
571 4267 593 4332 ii
625 4267 810 4351 superiores
841 4266 1029 4333 immediate
1058 4266 1248 4349 dispensare
1278 4268 1427 4349 possunt,

100 4359 219 4444 quibus
242 4378 399 4441 expresse
421 4357 476 4422 vel
498 4356 600 4422 tacite
624 4356 830 4422 commissum
854 4361 915 4422 est.

190 4465 232 4533 R.
256 4467 286 4530 2.
332 4462 419 4529 Hinc
448 4462 592 4547 episcopi
622 4463 722 4528 etiam
754 4461 825 4527 sine
856 4460 990 4544 speciali
1020 4459 1193 4544 privilegio
1226 4460 1361 4541 accepto
1394 4457 1427 4522 in

100 4555 229 4640 legibus
252 4552 475 4620 communibus
499 4553 687 4635 frequenter
711 4549 955 4617 occurrentibus
985 4572 1056 4615 cum
1079 4551 1214 4634 einp-alis
1237 4547 1427 4630 dispensare

99 4649 256 4732 possunt,
289 4646 390 4724 atque
418 4641 559 4725 praelati
588 4640 758 4724 regulares
790 4661 862 4705 cum
894 4637 962 4704 suis
991 4637 1129 4704 subditis
1158 4635 1205 4701 sic
1233 4635 1266 4699 in
1296 4634 1426 4715 ieiunio,
