3106 5168
167 289 231 354 368
304 286 345 340 De
364 287 512 342 virtutibus
530 291 558 342 et
576 287 674 342 officiis
692 304 758 356 erga
775 287 906 342 homines.
927 317 959 326 —
978 286 1030 342 011.
1048 287 1120 342 circa
1138 286 1208 342 bona
1226 289 1350 342 externa.

384 505 646 572 RESTITUTIO
669 506 730 571 EX
752 505 997 573 SUFFRAGIO
1020 505 1116 572 NON
1140 507 1269 574 DATO.

720 661 830 727 02222.
858 667 934 735 (225)

254 801 356 872 Iulius,
379 820 456 860 unus
477 822 516 860 22
529 802 679 879 deputatis
700 803 878 862 consiliariis
899 803 1135 879 municipalibus,
1156 803 1303 862 invitatur
1324 803 1362 862 ad
1386 803 1494 863 sessio·

166 901 248 952 nem,
273 881 303 940 12
325 901 382 958 qua
404 881 558 941 decidatur
578 882 639 941 litis
661 883 840 943 contestatio
861 883 938 942 inter
958 883 1146 961 municipium
1168 889 1198 943 st
1218 883 1396 956 ecclesiam,
1419 903 1494 960 quas

165 981 184 1020 a
198 962 357 1038 municipio
378 962 488 1021 iniuste
508 968 644 1022 movetur
664 969 793 1038 atquae,
816 963 842 1021 si
862 963 899 1021 ad
920 963 1050 1022 tribunal
1071 962 1158 1022 civile
1173 963 1333 1036 deferatur,
1356 969 1442 1023 certo
1457 965 1493 1023 ob

164 1042 247 1116 leges
268 1042 395 1101 iniustas
417 1048 520 1101 contra
542 1042 698 1102 ecclesiam
719 1043 845 1102 finietur,
880 1043 974 1102 Iulius
995 1044 1089 1102 abest.
1131 1041 1195 1112 Quo
1216 1043 1258 1113 fit,
1281 1050 1315 1103 ut
1335 1062 1399 1103 una
1420 1062 1493 1102 2222

165 1141 255 1198 supra
283 1123 471 1181 medietatem
500 1122 537 1181 lis
566 1128 671 1182 contra
691 1123 847 1182 ecclesiam
868 1123 1035 1194 decidatur,
1064 1142 1146 1193 cum,
1175 1123 1201 1182 si
1223 1122 1316 1183 Iulius
1344 1123 1495 1182 adfuisset

164 1209 254 1278 atque
275 1222 328 1278 pro
349 1207 434 1278 parts
455 1201 601 1261 ecclesiae
623 1203 767 1273 stetisset,
788 1203 862 1261 baec
883 1203 913 1260 in
934 1202 1063 1279 paritate
1077 1207 1213 1262 votorum
1233 1203 1392 1262 incolumis
1414 1223 1493 1262 man·

164 1282 263 1342 sisset.
288 1316 322 1323 -
346 1282 485 1342 Similiter
505 1283 567 1357 egit
587 1283 618 1340 in
640 1283 698 1342 alia
720 1302 819 1354 causa,
844 1283 873 1341 in
895 1302 952 1359 qua
972 1282 1163 1359 municipium
1183 1289 1288 1342 contra
1309 1283 1432 1360 aliquod
1452 1283 1494 1342 in·

164 1362 300 1421 stitutum
322 1361 464 1421 iniustum
485 1362 621 1421 damnum
644 1369 690 1421 est
711 1382 839 1438 passum.

117 1474 119 1478 ⁸
166 1474 343 1544 Qusamrun
365 1478 394 1534 1⁰
420 1475 469 1551 qui
490 1494 546 1551 quo
568 1475 669 1534 ordine
691 1481 850 1534 teneantur
869 1476 906 1534 ad
927 1475 1153 1535 restitutionem.

363 1575 393 1632 2⁰
419 1572 503 1649 quid,
526 1573 551 1632 si
572 1573 671 1650 plures
693 1575 875 1645 abfuissent,
897 1594 1018 1650 quorum
1039 1574 1150 1650 singuli
1170 1574 1363 1634 suffecissent
1383 1575 1421 1633 ad
1443 1575 1494 1634 im-

418 1654 562 1729 pedienda
584 1654 636 1712 illa
658 1654 772 1713 damna.

759 1840 894 1907 Solutio.

104 1998 156 2052 729
254 1981 307 2045 An
330 2001 521 2057 2222222222
546 1984 583 2046 1¹¹¹
608 1980 648 2046 R.
674 1984 702 2047 l.
743 1981 852 2059 Iulius,
876 1982 904 2046 si
928 1986 1059 2048 tenetur
1082 1982 1124 2047 ad
1147 1982 1404 2062 rest‘tutionem,
1429 2006 1493 2049 non

164 2074 298 2137 tenetur
313 2070 373 2135 nisi
397 2070 430 2135 in
447 2071 578 2135 defectu
595 2091 717 2145 sorum,
742 2070 796 2150 qui
813 2070 948 2135 sessioni
963 2070 1184 2136 interfuerunt
1207 2076 1318 2138 21222
1334 2074 1493 2156 suffragio

165 2161 318 2225 damnum
342 2165 529 2225 222222221.
577 2159 621 2223 Η1
645 2159 730 2223 enim
749 2162 886 2244 positivo
911 2159 1040 2224 actione
1069 2159 1222 2225 damnum
1253 2163 1492 2244 produxerunt,

164 2249 265 2314 lulius
289 2249 360 2314 sola
383 2249 541 2331 negativa
564 2267 665 2313 causa
688 2251 754 2323 est;
783 2251 819 2313 21
842 2248 897 2330 qui
920 2249 1075 2329 negative
1097 2248 1248 2327 12112221,
1268 2259 1344 2335 post
1368 2256 1493 2318 22212·

164 2342 284 2403 nentur
306 2338 361 2419 qui
383 2338 417 2402 in
441 2337 578 2402 eundem
604 2337 754 2401 effectum
780 2336 920 2419 positive
942 2336 1153 2402 induxerunt.
1194 2338 1315 2405 11222.
1341 2339 1368 2418 I,
1397 2343 1492 2406 1016.

253 2445 291 2510 R.
317 2446 347 2509 2.
395 2443 513 2508 Utrum
537 2442 638 2506 Iulius
662 2448 836 2524 utcumque
867 2448 1021 2508 teneatur
1043 2443 1085 2507 ad
1108 2442 1353 2511 restitutionem
1379 2467 1492 2524 necne,

164 2533 285 2615 pendet
308 2533 349 2596 ab
373 2532 479 2597 altera
504 2531 704 2612 quaestione,
729 2531 918 2596 debueritne
943 2552 984 2596 ex
1015 2532 1122 2597 officio
1145 2532 1301 2598 damnum
1325 2534 1410 2600 illud
1433 2537 1492 2600 122-

164 2621 276 2703 pedire
299 2641 341 2685 an
365 2641 407 2685 22
431 2620 570 2686 22211212
592 2624 732 2686 tantum.

255 2718 306 2782 Ex
323 2717 430 2781 officio
446 2716 587 2782 debebat
609 2716 775 2799 impedire,
803 2715 835 2797 1)
859 2715 885 2780 si
910 2721 967 2781 aut
989 2716 1060 2800 ipse
1083 2738 1125 2781 ex
1142 2717 1249 2783 officio
1266 2740 1348 2802 erga
1365 2721 1493 2786 damni·

163 2810 279 2871 ficatos
310 2806 445 2870 sessioni
470 2805 601 2871 cuilibet
627 2805 766 2870 debebat
796 2805 972 2880 interesse,
1003 2806 1064 2870 2121
1088 2828 1129 2871 22
1153 2807 1241 2872 12212
1265 2828 1368 2874 22222
1393 2810 1491 2876 122211

163 2900 357 2970 222222122;
388 2899 446 2960 221
477 2893 510 2976 2)
541 2894 568 2958 21
593 2893 863 2959 consiliumillud
891 2894 1061 2959 222111212
1087 2916 1197 2960 222222
1223 2917 1324 2979 agere
1349 2899 1492 2966 debebat

163 2984 373 3060 damnificati,
398 2983 550 3049 videlicet
573 2983 601 3047 si
625 2984 654 3047 ei
676 2982 758 3048 12222
780 2982 955 3048 habitualis
979 3004 1058 3047 2222
1081 2983 1258 3051 incumbat.

250 3082 288 3145 Iu
311 3082 372 3146 boc
396 3103 474 3146 casu
497 3080 608 3156 Iulius,
634 3079 697 3144 2121
721 3079 874 3160 negative
897 3083 1035 3156 tantum,
1061 3085 1171 3147 tamen
1197 3084 1314 3148 1212212
1338 3087 1491 3150 22222211

162 3171 325 3236 damnum.
361 3170 447 3235 Nam
471 3191 544 3234 eum
569 3168 698 3251 reipsa
725 3169 877 3232 damnum
902 3191 1050 3232 22222222
1073 3191 1130 3233 222
1156 3171 1330 3252 efficaciter
1352 3173 1386 3237 in
1412 3174 1491 3239 illud

160 3260 329 3324 1211221222
359 3263 453 3341 patet
483 3279 525 3323 22
556 3278 594 3322 22
626 3257 711 3338 quod
744 3257 847 3320 solum
872 3255 942 3320 iulii
977 3258 1167 3339 suffragium
1197 3260 1427 3341 requireretur
1458 3267 1492 3328 21

161 3349 326 3414 sufficeret
351 3348 392 3412 ad
416 3349 568 3412 damnum
593 3346 671 3410 illud
696 3345 873 3410 efficaciter
896 3346 1144 3428 impediendum.

250 3453 289 3518 R.
315 3456 344 3517 3.
391 3453 507 3533 Neque
532 3450 700 3515 consilium
723 3449 803 3513 illud
826 3449 1037 3532 municipale,
1069 3472 1173 3532 neque
1201 3452 1295 3534 proin
1321 3454 1425 3520 Iulius
1450 3477 1491 3520 ex

161 3562 294 3604 munere
325 3562 383 3604 222
414 3541 544 3622 reipsa
575 3543 646 3603 erat
678 3538 873 3603 constitutus
904 3539 945 3602 ad
975 3540 1178 3620 protegenda
1207 3542 1279 3606 iura
1311 3545 1490 3619 ecclesiae;

161 3650 239 3709 ergo
269 3630 301 3691 in
326 3629 497 3693 ecclesiam
528 3628 647 3693 iniuste
676 3648 741 3690 222
765 3626 832 3707 egit
856 3626 897 3690 ab
921 3627 1007 3690 omni
1033 3629 1161 3692 actione
1185 3630 1396 3716 abstinendo,
1429 3635 1490 3699 etsi

161 3717 309 3797 graviter
332 3717 503 3799 deliquerit
533 3723 648 3782 contra
673 3715 854 3780 caritatem.
901 3715 1016 3797 Neque
1045 3717 1115 3799 ipse
1145 3723 1281 3800 propter
1305 3742 1402 3786 22222
1433 3725 1491 3788 ab·

161 3806 316 3881 sentiam,
348 3807 405 3869 sed
433 3806 548 3887 reliqui
579 3805 633 3886 qui
660 3806 828 3888 positivum
858 3805 1048 3884 suffragium
1072 3806 1223 3870 nocivum
1247 3809 1417 3887 tulerunt,
1449 3813 1490 3877 ad

160 3894 376 3976 reparandum
402 3895 553 3958 damnum
577 3894 696 3958 iniuste
720 3892 847 3956 illatum
870 3896 1033 3958 tenentur.

249 3992 351 4056 122222
370 3992 521 4055 21121122
538 3992 655 4056 debeat
679 3995 852 4069 utcumque
877 4011 918 4053 ex
942 3990 1048 4055 officio
1073 3993 1197 4056 cuilibet
1221 3995 1362 4060 sessioni
1387 3997 1489 4064 inter·

161 4102 241 4157 2222,
267 4102 330 4144 2222
348 4081 476 4144 videtur
492 4081 590 4143 222212
607 4101 678 4143 2222
695 4098 754 4141 222
772 4099 950 4157 congruere
967 4101 1037 4142 2222
1055 4082 1160 4148 modo.
1186 4103 1249 4161 quo
1268 4084 1489 4165 obligationes

160 4170 361 4250 singulorum
385 4170 602 4233 membrorum
627 4166 772 4250 corporis
795 4167 927 4230 22222112
950 4167 1185 4249 intellegantur
1203 4175 1238 4235 21
1258 4172 1488 4242 observentur.

100 4287 151 4339 730
249 4276 342 4339 111.
390 4275 464 4337 Alia
494 4295 546 4336 222
578 4269 975 4344 22112222222122222,
1008 4294 1070 4352 quo
1093 4273 1305 4356 municipium
1332 4278 1486 4344 damnum

160 4362 313 4427 iniustum
347 4364 391 4427 211
423 4383 565 4445 passum.
614 4360 700 4423 Nam
733 4358 905 4423 consiliarii
938 4361 977 4424 ad
1008 4361 1068 4424 1222
1093 4362 1277 4442 eliguntur,
1312 4371 1351 4430 21
1376 4390 1486 4433 curam

161 4451 233 4513 boni
258 4452 618 4514 222222222121221222212
644 4447 780 4525 ideoque
803 4448 927 4511 muneri
952 4471 1009 4512 222
1027 4451 1152 4524 desunt,
1177 4450 1205 4513 21
1230 4452 1293 4516 1222
1314 4477 1487 4520 commune

160 4539 277 4601 bonum
302 4540 479 4619 neglegunt
504 4538 555 4600 221
580 4535 664 4598 laedi
689 4535 807 4600 212221,
852 4537 1011 4600 Existimo
1036 4538 1136 4618 igitur
1158 4537 1192 4600 in
1215 4540 1278 4605 1222
1303 4547 1487 4625 posteriore

160 4628 375 4689 22221211222
407 4627 506 4690 etiam
537 4626 653 4686 ‹lainno
686 4623 888 4686 rescindendo
914 4626 1086 4688 obnoxium
1111 4647 1200 4704 2222,
1234 4629 1262 4692 21
1287 4653 1324 4696 22
1349 4655 1432 4699 2222
1455 4640 1486 4699 21
