3106 5168
471 275 625 330 Voluntarii
643 275 799 331 obstacula:
819 278 860 330 ote
877 283 901 330 ct
919 284 1010 331 mnus.
1362 283 1403 348 21

78 493 81 496 <
164 454 206 520 R.
232 456 263 519 5.
309 452 468 519 Attamen
490 453 670 519 timendum
694 458 755 531 est,
787 475 827 518 ne
850 453 972 520 Esther
994 454 1068 539 plus
1097 454 1223 533 fecerit,
1248 476 1345 538 quam
1370 461 1406 523 ut

72 543 210 627 passive
233 562 269 608 se
292 541 453 609 habuerit.
501 541 586 607 Saue
616 542 645 607 si
668 543 770 608 verba
793 546 966 609 sumuntur
988 544 1165 609 secuudum
1188 566 1321 610 sensum
1348 545 1406 610 ob·

73 632 184 710 vinni,
217 653 284 696 non
313 631 479 715 passivam
511 636 639 698 tantum
669 631 931 715 permissionem,
963 633 1020 697 sed
1052 633 1227 717 positivam
1253 634 1286 698 in
1316 638 1406 700 metu

72 720 323 787 concessionem
353 720 493 804 turpiter
523 721 641 804 agendi
669 721 817 787 innuunt.
865 720 967 797 Quam
1000 722 1077 787 dare
1107 727 1197 788 certe
1227 744 1291 788 non
1314 722 1407 790 licuit

72 811 250 888 Esthsrae‚
275 809 338 876 etsi
362 809 433 893 ipsa
456 811 561 875 solam
584 815 756 876 externam
775 809 935 877 actionem
952 811 1153 892 spectaverit
1174 832 1281 894 neque
1303 811 1406 878 inter·

71 921 151 965 num
177 901 210 964 in
235 898 469 984 turpitudinem
495 919 685 964 consensum
711 899 789 964 dare
813 898 964 964 voluerit.

166 989 291 1054 Verum
307 987 531 1054 convenienda
553 990 605 1052 est
628 987 825 1054 couscientia
849 991 883 1054 et
905 987 1044 1054 intentio
1060 987 1238 1066 Estherae;
1262 989 1295 1053 in
1320 989 1406 1054 eius·

71 1077 163 1144 modi
188 1078 276 1144 enim
300 1077 461 1160 angustiis
485 1078 586 1142 verba
609 1097 672 1141 non
703 1077 746 1143 ad
768 1098 913 1142 summos
936 1076 1046 1160 apices
1069 1077 1152 1143 sumi
1175 1082 1322 1162 possunt,
1347 1079 1406 1145 sed

71 1167 237 1252 imprimis
261 1187 344 1249 quae
367 1165 467 1232 fuerit
489 1166 618 1231 sincera
641 1186 733 1231 mens
757 1166 886 1250 puellae
910 1165 1014 1231 videri
1038 1166 1144 1233 debet.

348 1382 495 1449 Murus
519 1381 594 1459 QUI
618 1383 648 1448 Α
671 1382 761 1460 QUA
785 1383 900 1449 Lucu
928 1384 1134 1451 Excusat.

642 1541 754 1607 Casus.
782 1548 840 1616 (12)

166 1681 328 1740 Medardus
342 1700 395 1757 per
408 1680 557 1756 regionem
572 1680 753 1740 haereticam
775 1681 968 1751 iterfaciens,
991 1700 1029 1740 ne
1050 1687 1230 1758 agnoscatur
1251 1689 1284 1742 ut
1305 1683 1404 1741 catho-

70 1762 168 1833 licus,
199 1761 302 1821 diebus
325 1761 413 1820 etiam
435 1759 634 1820 abstinentiae
656 1779 761 1820 carnes
782 1761 860 1832 edit,
887 1761 997 1820 orando
1024 1762 1140 1837 signum
1162 1761 1259 1822 crucis
1286 1762 1405 1833 omittit,

71 1860 254 1918 quamquam
275 1842 370 1901 sacris
391 1840 543 1899 ordinibus
565 1840 700 1899 initiatus
721 1847 806 1900 veste
827 1841 905 1900 laica
925 1841 1019 1901 utitur
1047 1862 1141 1919 neque
1162 1843 1270 1901 recitat
1291 1844 1405 1903 brevia-

72 1923 160 1982 rium.
183 1921 349 1997 Aliquando
364 1941 436 1980 vero
451 1920 641 1980 nihilomiuus
656 1921 853 1997 suspicionem
868 1921 1020 1996 religionis
1036 1923 1199 1982 catholicae
1214 1929 1244 1983 et
1258 1924 1405 1983 clericalis

72 2001 261 2062 characteris
276 2001 445 2078 concipiunt
459 2007 490 2060 et
506 2006 609 2079 aperte
624 2004 661 2059 ab
677 2021 719 2069 eo,
742 2022 799 2077 quo
813 2002 891 2060 hanc
905 2002 1103 2078 suspicionem
1119 2003 1220 2074 diluat,
1242 2005 1404 2080 postulant,

73 2090 110 2142 ut
130 2081 238 2142 aava
260 2101 365 2141 carnes
386 2082 470 2141 edat:
492 2081 542 2140 ille
563 2101 671 2157 graves
693 2081 816 2141 iniurias
838 2087 867 2140 et
881 2083 1005 2141 vulnera
1026 2083 1134 2142 timens
1155 2103 1214 2142 non
1234 2085 1299 2143 vult
1318 2085 1405 2144 fidem

72 2168 240 2223 statatum
260 2181 371 2238 negare
393 2162 446 2221 sed
466 2168 583 2237 tegere;
606 2181 696 2238 quare
717 2161 850 2220 suaviter
869 2162 1057 2221 adversarios
1078 2183 1148 2223 suos
1169 2163 1296 2222 irridens
1317 2164 1404 2224 dicit:

77 2244 160 2313 ,Vos
182 2243 273 2302 stulte
295 2262 313 2300 a
333 2262 379 2300 me
401 2241 544 2318 quaeritis
566 2262 648 2300 osum
670 2243 784 2312 carnis,
814 2262 872 2301 non
894 2242 1099 2314 attendentes,
1129 2243 1217 2302 etiam
1240 2245 1403 2304 catholicos

73 2325 133 2382 hoc
155 2326 255 2381 facere
276 2342 373 2400 posse,
396 2341 490 2398 neque
511 2322 579 2381 inde
600 2341 651 2381 eos
673 2324 710 2379 ab
732 2322 907 2381 acatholicis
922 2322 1065 2397 dignosci,
1088 2323 1186 2398 potius
1205 2322 1312 2391 videte,
1333 2344 1403 2382 num

73 2403 168 2480 pedes
190 2404 312 2479 equinos
333 2403 474 2474 habeam,
503 2402 528 2460 si
553 2421 600 2460 me
621 2402 814 2478 suspicamini
835 2422 901 2462 esse
923 2403 1115 2471 catholicum;
1145 2422 1247 2462 verum
1268 2404 1344 2480 quod
1366 2405 1403 2463 ad

73 2503 158 2543 esum
181 2482 281 2541 carnis
302 2483 419 2550 attinet,
442 2481 580 2541 videbitis
600 2502 646 2541 me
667 2482 695 2540 id
718 2488 871 2559 praestare
892 2484 1005 2559 posse.“

73 2588 254 2658 Qunnmrun
278 2589 306 2647 1⁰
332 2608 401 2646 num
416 2595 445 2646 et
455 2588 571 2664 quando
586 2595 681 2646 metus
697 2589 789 2648 faciat
799 2595 896 2648 actum
907 2589 1136 2648 involuntarium
1148 2593 1178 2648 et
1187 2589 1403 2668 inculpabilem.

277 2677 307 2734 2ο
332 2677 399 2752 quid
422 2677 457 2735 de
479 2676 604 2752 singulis
625 2677 655 2734 in
677 2696 756 2735 casa.

675 2859 810 2926 Salutio.

164 2992 219 3058 An
243 3013 434 3068 ousssrruu
460 2996 498 3057 1ιῐι
523 2993 559 3059 lt.
588 2998 615 3060 1.
663 2993 848 3058 Recolenda
872 2998 965 3069 sunt,
997 3012 1080 3074 quae
1104 2993 1171 3058 dixi
1196 2995 1235 3059 ad
1260 2997 1402 3078 priorem
1413 3005 1445 3060 41

72 3104 199 3149 casnm
237 3081 372 3165 Proprie
395 3081 561 3147 reducitur
584 3082 702 3148 solutio
727 3082 767 3147 ad
785 3104 857 3147 eam
874 3081 1108 3163 quaestionem,
1132 3104 1208 3148 num
1225 3088 1259 3149 et
1274 3084 1403 3165 quando

72 3176 184 3238 metus
214 3171 327 3254 gravis
357 3176 492 3236 excuset
519 3171 560 3236 ab
584 3172 790 3237 observanda
812 3171 895 3253 lege.
943 3169 1035 3235 Circa
1059 3192 1154 3253 quam
1180 3172 1402 3254 quaestionem

73 3261 137 3327 dici
163 3260 261 3326 debet
291 3281 311 3326 a
340 3260 414 3343 lege
444 3260 587 3326 naturali
610 3261 663 3325 vel
688 3260 798 3326 divina
830 3259 986 3340 negativa
1016 3280 1191 3342 numquam
1219 3260 1403 3344 quempiam

73 3355 200 3417 metum
216 3370 385 3427 excusare,
403 3371 441 3414 eo
458 3349 543 3431 quod
560 3350 621 3414 hae
636 3351 728 3432 leges
744 3349 938 3433 prohibeant
952 3348 1148 3414 intrinsecus
1164 3350 1265 3423 malm
1287 3349 1404 3416 intrin-

73 3461 172 3506 secns
194 3439 282 3505 mala
305 3441 414 3504 autem
439 3459 615 3519 numquam
640 3444 674 3505 et
696 3438 810 3504 nullibi
833 3438 922 3503 licita
946 3442 1083 3520 possunt
1107 3439 1256 3503 evadere.

166 3538 205 3602 R.
231 3541 261 3603 2.
296 3536 402 3618 Leges
425 3535 587 3619 positivae
611 3536 772 3602 humanae
795 3557 860 3600 non
883 3536 989 3600 solent
1013 3534 1161 3617 obligare
1184 3557 1257 3601 oum
1280 3536 1404 3602 incom-

73 3626 172 3691 modo
195 3625 335 3691 relative
359 3625 454 3690 valde
477 3625 588 3705 gravi;
620 3647 657 3690 eo
688 3630 798 3690 tamen
823 3624 985 3689 difficilius
1009 3625 1178 3691 excusatio
1208 3625 1403 3705 admittitur,

74 3736 140 3797 quo
164 3714 298 3796 gravior
321 3718 371 3779 est
395 3734 447 3778 res
470 3720 663 3798 praccepta;
689 3716 774 3779 idem
797 3713 859 3778 dici
882 3718 1002 3797 potest,
1026 3719 1160 3780 servata
1183 3716 1401 3799 proportione,

76 3804 117 3869 de
141 3804 215 3886 lege
238 3803 381 3886 positiva
405 3802 524 3868 divina.
571 3803 667 3868 Dico:
696 3808 830 3868 servata
853 3802 1078 3887 proportione,
1104 3803 1180 3885 quia
1204 3803 1321 3870 ceteris
1344 3825 1402 3888 pa·

74 3894 166 3959 ribus
188 3893 243 3958 lex
266 3893 377 3958 divina
401 3892 589 3975 diligentius
612 3893 738 3958 servari
762 3893 859 3958 debet
883 3912 979 3973 quam
1003 3892 1057 3957 lex
1082 3894 1231 3960 humana.

167 3990 204 4054 11,
230 3993 260 4056 3.
306 3989 441 4066 Quando
464 3989 566 4071 igitur
594 3989 626 4055 in
658 3990 825 4075 proposita
848 3989 1039 4070 quaestione
1069 3989 1292 4073 interrogatur
1316 3991 1404 4057 circa

72 4079 384 4162 inculpabilitatem,
416 4079 620 4161 inculpabilis
644 4084 734 4145 certe
758 4100 830 4144 esse
859 4082 971 4162 potest
1000 4077 1084 4160 legis
1110 4081 1403 4146 non-observantia

73 4173 211 4254 propter
225 4172 363 4240 metum;
385 4189 450 4232 non
466 4171 574 4232 autem
591 4168 648 4233 illa
665 4167 958 4233 non-observantia
974 4166 1197 4234 involuntaria
1212 4169 1404 4253 simpliciter

72 4262 136 4333 est,
161 4256 219 4322 sed
242 4259 427 4343 simpliciter
441 4259 634 4340 voluntario,
658 4258 705 4324 ita
728 4263 840 4323 tamen
864 4260 900 4321 ut
923 4256 967 4321 sit
989 4256 1085 4322 simul
1107 4257 1328 4324 involuntaria
1351 4279 1402 4323 se·

72 4346 327 4501 quqqrrgm2qqid.
367 4345 414 4411 ef.
440 4346 669 4411 Bucceroni
694 4348 715 4413 1.
734 4369 759 4412 c.
779 4348 820 4411 56
838 4350 872 4411 et
888 4348 948 4422 593
972 4345 1101 4425 Maro,
1126 4348 1230 4414 Instit.
1247 4349 1402 4432 Aqoboas.

164 4543 217 4607 An
241 4562 432 4618 ouaasrruu
456 4546 495 4606 2¹¹²
519 4543 557 4609 R..
585 4546 613 4610 1.
660 4542 693 4607 si
724 4543 819 4607 modo
849 4539 1035 4623 seponimus
1059 4540 1337 4616 circumstantiam,
1369 4538 1402 4603 in
1412 4550 1447 4604 42

71 4653 155 4715 quas
171 4635 289 4716 postea
305 4631 480 4697 Medardus
503 4632 626 4710 incidit,
650 4631 754 4715 primo
771 4630 913 4696 occurrit
935 4629 1009 4694 fidei
1033 4634 1067 4695 et
1090 4628 1289 4694 characteris
1309 4628 1402 4693 cleri·
