3106 5168
289 296 414 352 Virtutes
432 314 493 352 oum
512 298 602 352 debito
620 297 719 366 legali:
746 300 843 365 Offim'a
860 300 1028 365 fornrrloram
1047 305 1071 351 et
1088 299 1223 352 heronem.
1357 301 1421 364 245

91 475 112 540 i.
137 493 165 540 e.
191 473 262 539 sive
285 473 446 539 derebus
469 474 618 555 graviter
642 473 885 540 diffamantibus
918 474 988 540 sive
1011 474 1051 539 de
1075 473 1147 539 aliis
1171 494 1253 555 quas
1276 479 1422 541 secretas

92 562 199 630 teneri
222 562 441 627 membrorum
466 562 610 629 familiae
634 565 771 629 multum
795 563 950 641 interest,
983 562 1049 629 ista
1072 562 1365 629 communicatione
1389 567 1423 628 et

95 652 322 734 divulgatione
337 652 485 734 graviter
500 656 665 736 peccatur.
701 652 805 727 Alias,
829 653 857 718 si
881 651 1035 718 videlicet
1057 672 1164 717 sermo
1188 656 1241 718 est
1263 652 1303 718 de
1327 653 1424 718 rebus

92 741 160 807 iam
184 740 272 807 notis
296 742 349 806 vel
372 761 437 806 non
460 742 598 807 secretis
622 742 677 806 vel
700 762 764 806 non
787 743 925 808 multum
948 740 1087 820 nocivis,
1111 747 1267 825 peccatur
1289 741 1422 807 leviter:

93 831 179 913 quod
203 830 335 897 videtur
357 829 445 915 apud
468 829 601 896 Hildam
625 830 733 897 locum
756 831 918 897 habuisse.

183 947 236 1011 Aa
260 965 452 1022 ouaasrruu
476 948 515 1010 3¹⁰
538 946 577 1013 R.
601 950 628 1012 1.
675 945 731 1011 Ius
761 947 803 1012 ad
834 946 995 1029 integram
1024 946 1207 1011 mercedem
1235 944 1335 1009 Hilda
1359 950 1484 1009 n0n479

92 1035 224 1114 habuit,
256 1055 294 1100 eo
319 1035 405 1117 quod
435 1035 507 1118 ipsa
537 1040 692 1119 proterva
722 1056 782 1100 sua
812 1035 930 1119 agendi
961 1034 1088 1101 ratione
1118 1054 1218 1101 causa
1248 1039 1335 1111 erat,
1368 1054 1425 1099 cur

94 1128 173 1190 ante
197 1128 327 1207 tempus
351 1123 582 1191 dimitteretur.
603 1162 647 1172 —
671 1124 703 1189 Si
728 1129 838 1190 autem
862 1124 1003 1190 leviores
1027 1127 1138 1190 essent
1161 1122 1318 1200 deiectus,
1344 1143 1424 1204 quos

94 1212 225 1279 domina
248 1212 520 1280 irrationabiliter
543 1214 647 1279 ferret
670 1213 822 1296 gravius,
853 1213 958 1280 invita
988 1214 1112 1279 famula
1142 1233 1206 1277 non
1236 1215 1349 1296 posset
1376 1211 1424 1276 di·

93 1302 198 1378 mitti;
222 1305 321 1385 atquc
345 1303 373 1367 si
396 1302 626 1381 dimitteretur,
651 1302 701 1367 ius
718 1303 760 1367 ad
775 1303 939 1386 integram
956 1301 1140 1368 mercedem
1155 1302 1301 1379 haberet,
1325 1299 1423 1366 immo

93 1391 195 1458 etiam
219 1391 260 1456 ad
284 1390 422 1457 aliorum
447 1392 649 1469 damnorum,
674 1391 700 1456 si
726 1412 809 1474 quae
832 1392 965 1470 fuerint,
991 1391 1298 1477 compensationem.

184 1496 223 1563 R.
247 1499 276 1562 2.
317 1496 351 1562 Si
374 1496 494 1563 Hildae
517 1503 694 1581 propterea
716 1497 856 1564 solvitur
880 1518 1005 1564 merces
1028 1497 1169 1580 integra,
1194 1497 1270 1580 quia
1294 1496 1424 1561 domina

93 1585 191 1653 timet
214 1585 352 1651 dicteria
375 1586 426 1651 vel
452 1587 560 1665 litem,
593 1586 675 1652 alias
698 1608 763 1651 non
786 1586 952 1653 solutura:
984 1586 1084 1652 Hilda
1114 1607 1186 1652 eam
1216 1607 1259 1651 ne
1281 1585 1423 1652 retinere

95 1674 225 1757 quidem
248 1678 370 1759 posset.
418 1674 553 1742 sivero
584 1697 688 1759 nequo
713 1677 836 1743 directe
860 1697 965 1760 neque
988 1675 1146 1742 indirecte
1169 1675 1332 1759 postulat,
1365 1674 1423 1740 sed

94 1764 204 1848 potius
228 1764 375 1829 declarat
404 1785 439 1829 se
469 1765 520 1829 ius
550 1786 614 1829 non
641 1765 779 1842 habere,
811 1771 847 1832 at
869 1786 889 1830 a
913 1765 1045 1831 domina
1067 1764 1275 1829 nibilominus
1298 1784 1423 1830 merces

94 1855 225 1936 integra
248 1853 397 1931 solvitur,
422 1853 583 1919 retinendi
606 1854 706 1920 habet
728 1855 931 1933 facultatem,
955 1875 1019 1919 non
1044 1853 1120 1936 quia
1142 1853 1194 1919 ius
1216 1853 1341 1931 habuit,
1365 1852 1423 1918 sed

96 1943 172 2025 quia
203 1963 375 2008 excessum
406 1943 494 2009 ultra
523 1947 651 2028 partem
682 1943 743 2009 sibi
767 1944 911 2010 debitam
935 1943 1056 2009 habere
1079 1947 1189 2027 potest
1212 1964 1272 2027 pro
1295 1941 1424 2008 liberali

96 2030 247 2097 dominae
270 2032 455 2100 donatione.

184 2129 335 2196 Ceterum
359 2128 388 2194 si
410 2127 585 2196 manifeste
608 2130 703 2195 adest
726 2150 825 2196 causa
848 2130 946 2208 iusta,
971 2150 1013 2195 ex
1037 2150 1102 2211 qua
1125 2129 1226 2196 etiam
1247 2129 1423 2194 secundum

96 2220 187 2301 leges
217 2218 377 2302 positivus
407 2218 550 2300 regionis
581 2219 707 2284 famula
739 2224 817 2285 ante
849 2225 979 2303 tempus
1013 2218 1131 2285 dimitti
1164 2218 1285 2303 possit,
1319 2238 1424 2300 neque

96 2307 221 2373 famula
244 2307 420 2390 quidquam
444 2311 560 2373 contra
584 2308 747 2373 dominam
772 2308 951 2375 efficaciter
973 2308 1006 2373 in
1036 2307 1155 2374 iudicio
1178 2307 1282 2392 possit
1305 2327 1421 2389 agere:

95 2396 215 2462 solutio
231 2397 389 2462 mercedis
405 2397 564 2480 integrae,
589 2396 617 2462 si
632 2399 679 2474 fit,
704 2397 787 2463 satis
807 2403 897 2464 certo
920 2419 980 2482 pro
1000 2397 1103 2463 libera
1120 2397 1295 2464 donatione
1310 2395 1423 2461 haberi

96 2486 202 2563 debet,
227 2506 311 2567 quae
326 2507 435 2552 secum
452 2507 516 2550 non
532 2487 599 2553 fert
615 2486 716 2551 ullum
733 2508 814 2552 onus
830 2486 1048 2554 restitutionis
1064 2509 1122 2571 pro
1139 2486 1263 2552 famula
1279 2486 1423 2551 dimissa.

265 2729 498 2796 OBLIGATIO
524 2730 742 2798 HERORUM
767 2769 809 2778 —
835 2730 1114 2798 FAMULORUM
1137 2729 1256 2797 lURA.

655 2889 764 2955 Casus.
793 2897 869 2965 (138)

187 3037 307 3097 Getulis
328 3039 440 3098 famula
461 3039 651 3114 conqueritur
671 3040 748 3116 apud
771 3039 1002 3108 confessarium,
1030 3038 1107 3115 quod
1135 3038 1171 3096 ad
1199 3038 1316 3097 labores
1345 3037 1424 3097 ultra

96 3123 280 3177 contractum
302 3118 333 3177 in
348 3138 444 3177 seram
467 3126 584 3178 noctem
599 3119 746 3194 adigatur,
768 3120 846 3195 quod
865 3119 1043 3196 impediatur
1057 3119 1176 3195 saepius
1191 3137 1209 3177 a
1224 3117 1424 3176 celebratione

97 3198 260 3257 dominicae
282 3204 312 3257 et
333 3200 492 3270 festorum,
521 3200 597 3274 quod
626 3202 663 3258 ab
685 3201 755 3258 hero
785 3200 843 3257 iam
866 3199 1042 3276 compluries
1070 3199 1311 3258 sollicitationem
1332 3216 1423 3274 passa

97 3278 136 3337 sit
164 3284 194 3337 et
222 3298 281 3338 uon
302 3299 405 3356 parum
427 3284 553 3338 vexetur
574 3281 610 3338 ab
632 3279 700 3356 aliis
721 3280 839 3338 famulis
861 3280 962 3339 malis:
991 3278 1093 3356 quodsi
1123 3280 1200 3337 hano
1221 3278 1423 3339 condicionem

96 3358 302 3434 praevidisset,
325 3379 357 3418 se
379 3379 416 3418 ne
438 3379 491 3436 pro
513 3361 647 3419 mercede
662 3360 778 3436 quidem
799 3360 888 3437 duplo
909 3360 1020 3419 maiore
1042 3379 1108 3419 sese
1129 3358 1293 3430 locavisse;
1315 3357 1371 3418 sibi
1392 3357 1423 3417 in

96 3438 193 3498 animo
221 3458 287 3498 esse
317 3440 587 3516 compensationem
609 3441 754 3499 occultam
780 3460 872 3516 usquo
901 3440 938 3498 ad
966 3439 1130 3499 mercedem
1151 3439 1269 3516 duplam
1297 3457 1422 3510 sumere,

96 3519 156 3658 vell,
178 3525 303 3596 accepta
323 3520 458 3579 mercede
480 3521 654 3596 profuturo
675 3520 809 3580 bimestri
831 3540 883 3596 per
904 3519 1155 3597 anticipationem,
1177 3539 1246 3579 mox
1268 3520 1422 3579 servitium

96 3618 269 3676 remquere.

96 3703 273 3774 Quasarrua
294 3708 323 3762 1ο
349 3724 423 3780 quae
445 3704 506 3764 sint
527 3705 724 3779 obligationes
747 3704 929 3764 dominorum
951 3723 1023 3780 erga
1043 3705 1179 3764 famulos.

294 3795 324 3851 2ο
349 3794 492 3868 quomodo
514 3799 619 3852 contra
640 3793 789 3853 Getuliam
812 3795 849 3853 ab
871 3795 942 3852 hero
964 3794 1012 3852 vel
1035 3794 1153 3852 domina
1173 3800 1322 3870 peccetur,

294 3883 325 3941 3ο
351 3882 418 3957 quid
440 3882 470 3940 in
492 3902 564 3941 casu
587 3882 722 3942 Getuliae
744 3883 841 3942 liceat.

692 4082 826 4150 solutio.

184 4225 238 4287 Aa
261 4242 451 4298 ounasrruu
479 4226 515 4286 1¹¹¹
539 4223 576 4289 R.
605 4226 633 4290 1.
680 4222 809 4289 Domini
839 4224 980 4289 famulos
1010 4224 1130 4289 debent
1159 4245 1224 4289 non
1255 4225 1334 4290 dure
1365 4225 1484 4289 sed480

97 4311 235 4394 benigne
259 4315 420 4387 tractare3
446 4332 547 4394 quare
570 4333 634 4376 non
658 4313 746 4378 ultra
763 4312 857 4378 vires
881 4334 937 4378 eos
961 4334 1097 4379 onerare
1120 4318 1273 4397 possunt;
1298 4312 1421 4393 siquid

96 4421 174 4466 vero
199 4401 286 4465 ultra
308 4405 514 4466 contractum
538 4400 713 4483 aliquando
737 4404 914 4485 postulent,
938 4422 997 4486 pro
1018 4402 1079 4467 hoc
1103 4402 1277 4486 specialem
1303 4401 1422 4467 debent

95 4489 402 4556 remunerationem.
450 4489 561 4571 siqui
590 4495 700 4556 autern
731 4491 860 4556 labores
891 4495 1059 4556 contractu
1085 4491 1208 4556 definiti
1239 4512 1302 4554 non
1333 4494 1419 4567 sunt,

95 4579 170 4661 quid
195 4578 328 4660 exigere
351 4578 488 4662 possint,
513 4579 589 4661 quid
613 4600 687 4657 non,
714 4581 947 4647 consuetudine
970 4579 1156 4646 rationabili
1180 4579 1240 4644 loci
1266 4579 1420 4645 determi-

95 4668 237 4734 nandum
260 4671 321 4733 est.
