3106 5168
142 286 184 350 30
562 280 603 336 De
620 280 716 351 regula
735 283 845 335 actuum
863 281 1050 337 humanorum.

142 457 376 541 scrupulositas
400 457 441 522 ab
464 456 594 523 homine
617 457 688 542 ipso
712 458 896 540 impugnari
920 458 1026 535 debet,
1051 477 1134 540 quae
1157 456 1191 522 in
1213 457 1414 525 habitualem
1438 465 1474 527 44

142 546 327 614 diuturnam
352 546 449 612 animi
474 547 692 613 condicionem
710 546 874 612 transivit.
910 547 1002 612 Haec
1021 567 1197 629 numquam
1220 568 1286 612 non
1309 552 1362 614 est
1384 549 1473 614 mala

142 657 184 702 ex
208 658 253 715 se,
279 657 351 701 cum
375 635 473 701 animi
498 642 533 702 et
556 636 701 720 corporis
718 636 804 700 vires
824 636 986 713 corrodat,
1012 656 1102 719 sporn
1127 635 1296 715 diminuat,
1321 637 1364 702 ad
1387 642 1473 704 stre-

142 746 273 790 nuose
321 724 418 791 utiles
448 725 577 791 labores
607 725 698 809 inept
683 725 799 791 tiorem
830 725 957 793 reddat.
1003 724 1068 789 Per
1099 724 1250 790 accidens
1282 729 1411 805 autem,
1445 727 1473 792 si

143 815 238 880 homo
263 818 378 880 444444
408 834 480 879 eam
504 814 648 893 dimicat,
681 814 770 879 Deus
800 835 871 880 eam
902 813 935 878 in
965 813 1084 878 bonum
1108 819 1239 879 vertare
1262 819 1383 898 potest,
1413 836 1474 900 per

145 907 274 969 auctam
309 902 476 969 humilitat
425 907 581 969 tateem
564 903 819 969 eteontinuum
855 902 997 969 studium
1033 901 1165 968 minima
1200 903 1300 970 etiam
1334 909 1474 988 peccata

146 992 338 1059 declinandi.

102 1107 136 1162 58
236 1098 274 1165 R.
298 1101 329 1164 4,
376 1097 547 1179 Dignoscit
548 1118 588 1161 ur
609 1097 817 1181 scrupulosus

240 1188 271 1269 1)
302 1209 344 1253 ex
372 1186 490 1252 iudicio
521 1186 561 1251 de
591 1186 688 1252 rebus
717 1185 871 1270 practicis
900 1184 1091 1268 frequenter
1120 1187 1155 1252 et
1184 1207 1226 1251 ex
1255 1186 1320 1251 levi
1344 1187 1474 1254 ratione

146 1275 312 1352 mutabili;

237 1366 271 1447 2)
295 1387 337 1429 ex
357 1363 481 1447 proprii
496 1363 605 1429 iudicii
620 1364 811 1447 pertinacia,
836 1365 967 1445 444414,
992 1367 1030 1428 44
1050 1363 1160 1428 varios
1176 1363 1336 1442 consulat,
1352 1364 1474 1430 nullius

148 1454 264 1520 iudicio
289 1453 476 1536 acquiescat
498 1473 604 1535 neque
627 1452 816 1518 confessarii
841 1452 936 1518 dictis
959 1454 1091 1536 444444,

237 1541 271 1622 3)
296 1563 337 1607 ex
368 1542 537 1609 anxietate
559 1541 716 1626 peccandi
745 1541 777 1605 in
808 1542 905 1606 rebus
936 1545 970 1607 et
999 1541 1263 1620 circumstantiis,
1295 1541 1328 1607 in
1355 1543 1474 1624 quibus

147 1631 203 1696 alii
237 1631 337 1698 etiam
371 1631 517 1697 timorati
552 1630 699 1696 homines
731 1630 855 1695 nullum
889 1635 1060 1714 peccatum
1091 1630 1261 1714 peccative
1291 1630 1473 1714 periculum

146 1719 408 1804 deprehendant,
442 1720 496 1784 vel
531 1720 630 1786 etiam
666 1740 708 1785 ex
743 1719 912 1785 anxietate
946 1719 987 1784 de
1021 1740 1106 1784 novo
1140 1740 1269 1803 semper
1303 1721 1474 1804 repetendi

145 1809 382 1880 confessionem

234 1898 268 1979 4)
292 1920 334 1964 ex
353 1897 529 1962 reflexione
550 1897 593 1962 ad
612 1919 677 1976 eas,
703 1918 742 1963 ao
764 1897 791 1961 si
816 1896 991 1974 adfuerint,
1016 1896 1280 1963 circumstantias
1296 1898 1473 1977 actionum,

145 2009 228 2069 quae
247 1988 415 2053 moraliter
430 1987 591 2068 loquendo
616 2007 680 2051 non
703 1987 906 2064 accidente
908 1985 986 2051 tad
1011 2007 1092 2067 quas
1115 1984 1211 2050 homo
1233 2007 1334 2051 sanae
1353 1987 1474 2053 mentis

145 2097 207 2141 non
233 2077 382 2141 4414444
382 2076 541 2142 tt.endere
589 2074 637 2141 ef.
667 2076 699 2142 S.
724 2074 840 2158 Alph.
864 2075 971 2152 1,111,
1008 2075 1064 2141 Τ1,
1087 2097 1127 2139 m.
1151 2073 1176 2152 I,
1203 2077 1243 2139 57
1263 2095 1330 2157 sq.;
1361 2077 1473 2142 Marc

145 2164 549 2241 1,8311,114444141,
571 2167 644 2229 14
666 2166 704 2228 51
691 2167 838 2246 1.,9444
864 2124 1033 2241 Reuter,
1057 2125 1274 2246 11144-41141444
1299 2186 1329 2230 n.
1351 2168 1426 2234 266.

101 2290 135 2344 59
233 2279 687 2380 Anounusrruu2mR.l.
741 2279 1383 2360 1143144444414444444444444
1415 2281 1473 2346 ob·

145 2369 307 2434 oedientia
330 2391 409 2451 4434
426 2369 628 2452 spiritualem
646 2368 896 2447 directorem,a
875 2372 974 2450 44444
998 2367 1119 2451 proprii
1142 2367 1252 2432 iudicii
1275 2388 1373 2449 quam
1397 2389 1474 2453 per·

144 2458 220 2524 1444
196 2458 323 2524 tissima
358 2458 510 2539 abnegat
503 2479 542 2525 ιο.
598 2457 672 2522 Nisi
707 2457 791 2522 enim
826 2457 998 2541 paenitens
1032 2457 1242 2540 scrupulosus
1276 2457 1360 2522 hanc
1395 2480 1473 2523 con-

143 2546 311 2611 fidentiam
340 2547 373 2611 in
404 2546 638 2612 confessarium
665 2547 717 2611 vel
741 2546 935 2612 directorem
960 2547 1144 2628 conceperit
1167 2545 1473 2629 oboedientiamque

144 2635 331 2720 promiserit
349 2638 400 2700 vel
426 2636 487 2701 sibi
503 2635 719 2719 proposuerit,
737 2634 956 2700 confessarius
971 2635 1063 2700 illum
1087 2656 1127 2699 44
1150 2635 1325 2702 admittere
1341 2635 1473 2718 quidem

146 2725 252 2801 debet,
277 2725 334 2789 sed
359 2725 399 2790 ad
424 2726 532 2803 alium,
557 2724 610 2789 cui
633 2725 688 2789 ille
711 2725 816 2806 magis
839 2724 929 2802 fidat,
955 2724 1132 2789 remittere.

235 2822 327 2887 Haec
350 2842 476 2886 summa
499 2827 534 2887 et
557 2841 656 2886 caeca
679 2821 839 2903 quaedam
863 2842 943 2902 erga
972 2821 1164 2904 prudentem
1189 2820 1383 2887 directorem
1415 2823 1473 2888 ob-

146 2910 310 2976 oedientia
333 2911 374 2976 ab
391 2911 538 2975 omnibus
553 2910 721 2992 magistris
738 2910 961 2994 spiritualibus
976 2910 1024 2976 ita
1040 2910 1232 2987 inculcatur,
1257 2915 1294 2976 44
1317 2931 1389 2975 eam
1413 2933 1473 2997 pro

146 3001 251 3065 medio
275 3000 372 3083 plane
395 2999 579 3065 necessario
603 2999 756 3082 habeant,
781 2999 867 3080 quod
891 3021 1000 3065 coram
1024 3000 1094 3065 Deo
1117 3000 1215 3084 plane
1239 3002 1385 3077 excuset,
1410 3002 1473 3067 etsi

75 3146 78 3155 ,
145 3090 287 3155 fortasse
304 3089 477 3170 aliquando
494 3088 654 3154 obiective
670 3093 813 3154 erretur:
838 3087 896 3153 sed
914 3088 1104 3171 scrupuloso
1127 3110 1168 3154 ne
1184 3088 1325 3172 suspicio
1343 3089 1473 3171 quidem

146 3177 373 3261 possibilitatis
397 3178 526 3243 errandi
550 3177 625 3242 inici
649 3178 755 3243 debet.

102 3293 136 3346 60
236 3283 273 3348 R.
299 3286 329 3348 2.
375 3283 457 3364 Reg.
483 3285 515 3346 2·
538 3285 605 3359 est,
636 3287 673 3348 44
702 3282 912 3366 scrupulosus
942 3282 1011 3365 ipse
1035 3281 1208 3365 1444114344
1241 3287 1275 3348 44
1298 3283 1412 3350 credat
1436 3305 1473 3350 44

146 3393 218 3437 4444
242 3371 477 3455 scrupulosum,
509 3375 608 3454 atque
638 3371 708 3449 sibi,
739 3372 771 3437 in
797 3374 954 3453 quantum
979 3371 1187 3454 scrupulosus
1210 3376 1270 3449 est,
1302 3371 1400 3437 licere
1423 3373 1472 3439 uti

146 3460 278 3541 4434114,
304 3481 385 3541 4444
409 3464 530 3525 vocant
548 3464 717 3547 privilepia
741 3461 1014 3543 scrupulosorum.
1057 3461 1129 3525 Hac
1153 3460 1237 3525 enim
1262 3461 1473 3543 persuasione

145 3549 331 3632 impeditur,
356 3549 526 3630 quominus
549 3549 824 3633 apprehensiones
842 3549 1280 3632 scrupulosaeoccurrentes
1299 3553 1473 3618 transeant

145 3638 179 3703 14
201 3637 321 3702 iudicia
345 3659 425 3703 vera
454 3643 488 3704 et
518 3644 619 3704 certa.
667 3639 863 3720 scrupuloso
886 3644 996 3704 autem
1026 3658 1089 3702 non
1115 3638 1219 3704 oritur
1243 3639 1399 3720 obligatio
1430 3661 1473 3706 ex

146 3728 212 3792 ullo
229 3727 335 3803 dubio,
360 3728 416 3792 sed
433 3729 536 3792 selum
554 3749 625 3792 eam
642 3727 742 3793 habet
758 3727 1000 3810 obligationem,
1024 3748 1121 3809 quam
1137 3730 1308 3794 certissime
1323 3729 1472 3814 percipit.

236 3833 274 3898 R.
300 3835 330 3898 3.
377 3833 457 3915 Reg.
484 3835 516 3896 3·
539 3838 600 3903 444,
632 3836 668 3898 44
691 3835 807 3898 444444
829 3832 1000 3916 scrupulos
1023 3836 1112 3914 agat,
1143 3832 1164 3898 i.
1189 3852 1216 3898 4.
1242 3854 1282 3896 44
1313 3832 1345 3898 id
1370 3835 1474 3918 eligat

148 3943 203 3986 seu
228 3922 339 4000 faciat,
365 3924 449 4004 quod
473 3921 644 4004 scrupulus
668 3927 704 3987 ut
727 3921 872 3986 securius
896 3921 1022 3997 suadet,
1047 3942 1152 4003 neque
1175 3927 1310 4005 propter
1327 3922 1473 3989 inciden-

147 4015 213 4076 tem
238 4011 423 4094 scrupulum
448 4009 586 4076 desistat
610 4011 650 4074 ab
678 4031 717 4075 ea
742 4010 879 4087 actione,
904 4031 1000 4092 quam
1026 4010 1107 4074 alios
1130 4009 1277 4075 homines
1299 4011 1473 4079 timoratos

148 4100 247 4166 etiam
271 4121 371 4180 agere
395 4099 485 4164 videt
508 4120 670 4182 quamque
694 4098 797 4183 primo
821 4099 933 4165 statim
957 4099 1078 4165 1444144
1100 4099 1281 4165 certissime
1300 4105 1470 4183 peccatum

148 4210 220 4254 esse
250 4209 313 4253 non
338 4192 461 4255 cernat.
509 4188 609 4254 Plane
639 4189 723 4254 enim
754 4187 815 4252 sibi
845 4189 1041 4271 persuadere
1065 4187 1171 4266 debet,
1202 4188 1235 4252 in
1265 4189 1325 4255 tali
1354 4192 1472 4273 434441

148 4277 274 4344 4441444
298 4278 439 4355 dubium,
465 4278 549 4359 quod
580 4277 641 4342 sibi
663 4283 806 4356 maneat,
837 4299 900 4342 non
924 4277 1084 4355 sulficere,
1118 4282 1155 4343 44
1179 4277 1241 4343 dici
1271 4280 1374 4361 possit
1399 4302 1472 4346 cum

148 4366 348 4432 conscientia
370 4367 516 4451 practice
539 4367 637 4433 dubia
661 4366 768 4448 egisse
799 4370 898 4449 atque
927 4366 975 4432 144
1004 4387 1174 4450 44444444,
1204 4366 1302 4433 immo
1330 4390 1366 4434 se
1389 4371 1472 4435 bene

148 4461 182 4522 et
204 4455 369 4521 meritorie
393 4477 501 4538 agere,
526 4457 553 4520 si
579 4476 621 4519 ex
645 4455 850 4522 oboedientia
872 4455 1061 4520 formidines
1085 4455 1158 4520 illas
1175 4463 1318 4539 spernat.
1355 4458 1472 4542 Neque

147 4545 322 4627 requiritur
346 4546 388 4611 ad
418 4544 654 4611 excludendum
685 4551 872 4630 peccatum,
906 4550 942 4610 44
971 4545 1093 4609 ressexe
1117 4545 1313 4627 cogitaverit
1336 4568 1472 4632 scrupu-

147 4633 235 4698 losus
259 4655 294 4698 se
316 4655 412 4718 posse
434 4635 487 4699 vel
510 4635 632 4701 debere
658 4655 813 4720 spernere
836 4633 943 4700 dubia.
990 4634 1023 4699 Si
1054 4634 1138 4699 enim
1168 4634 1380 4702 habitualiter
1409 4638 1472 4704 scit
