3106 5168
148 273 214 335 440
289 268 329 321 De
347 268 496 323 virtutibus
514 271 542 322 ct
560 269 659 323 officiis
678 286 743 337 erga
761 268 891 322 homines.
911 298 944 308 -
964 267 1016 323 Off.
1035 269 1108 323 cirea
1124 269 1196 324 bona
1214 273 1339 324 externa.

149 444 364 510 communiter
396 444 529 527 cognitu
560 444 658 509 facile
686 448 746 510 est.
803 443 887 508 Hinc
924 443 1072 526 sequitur
1108 444 1208 509 etiarn
1238 442 1273 506 in
1303 447 1475 510 contractu

149 533 347 598 venditionis
370 533 518 599 defectus
541 533 734 599 manifestos
757 534 810 597 vel
833 554 897 597 non
922 532 1115 600 manifestos
1137 530 1222 597 sumi
1245 531 1368 597 debere
1392 533 1477 599 rela-

154 621 222 688 tive
246 622 424 687 secundum
440 621 660 688 condicionem
684 621 832 688 ementis.

239 720 278 788 R.
304 721 334 786 3.
381 719 539 784 Defectus
568 719 670 800 igitur
703 718 955 795 substantiales,
985 717 1039 801 qui
1071 739 1114 784 ex
1144 739 1180 783 se
1211 718 1383 785 manifesti
1414 740 1476 784 non

149 812 243 885 sunt,
277 829 407 891 semper
436 808 641 874 manifestari
672 808 807 878 debent:
840 807 868 872 si
901 828 943 872 ex
966 828 1003 872 se
1031 806 1199 873 manifesti
1222 812 1315 884 sunt,
1350 809 1479 892 plenius

150 896 403 964 manifestentur
426 901 558 981 oportet
581 897 621 962 iis
645 900 784 975 tantum,
810 917 890 979 quos
914 900 1053 980 apparet
1071 895 1142 961 sive
1159 917 1201 961 ex
1216 896 1480 980 interrogatione

149 986 219 1051 sive
242 986 310 1052 alia
332 986 460 1053 ratione
482 987 531 1051 ita
554 987 652 1051 rudes
667 986 721 1052 vel
744 985 912 1070 imperitos
936 1006 1018 1060 esse,
1043 990 1080 1051 ut
1095 984 1195 1051 etiam
1210 985 1392 1052 manifesta
1415 1008 1478 1051 non

149 1074 338 1141 advertant.

241 1164 279 1232 lt.
304 1167 335 1230 4.
383 1164 557 1240 Defectus,
590 1163 644 1245 qui
667 1164 760 1247 parvi
785 1162 940 1228 momenti
964 1167 1041 1229 sunt
1064 1166 1098 1229 et
1128 1162 1162 1227 in
1185 1184 1222 1228 se
1246 1166 1281 1229 ct
1304 1163 1416 1228 relate
1439 1163 1479 1229 ad

149 1253 246 1318 finem
270 1253 437 1337 emptoris,
462 1252 693 1318 manifestandi
718 1251 875 1334 obligatio
899 1256 966 1329 est,
1000 1252 1026 1316 si
1050 1252 1203 1317 venditor
1232 1253 1477 1334 interrogatum

149 1341 233 1407 alias
265 1341 383 1408 stricta
415 1341 572 1423 obligatio
604 1362 670 1405 non
702 1345 770 1418 est,
803 1341 831 1405 si
861 1340 957 1405 modo
986 1340 1127 1424 pretium
1160 1340 1290 1406 ratione
1326 1340 1477 1407 defectus

149 1430 308 1497 minuitur
329 1451 435 1512 neque
459 1432 562 1496 dolose
586 1428 734 1495 defectus
757 1430 947 1495 occultetur.
1007 1446 1009 1450 ·

88 1536 141 1590 867
239 1528 278 1593 R.
303 1530 333 1594 5.
381 1527 435 1592 lus
468 1526 756 1592 Germanicum
788 1525 839 1608 (§§
862 1528 926 1592 459
951 1528 1037 1608 sqq.)
1060 1526 1131 1591 fere
1161 1526 1276 1593 eadem
1309 1526 1475 1610 exprimit

151 1637 235 1698 quae
259 1637 301 1681 ex
332 1616 428 1681 modo
458 1616 554 1680 dictis
584 1616 654 1680 iure
684 1615 826 1682 naturali
850 1616 1013 1681 venditori
1042 1614 1264 1697 imponuntur.
1312 1615 1477 1681 Videlicet

150 1705 303 1771 venditor
325 1705 522 1789 respondere
545 1705 642 1771 debet
664 1726 723 1789 pro
748 1704 896 1770 omnibus
919 1703 1110 1780 defectibus,
1135 1703 1190 1786 qni
1213 1725 1308 1769 usum
1333 1705 1383 1770 rei
1399 1725 1476 1769 ven·

152 1792 240 1860 ditae
277 1799 466 1860 consuetum
497 1795 551 1859 vel
579 1815 599 1860 a
630 1792 844 1860 contrahente
878 1793 1080 1876 postulatum
1117 1792 1299 1858 illusorium
1336 1793 1475 1859 reddant

151 1883 206 1947 vel
229 1882 394 1961 minuant,
427 1904 491 1948 non
522 1887 634 1949 tamen
658 1883 697 1947 de
721 1882 915 1958 levioribus,
949 1902 1054 1964 neque
1078 1881 1118 1946 de
1140 1881 1200 1958 iis,
1232 1902 1316 1964 quoa
1340 1888 1475 1966 emptor,

152 1971 227 2036 dum
253 1977 392 2049 emeret,
417 1971 519 2036 novit.
567 1971 601 2036 Si
625 1993 701 2036 vero
726 1976 854 2054 emptor
876 1991 972 2035 nosse
995 1970 1125 2053 quidem
1154 1973 1289 2054 poterat
1317 1970 1474 2046 defectus,

152 2061 209 2125 sed
234 2081 276 2125 ex
299 2060 394 2142 gravi
409 2060 621 2143 neglegentia
644 2081 679 2125 re
702 2060 774 2143 ipsa
797 2081 861 2124 non
878 2063 1027 2136 noverat,
1052 2059 1203 2125 venditor
1221 2060 1424 2144 respondere
1440 2061 1475 2124 de

151 2149 191 2214 iis
215 2171 279 2214 non
302 2154 443 2226 tenetur,
469 2149 530 2215 nisi
554 2150 607 2214 vel
631 2170 687 2214 eos
711 2149 823 2213 dolose
846 2148 1062 2214 occultaverit
1085 2149 1138 2213 vel
1168 2147 1399 2230 interrogatus
1422 2169 1475 2213 eos

152 2238 268 2304 adesse
291 2239 473 2320 negaverit.
491 2278 535 2287 —
551 2239 605 2302 Ius
619 2238 721 2303 Gall.
746 2237 891 2302 breviter
916 2237 995 2303 dicit
1018 2237 1222 2302 venditorem
1246 2238 1355 2304 teneri
1371 2237 1474 2320 quoad

152 2327 299 2394 defectus
330 2329 476 2392 occultos
499 2327 552 2409 qui
577 2348 646 2391 rem
670 2326 809 2393 reddant
830 2326 977 2392 inutilem
1001 2327 1055 2390 vel
1079 2325 1246 2402 viliorem,
1280 2347 1348 2391 non
1372 2326 1474 2394 teneri

153 2417 260 2499 quoad
291 2416 439 2482 defectus
475 2415 667 2480 manifestos
703 2414 779 2494 (art.
814 2417 915 2492 1641,
949 2413 1058 2495 1642).
1114 2413 1204 2491 Quae
1233 2415 1267 2479 in
1298 2415 1374 2481 foro
1403 2437 1475 2481 con·

152 2505 310 2571 scientiae
334 2505 550 2570 diversimode
573 2504 767 2589 applicanda
790 2507 876 2569 sunt.
900 2539 944 2549 -
967 2505 1004 2568 ln
1028 2503 1193 2586 emptione
1223 2509 1258 2569 et
1288 2503 1476 2570 venditione

152 2593 341 2659 animalium
365 2593 596 2675 obligationem
613 2592 792 2658 venditoris
808 2592 899 2674 leges
920 2592 1125 2674 restringunt
1147 2593 1306 2658 adsertor
1331 2593 1477 2659 defectus

153 2703 274 2762 eosque
313 2681 508 2765 principales
545 2683 633 2747 intra
671 2691 788 2747 certum
822 2686 952 2764 tempus
984 2681 1194 2764 detegendos.
1247 2680 1318 2762 (lus
1351 2683 1476 2748 Germ.

153 2770 171 2853 Q
196 2772 259 2834 481
285 2791 373 2853 sqq.;
408 2771 459 2834 ius
484 2771 586 2836 Gall.
611 2771 665 2835 lex
690 2774 709 2833 2
734 2773 812 2853 Apr.
839 2771 950 2851 1884.)

92 2894 144 2948 868
244 2885 296 2949 An
320 2905 511 2960 qunasmun
536 2888 574 2948 2¹²
598 2886 635 2950 lt.
663 2889 691 2951 1.
740 2885 772 2950 si
796 2884 905 2967 agitur
929 2885 969 2948 de
993 2884 1174 2950 defectibus
1204 2885 1478 2952 substantialibus

154 2974 208 3038 vel
232 2973 420 3051 maioribus,
445 2973 596 3039 venditor
628 2993 670 3037 ex
702 2974 771 3038 iure
801 2973 943 3038 naturali
968 2977 1148 3056 emptorem
1173 2975 1270 3055 plane
1294 2975 1478 3040 indemnem

154 3064 264 3128 facere
288 3063 402 3136 debet3
428 3084 469 3127 ex
492 3062 561 3126 iure
585 3067 722 3126 naturae
739 3062 860 3127 sufficit
876 3071 1069 3126 contractum
1093 3064 1283 3145 rescindere,
1308 3085 1418 3147 neque
1441 3064 1478 3128 ad

154 3152 293 3235 amplius
318 3156 446 3235 emptor
468 3151 518 3215 ius
541 3150 690 3229 habebit,
722 3151 782 3215 nisi
814 3151 899 3216 forte
933 3172 991 3234 per
1014 3150 1166 3215 accidens
1197 3172 1300 3232 grave
1327 3153 1478 3218 damnum

153 3263 270 3324 passus
295 3241 347 3319 sit,
373 3242 457 3323 quod
481 3240 633 3306 venditor
655 3244 786 3323 poterat
809 3240 1010 3323 praevidere.
1136 3263 1138 3266 ’

243 3340 281 3403 lt.
308 3343 337 3406 2.
386 3339 418 3403 Si
443 3338 519 3419 quid
542 3338 682 3420 amplius
712 3359 754 3401 ex
785 3339 853 3401 iure
885 3337 1027 3419 positivo
1052 3337 1256 3413 conceditur,
1289 3343 1423 3422 emptor
1445 3360 1479 3403 eo

154 3427 201 3492 nti
225 3428 356 3510 poterit.
380 3465 424 3474 -
448 3428 485 3491 ln
508 3428 578 3490 iure
603 3426 794 3491 Germanico
819 3426 957 3509 emptori
981 3425 1070 3509 optio
1094 3426 1192 3490 datur
1215 3427 1408 3510 postulandi
1431 3428 1502 3491 vel·

155 3520 343 3580 contractus
367 3516 592 3580 rescissionem
616 3516 669 3579 vel
691 3515 788 3597 pretii
824 3514 1067 3580 diminutionem
1092 3514 1145 3579 vel
1170 3516 1423 3582 indemnitatem
1447 3539 1482 3582 ec

156 3612 316 3668 contrecta
341 3627 402 3669 non
428 3609 552 3688 impleto
576 3602 608 3685 (ᾗ
633 3606 707 3679 462,
733 3604 826 3683 463);
852 3604 884 3667 111
908 3603 1101 3684 quibusdam
1118 3606 1316 3670 eminentibus
1342 3606 1482 3671 venditis

155 3692 226 3755 sola
250 3693 397 3756 rescissio
423 3698 611 3758 contractus
634 3692 792 3776 postulari
815 3697 925 3774 potest
949 3691 980 3773 (ἓ
1005 3694 1094 3774 487).

95 3814 147 3867 889
247 3803 506 3879 Anquansmnn
532 3811 570 3870 3¹¹¹
594 3807 632 3872 R.
653 3810 680 3871 1.
728 3805 888 3886 Quidquid
912 3806 1071 3871 statuitur
1102 3807 1230 3888 legibus
1253 3808 1411 3891 positivis
1435 3832 1482 3874 re·

157 3891 272 3972 gionis,
297 3895 448 3958 venditor
471 3896 540 3959 iore
564 3895 705 3960 naturali
723 3895 839 3959 saltem
864 3899 995 3959 tenetur
1011 3896 1052 3959 ad
1070 3896 1313 3961 diminuendam
1331 3899 1483 3981 pretium.

158 3980 264 4056 Quare
288 3981 314 4045 si
340 3983 503 4062 Evagrius
527 3990 654 4049 tantum
680 3984 788 4059 solvit,
814 3987 970 4064 quantum
995 3984 1076 4047 solvi
1103 3985 1187 4048 solet
1210 4007 1270 4067 pro
1288 4008 1375 4067 equo
1400 3989 1483 4053 omni

158 4069 288 4134 defectu
320 4072 460 4147 carenti,
502 4078 590 4138 certe
623 4074 672 4136 ius
706 4072 804 4136 habet
836 4072 867 4134 in
902 4073 1118 4148 conscientia,
1153 4078 1190 4137 ut
1222 4079 1354 4156 partem
1390 4076 1484 4160 pretii

157 4158 304 4240 recipiat.

247 4255 284 4320 R.
311 4259 340 4320 2.
388 4256 439 4319 Ad
464 4256 549 4320 alind
581 4263 688 4321 autem
720 4258 836 4322 stricto
867 4257 935 4320 iure
968 4280 1032 4321 non
1064 4259 1195 4324 videtur
1226 4261 1383 4326 venditor
1407 4261 1484 4326 obli·

159 4347 257 4421 gatus
282 4364 370 4420 esse,
395 4344 552 4425 siquidem
578 4346 687 4425 agitur
711 4347 743 4426 a)
768 4347 806 4409 de
832 4346 961 4411 defectu
986 4368 1027 4410 ex
1052 4369 1087 4411 se
1112 4350 1345 4428 non-occulto,
1373 4352 1407 4424 1))
1431 4372 1484 4414 ne·

161 4450 223 4508 que
247 4432 285 4494 de
310 4432 450 4507 defectu,
468 4455 561 4513 quem
588 4435 701 4498 abesse
725 4434 875 4498 venditor
899 4434 1131 4512 affirmaverit,
1157 4438 1209 4502 vel
1236 4459 1334 4518 quem
1362 4446 1484 4523 emptor

161 4517 324 4583 ordinaria
348 4521 518 4601 diligentia
543 4543 739 4603 cognoscere
764 4544 826 4585 non
843 4524 1002 4604 potuerit,
1029 4524 1059 4603 c)
1084 4547 1199 4607 neque,
1226 4533 1262 4591 ut
1280 4529 1424 4606 videtur,
1448 4530 1484 4593 de

165 4603 293 4668 defectu
318 4609 428 4672 dolose
453 4612 626 4676 occultato.
