3106 5168
149 269 214 334 230
267 265 307 320 De
326 267 473 321 virtutibus
491 272 521 322 et
538 268 636 325 officiis
653 286 720 336 erga
738 268 868 322 homines.
889 299 921 310 —
941 269 1066 324 Virtutes
1083 270 1205 326 lusatiae
1223 288 1354 326 annexae.

148 445 229 508 tate.
276 441 397 518 Quodsi
426 443 513 510 forte
541 449 657 528 postea
680 449 818 529 peccato
840 445 971 511 mortali
995 447 1149 514 excidant
1178 469 1196 513 e
1219 448 1329 530 gratia
1352 449 1474 515 sancti·

147 532 279 686 ficdnffil
294 533 562 616 supernaturales
578 533 719 601 virtutes
740 534 815 600 ilico
835 534 1002 614 amittunt,
1026 558 1091 601 non
1107 537 1264 604 amittunt
1280 537 1474 604 facilitatem

149 642 192 686 na
209 642 267 686 ura
282 642 343 688 em.

498 767 743 833 VERAOITAS
767 768 823 833 ΕΤ
847 767 1124 836 MENDACIUM.

705 925 816 992 Casus.
843 933 919 1001 (127)

239 1062 422 1122 Gaudentius
436 1063 588 1138 magister,
610 1083 667 1140 quo
689 1063 793 1123 melius
807 1083 915 1141 pueros
930 1064 1106 1124 confitentes
1122 1085 1139 1124 a
1154 1065 1315 1124 mendaciis
1330 1071 1360 1123 et
1376 1084 1394 1123 a
1408 1084 1475 1124 con·

148 1149 261 1220 tempto
276 1147 431 1219 parentum
446 1144 603 1215 deterreat,
626 1144 702 1203 solet
720 1144 758 1203 iis
773 1145 951 1203 acclamare:
977 1145 1037 1217 ,Os
1052 1145 1129 1221 quod
1150 1146 1299 1216 mentitur,
1322 1145 1364 1204 ait
1380 1145 1475 1220 Scrip-

149 1232 226 1290 tura,
242 1223 350 1282 occidit
364 1223 509 1282 animam“
526 1224 557 1296 (S
567 1244 619 1300 ap.
633 1229 658 1295 1,
670 1223 720 1297 11)
735 1229 778 1283 et:
798 1224 950 1296 ,Oculum
965 1226 1014 1300 qui
1030 1228 1194 1284 subsannat
1207 1232 1331 1303 patrem,
1407 1225 1475 1283 effo-

149 1305 233 1363 diant
246 1323 312 1363 eum
328 1304 409 1362 corvi
423 1304 458 1361 de
473 1305 662 1375 torrentibus,
685 1311 715 1363 et
739 1305 895 1363 comedant
917 1325 983 1364 eum
998 1305 1051 1364 filii
1064 1305 1198 1382 aquilae*
1215 1306 1336 1376 (Prov.
1352 1307 1401 1374 30,
1419 1306 1475 1371 17).

151 1383 231 1453 Quos
252 1402 360 1460 pueros
376 1403 441 1442 curn
456 1385 604 1443 Arcadius
624 1384 828 1443 missionarins
849 1390 955 1461 postea
970 1386 1160 1460 cognovisset
1180 1386 1334 1446 mendacia
1350 1404 1477 1444 omnem·

150 1484 206 1540 que
233 1469 388 1540 pareutum
410 1463 580 1540 despectum
601 1484 654 1541 pro
675 1465 848 1524 mortalibus
870 1465 1001 1541 peccatis
1028 1465 1169 1524 habuisse
1194 1486 1289 1542 neque
1311 1467 1348 1524 ab
1370 1464 1407 1524 iis
1429 1484 1475 1523 ca-

150 1545 240 1616 visse,
262 1543 379 1620 publice
402 1552 583 1603 convocatos
605 1544 728 1603 dedocet
750 1549 779 1603 et
802 1543 999 1603 Gaudentium
1020 1544 1153 1620 graviter
1174 1547 1319 1621 obiurgat.

151 1650 329 1721 Qunnmrna
352 1651 380 1706 1ο
405 1649 473 1725 quid
495 1649 535 1708 sit
555 1649 739 1719 mendacium
761 1655 790 1707 et
811 1649 898 1725 quale
918 1656 1080 1724 peccatum.

348 1738 379 1795 2ο
405 1737 548 1813 quomodo
569 1743 724 1814 parentum
747 1737 888 1814 despectu
910 1757 927 1796 a
949 1737 1017 1796 filiis
1039 1743 1186 1814 peccetur.

350 1829 380 1885 3⁰
405 1827 472 1964 qutid
494 1826 682 1886 iudicandum
702 1827 741 1885 sit
762 1832 824 1885 turn
846 1826 881 1885 de
901 1825 1069 1898 Gaudentii,
1092 1832 1153 1886 tum
1175 1826 1210 1885 de
1227 1826 1350 1886 Arcadii
1370 1827 1476 1903 agendi

404 1926 437 1965 ra
449 1926 527 1965 rone.

748 2020 883 2088 Salutio.

87 2171 142 2225 450
240 2160 294 2226 An
317 2182 509 2238 eucnemon
535 2166 572 2226 1¹²¹
595 2162 633 2228 R.
655 2167 682 2229 1.
722 2162 927 2228 Mendacium
944 2163 1063 2228 dicitur
1083 2166 1195 2229 locustio
1211 2171 1320 2229 caretro
1336 2171 1477 2245 nitentem,

152 2251 204 2317 cui
226 2251 321 2316 multi
337 2251 478 2316 addunt:
503 2274 572 2316 cum
589 2254 759 2317 intentione
775 2253 932 2334 saltandi,
956 2252 1041 2334 quod
1057 2273 1155 2317 sensu
1171 2253 1301 2336 proprio
1326 2257 1359 2318 et
1382 2254 1478 2336 pleno

152 2341 194 2407 ad
218 2339 422 2405 mendacium
437 2361 501 2405 non
518 2341 704 2422 requiritur,
729 2340 898 2406 causative
922 2344 956 2406 et
976 2341 1145 2408 reductive
1161 2341 1290 2424 quidem
1314 2340 1347 2406 id
1370 2342 1479 2425 aliquo

152 2431 247 2496 modo
272 2429 359 2496 omni
382 2430 549 2495 mendacio
573 2431 681 2495 inesse
705 2430 837 2496 concedi
860 2433 979 2513 potest.

242 2527 327 2591 Hinc
350 2526 554 2592 mendacium
577 2548 642 2592 non
666 2527 881 2594 committitur
905 2528 945 2592 ab
970 2548 1018 2604 eo,
1043 2527 1098 2608 qui
1121 2527 1241 2592 falsum
1261 2526 1339 2593 dicit
1360 2533 1480 2611 putans

153 2638 226 2683 esse
242 2636 373 2692 verum;
398 2619 434 2681 at
456 2616 673 2683 committitur
695 2618 737 2682 ab
755 2638 805 2695 eo,
830 2616 1014 2699 quiveram
1030 2616 1110 2681 dicit
1125 2621 1244 2698 putans
1260 2637 1333 2680 esse
1349 2617 1479 2681 falsum.

153 2706 269 2789 Neque
286 2704 503 2771 committitur
525 2705 566 2770 ab
590 2725 639 2783 co,
664 2705 719 2787 qui
741 2706 861 2770 falsum
886 2725 941 2769 ore
961 2705 1090 2786 quidem
1114 2705 1250 2788 profert,
1275 2711 1387 2770 tamen
1406 2725 1480 2771 sen·

153 2818 225 2862 sum
241 2796 361 2860 falsum
384 2794 427 2859 ad
451 2795 533 2859 alios
557 2815 620 2859 non
644 2793 756 2876 dirigit
778 2815 836 2858 seu
857 2796 898 2858 iis
919 2794 1038 2858 falsum
1055 2816 1120 2857 non
1135 2794 1289 2876 loquitur.
1325 2795 1409 2858 Hinc
1427 2794 1479 2876 qui

154 2890 267 2970 aperte
290 2884 376 2949 falsa
400 2883 496 2961 dicit,
527 2883 634 2948 sciens
658 2887 692 2949 et
714 2883 829 2948 volens
852 2886 890 2948 nt
913 2883 1083 2948 audientes
1107 2905 1146 2948 ea
1169 2888 1207 2950 ut
1229 2883 1315 2948 falsa
1338 2889 1478 2959 sumant,

154 2998 185 3043 v.
205 2998 237 3058 g.
262 2974 409 3052 iocando,
434 2995 499 3038 non
522 2973 688 3038 mentitur.

245 3071 441 3151 Plerumque
464 3071 559 3135 adest
581 3069 719 3136 intentio
743 3068 895 3143 fallendi,
919 3068 939 3134 i.
965 3089 992 3135 e.
1016 3070 1180 3145 voluntas
1206 3068 1303 3145 atii,
1335 3069 1377 3134 ad
1401 3090 1481 3151 quos

153 3159 275 3227 locutio
299 3159 460 3241 dirigitur,
493 3160 558 3225 ista
581 3159 666 3223 falsa
696 3180 755 3242 pro
781 3157 866 3222 veris
889 3158 1048 3234 habeant;
1080 3178 1193 3222 verum
1224 3158 1305 3223 haec
1328 3159 1481 3224 voluntas

154 3249 288 3334 propria
311 3252 345 3313 et
368 3248 515 3313 formalis
539 3268 603 3312 non
627 3247 813 3328 requiritur,
838 3252 874 3313 ut
897 3251 991 3331 patet
1013 3247 1046 3310 in
1071 3267 1119 3324 eo,
1145 3246 1198 3328 qni
1218 3268 1327 3312 coram
1342 3247 1482 3312 testibus

155 3361 175 3404 a
198 3339 272 3402 visu
302 3341 403 3418 negat
432 3358 468 3401 se
498 3336 776 3419 aliquid'fecisse‚
808 3357 849 3400 ne
879 3335 1027 3400 convinci
1050 3334 1155 3418 possit
1184 3357 1227 3401 ex
1249 3337 1382 3420 propria
1406 3358 1481 3401 con-

155 3427 307 3493 fessione.
343 3426 381 3490 Iu
405 3446 467 3508 quo
492 3447 580 3500 casu,
606 3446 679 3489 cum
695 3424 829 3490 fallendi
845 3424 1091 3507 impossibilitas
1114 3424 1210 3501 adsit,
1235 3425 1350 3490 adesse
1367 3426 1482 3490 volun-

155 3522 209 3582 tas
232 3515 367 3580 fallendi
386 3515 509 3596 nequit.
551 3514 766 3579 Nihilominus
790 3517 896 3599 aliquo
920 3535 1017 3578 sensu
1042 3514 1213 3578 etiamtum
1238 3514 1277 3579 de
1301 3514 1481 3580 intentione

156 3605 290 3670 fallendi
314 3603 402 3686 loqui
432 3603 483 3668 fas
513 3609 580 3680 est,
613 3603 688 3685 quia
711 3604 847 3686 loquens
871 3602 958 3680 vult,
990 3607 1043 3676 ut,
1075 3607 1231 3684 quantum
1262 3607 1314 3668 est
1344 3624 1385 3668 ex
1412 3604 1483 3686 ipsa

155 3694 337 3770 locutione,
368 3693 503 3757 audiens
534 3692 611 3758 sciri
640 3697 782 3775 nequeat
812 3691 874 3758 nisi
904 3690 1041 3756 falsum:
1071 3691 1152 3757 haec
1179 3692 1315 3758 fallendi
1344 3691 1483 3758 intentio

157 3782 244 3848 omni
266 3781 435 3847 mendacio
459 3781 644 3847 essentialis
667 3786 726 3847 est.

246 3879 293 3945 Of.
320 3880 359 3944 de
383 3879 531 3943 omnibus
558 3880 614 3944 lu.
639 3902 680 3944 cuv.
705 3878 729 3956 I,
756 3881 829 3944 771.
856 3880 937 3954 7723
961 3877 1117 3943 Noldin
1141 3877 1182 3953 ΙΙ,
1207 3900 1238 3944 n.
1265 3881 1328 3944 624
1345 3899 1415 3960 sqq.

247 3985 286 4052 R.
312 3988 341 4050 2.
388 3983 594 4050 Mendacium
619 3985 831 4066 distinguitur
855 3984 1061 4061 damnosum,
1094 3983 1291 4059 officiosum,
1322 3984 1483 4048 iocosum:

159 4079 363 4156 dorrznoeum,
393 4075 478 4156 quod
501 4079 634 4158 praeter
657 4095 800 4139 errorem
825 4095 912 4138 mere
936 4073 1191 4139 intellectualem
1218 4073 1306 4138 aliud
1331 4073 1483 4138 danmurn

158 4169 289 4233 causat:

247 4263 438 4344 officiosam,
463 4261 549 4342 qnod
572 4260 738 4343 profertur
761 4261 801 4324 ab
826 4260 950 4341 aliquo,
985 4264 1021 4323 ut
1045 4281 1079 4325 se
1104 4261 1286 4325 alterumve
1310 4281 1352 4324 ex
1376 4260 1485 4340 aliqua

159 4351 354 4417 difficultate
378 4350 533 4434 expediat
560 4350 614 4413 vel
637 4348 814 4413 utilitatem
838 4349 981 4430 aliquam
1009 4348 1168 4432 percipiat
1198 4387 1241 4397 -
1272 4349 1357 4430 quod
1385 4348 1486 4431 igitur

159 4441 256 4505 alicui
280 4440 386 4505 officio
411 4461 469 4504 seu
493 4438 629 4504 utilitati
653 4443 719 4512 est;

250 4541 394 4617 iocentur,
419 4558 481 4619 quo
499 4535 645 4619 deceptio
662 4534 797 4601 alterins
819 4534 851 4599 in
871 4535 975 4599 iocum
998 4540 1030 4599 et
1050 4534 1285 4599 recreationem
1303 4534 1484 4601 adhibetur.

166 4627 220 4693 Ti.
246 4651 285 4692 nu
311 4627 335 4705 l,
361 4629 435 4692 772.
