3106 5168
295 302 454 374 (inoperatio
472 319 535 358 curn
553 307 665 373 peccabo
684 302 773 357 alieno
791 320 839 373 per
857 303 1001 357 caritatem
1019 303 1162 374 prohibita.
1255 301 1256 304 ’
1327 309 1390 372 217

65 501 124 546 ssu
147 480 344 564 denegatam
368 480 445 546 mali
461 480 519 546 vix
540 481 716 564 quidquam
731 481 916 566 impeditur,
941 480 1051 549 licebit
1067 502 1108 547 ex
1124 481 1277 564 graviore
1293 502 1392 548 causa

65 590 139 635 eam
162 574 342 653 praestare.

156 674 194 742 R.
220 678 250 742 2.
298 676 335 741 In
359 674 521 741 adiunctis
545 674 767 741 communibus
790 695 844 740 res
867 674 915 741 110
939 675 1011 752 0111,
1036 679 1082 753 ut,
1106 675 1134 739 si
1158 675 1311 741 Claudius
1334 677 1392 743 ab·

66 771 203 842 nueret,
234 764 289 830 vel
318 764 389 848 ipse
412 765 592 831 avunculus
615 764 668 830 vel
700 764 756 830 alii
786 764 826 829 ab
858 785 896 830 eo
925 762 1017 829 missi
1046 764 1175 830 litteras
1206 769 1240 831 01
1269 765 1393 850 scripta

65 853 271 939 expedienda
292 857 462 931 curarent;
492 874 593 936 quare
616 853 768 919 Claudius
792 853 911 918 efficax
935 873 1035 919 causa
1057 874 1122 918 non
1145 857 1206 930 est,
1231 859 1268 920 ut
1291 859 1393 941 mopis

66 948 302 1027 promoveatur
324 944 460 1009 effectus
482 944 598 1021 malus,
623 964 728 1025 neque
751 943 784 1007 in
803 963 843 1008 ea
858 942 1045 1008 condicione
1061 946 1121 1020 est,
1146 948 1183 1009 ut
1199 964 1273 1008 eum
1289 945 1394 1028 possit

66 1032 234 1116 impedire.
282 1032 456 1097 Rationem
479 1032 581 1116 igitur
604 1035 816 1097 excusantem
848 1032 964 1110 habet,
995 1052 1037 1097 ne
1060 1031 1213 1097 videlicet
1240 1033 1392 1098 avunculi

68 1121 191 1187 anxilio
215 1122 373 1204 privetur.
412 1121 503 1198 Quod
525 1122 632 1202 magis
655 1122 746 1187 valet
768 1142 827 1205 pro
850 1125 1008 1203 tempore,
1033 1141 1096 1202 quo
1112 1121 1264 1188 Claudius
1286 1122 1393 1207 suspi-

66 1216 162 1277 catos
191 1210 320 1293 quidem
351 1213 418 1287 est,
442 1211 498 1275 sed
530 1216 655 1276 certam
685 1209 836 1276 notitiam
864 1231 928 1275 non
951 1209 1066 1276 babuit
1096 1210 1136 1275 de
1165 1210 1277 1288 malis,
1309 1217 1420 1294 quae'

66 1298 191 1384 scripta
215 1299 412 1365 contineant.
437 1298 602 1364 —Aliud
626 1303 693 1376 est,
719 1299 745 1363 si
768 1298 801 1363 in
825 1299 939 1363 morbo
962 1299 1143 1364 avunculus
1166 1321 1202 1364 re
1225 1320 1305 1365 vera
1328 1321 1393 1365 non

66 1389 205 1454 haberet
228 1408 334 1470 neque
357 1386 454 1453 facile
476 1387 597 1453 habere
620 1392 749 1471 posset,
774 1387 828 1470 qui
852 1388 923 1453 loco
946 1387 1052 1453 nuntii
1076 1388 1233 1454 eiusmodi
1257 1410 1311 1454 res
1334 1410 1393 1455 ex·

68 1477 246 1561 pediendas
270 1481 411 1544 curaret.
450 1477 537 1542 Nam
560 1476 593 1541 in
616 1477 656 1541 iis
679 1476 842 1542 adiunctis
866 1497 919 1541 res
943 1477 1098 1542 scandalo
1114 1499 1173 1561 pro
1190 1477 1263 1543 aliis
1278 1479 1393 1562 plenas

67 1565 221 1632 Claudius
251 1565 431 1631 efficaciter
459 1566 565 1648 magis
595 1565 792 1633 diffunderet
824 1568 924 1647 atque
955 1572 1171 1650 propagaret3
1203 1588 1304 1649 quare
1336 1567 1393 1632 vix

68 1655 165 1721 aliter
189 1659 259 1721 tum
282 1654 454 1720 dicendum
478 1658 577 1732 esset,
600 1675 639 1720 ac
662 1676 740 1720 mox
764 1654 890 1720 dicetur
913 1655 953 1720 de
977 1655 1152 1739 scriptione
1175 1655 1208 1720 in
1231 1656 1270 1723 R.
1296 1659 1326 1722 3.

157 1761 196 1827 R.
214 1764 245 1828 3.
285 1760 427 1826 Gravior
450 1761 580 1826 omnino
604 1782 657 1826 res
681 1766 741 1840 est,
766 1760 914 1844 legendis
930 1765 965 1827 01
980 1760 1158 1826 scribendis
1174 1761 1271 1827 rebus
1287 1761 1393 1847 impiis
1402 1770 1454 1825 425

68 1851 266 1915 avunculum
288 1850 413 1916 iuvare.
444 1850 482 1915 In
505 1852 646 1937 topeodis
668 1871 726 1916 seu
742 1850 970 1934 praelegendis
986 1854 1118 1933 praeter
1131 1852 1223 1933 leges
1240 1851 1394 1918 ecclesia·

67 1938 170 2005 sticas
194 1940 364 2005 obstantes
386 1939 489 2004 habes
512 1939 690 2022 periculum
713 1961 773 2023 pro
797 1938 930 2006 Claudio
954 1938 1042 2023 ipso,
1066 1939 1134 2017 cui,
1164 1941 1335 2022 quominus
1358 1962 1395 2006 00

67 2032 223 2112 exponat,
247 2028 303 2093 lex
326 2028 478 2112 prohibet
499 2029 670 2095 naturalis.
703 2029 748 2095 Et
771 2049 968 2111 quamquam
985 2028 1039 2093 lex
1056 2029 1287 2107 ecclesiastica,
1312 2051 1394 2111 qua-

68 2124 165 2183 tenus
188 2117 331 2200 positiva
353 2117 496 2183 bumana
520 2122 580 2197 est,
604 2118 637 2182 in
661 2139 739 2183 casu
755 2118 868 2200 gravis
884 2117 1013 2183 omnino
1030 2117 1139 2183 damni
1155 2117 1267 2184 haberi
1283 2123 1395 2203 potest

67 2228 127 2290 pro
151 2206 414 2289 non-obligante:
440 2207 562 2272 auferri
585 2207 699 2289 nequit
721 2207 776 2271 lex
792 2206 961 2283 naturalis,
986 2227 1069 2288 quae
1086 2210 1189 2285 vetat,
1213 2228 1254 2272 nc
1270 2212 1395 2275 temere

68 2295 141 2378 quis
164 2295 343 2379 periculum
366 2296 492 2362 subeat.
539 2296 664 2362 Abesse
695 2317 789 2361 omne
817 2317 920 2377 grave
943 2295 1122 2380 periculum
1149 2317 1203 2361 res
1232 2318 1309 2362 rara
1332 2303 1393 2364 est.

161 2384 362 2451 Corrsoribere
394 2385 482 2451 mala
514 2391 548 2452 et
579 2384 696 2468 impia,
733 2385 795 2450 etsi
826 2384 971 2451 dictante
1001 2384 1123 2463 altero,
1159 2385 1265 2467 magis
1294 2387 1394 2452 etiam

68 2472 174 2538 habeo
198 2495 256 2558 pro
288 2474 416 2540 actione
446 2474 642 2540 intrinsecus
672 2475 769 2540 mala.
815 2473 914 2539 Sumo
941 2494 1027 2539 nunc
1057 2473 1227 2539 Claudium
1257 2474 1290 2539 in
1314 2475 1395 2540 seri·

69 2562 175 2627 bendo
198 2562 450 2630 instrumentum
475 2584 547 2628 esse
568 2564 730 2640 avunculi,
755 2563 813 2628 sed
829 2567 881 2629 est
895 2563 1148 2629 instrumentum
1164 2563 1286 2642 vivum,
1310 2564 1396 2630 sient

70 2652 297 2718 mandatarius
320 2653 574 2718 instrumentum
596 2658 648 2718 est
674 2652 869 2720 mandantis.
916 2652 1023 2729 Quare
1047 2673 1088 2717 ne
1111 2657 1149 2719 ut
1170 2653 1395 2720 mandatarius

70 2741 199 2822 quidem
225 2741 313 2806 mala
337 2741 540 2806 conscribere
564 2745 689 2824 potest,
715 2762 797 2823 quae
822 2741 1040 2808 destinatione
1063 2763 1123 2807 sua
1147 2742 1330 2825 diriguntur
1354 2742 1396 2809 ad

70 2829 163 2895 alios.
203 2830 270 2895 Eos
293 2829 378 2895 enirn
402 2830 463 2895 hoc
486 2829 582 2895 modo
606 2830 760 2896 admonet
783 2835 817 2896 et
840 2830 966 2896 excitat
984 2831 1025 2895 ad
1041 2830 1253 2914 impietatem,
1277 2832 1395 2897 saltem

70 2919 98 2983 si
130 2927 261 3004 plraeter
295 2923 496 3004 scriptionem
532 2921 623 2984 etium
661 2921 904 3005 divulgationem
939 2925 1104 3003 procurat.
1159 2920 1246 2986 Nam
1280 2942 1395 3003 parum

70 3008 226 3085 interest,
255 3007 326 3073 sive
355 3008 486 3092 seriptis
516 3007 586 3072 sive
617 3029 674 3073 ore
698 3008 780 3074 alios
803 3009 844 3073 ad
867 3014 1006 3092 peecata
1028 3009 1168 3074 excitem
1193 3013 1226 3075 et
1249 3008 1394 3076 invitem.

70 3097 194 3161 Verum
219 3118 261 3162 ex
284 3097 390 3162 alieno
414 3097 569 3163 mandato
592 3097 691 3163 tertio
715 3097 842 3162 cuidam
858 3103 1028 3180 peccatum
1052 3098 1191 3163 suadere
1214 3119 1330 3163 eumve
1354 3099 1396 3164 ad

71 3186 132 3250 hoc
156 3185 303 3252 excitare
325 3207 419 3251 nemo
443 3207 596 3269 umquam
620 3208 679 3269 pro
702 3186 790 3252 licito
814 3186 955 3252 habebit.

161 3275 194 3340 Si
218 3279 328 3341 autem
344 3274 497 3340 Claudius
520 3276 553 3340 in
576 3276 648 3340 sola
670 3275 845 3359 scriptione
866 3275 1009 3352 sisteret,
1033 3274 1141 3341 fateor
1164 3295 1228 3340 non
1244 3279 1397 3342 constare

71 3363 112 3428 ds
135 3363 314 3429 intrinseca
336 3364 463 3430 malitia
478 3365 536 3441 110,
561 3369 598 3430 ut
614 3365 764 3430 excusari
780 3385 843 3429 non
861 3367 973 3447 posset
988 3369 1123 3448 propter
1138 3367 1396 3450 arpertissimcm

72 3451 245 3531 rationem,
271 3473 301 3520 v.
319 3474 350 3536 g.
367 3456 490 3519 metum
514 3453 646 3528 mortis;
671 3458 817 3520 attamen
842 3453 1029 3521 etiamtum
1054 3458 1091 3520 ut
1113 3453 1282 3519 excusatio
1299 3454 1396 3532 adsit,

73 3562 145 3606 meo
176 3541 295 3607 iudicio
325 3543 517 3624 requiritur,
549 3547 586 3608 ut
616 3541 704 3608 absit
733 3542 817 3608 ratio
844 3542 957 3625 gravis
979 3542 1142 3621 scandali,
1173 3542 1332 3626 imprimis
1355 3565 1397 3610 ne

72 3651 125 3695 res
149 3631 355 3716 conscriptae
379 3631 599 3714 divulgandae
622 3632 878 3715 praevideantur
900 3653 984 3698 neve
1007 3637 1127 3699 natura
1142 3653 1202 3698 sua
1218 3632 1304 3698 tales
1320 3632 1396 3712 sint,

71 3723 197 3786 utnon
221 3721 348 3804 possint
371 3742 435 3785 non
460 3742 598 3786 causare
621 3742 758 3803 gravem
789 3720 927 3786 aliorum
950 3721 1094 3800 ruinam,
1125 3742 1237 3787 eorum
1260 3722 1396 3801 scilicet,

71 3808 126 3890 qui
150 3809 233 3876 alias
257 3810 298 3875 ad
321 3813 491 3893 peecatum
514 3808 623 3893 parati
646 3811 789 3875 nondum
811 3810 888 3877 sint.
934 3809 982 3878 uf.
1012 3812 1067 3877 lb.
1093 3833 1133 3878 m.
1157 3811 1182 3890 I,
1208 3813 1282 3879 669.

201 4040 331 4107 RITUS
355 4041 616 4107 ACATHOLICI
639 4039 912 4107 COOPERATIO
937 4040 985 4106 IN
1009 4041 1270 4111 NOSOCOMIO.

629 4207 739 4274 Casus.
767 4214 843 4285 (121)

162 4349 315 4409 Cornelius
330 4354 376 4408 est
392 4349 520 4408 famulus
541 4349 572 4407 in
593 4349 761 4409 nosocomio
783 4349 910 4426 publico,
933 4349 1015 4408 cuius
1038 4369 1109 4409 cura
1130 4355 1161 4409 et
1182 4348 1397 4408 administratio

72 4431 223 4489 sororibus
252 4450 270 4488 a
298 4429 500 4488 misericordia
524 4429 611 4489 dictis
640 4430 811 4489 concredita
839 4436 901 4498 est;
931 4430 960 4488 in
989 4450 1045 4505 quo
1073 4429 1255 4505 recipiuntur·
1283 4429 1398 4503 aegroti

73 4511 230 4570 cuiuslibet
243 4509 396 4584 religionis
412 4514 442 4567 et
457 4511 562 4568 cultus.
599 4509 721 4578 Quando
737 4510 850 4584 aegroti
872 4510 902 4568 in
916 4510 1001 4584 gravi
1023 4511 1152 4586 periculo
1168 4508 1396 4579 constituuntur,

72 4610 136 4650 mos
158 4597 219 4655 est.
242 4597 275 4649 nt
296 4590 449 4650 Cornelius
471 4610 488 4648 a
510 4589 660 4649 sororibus
681 4596 847 4660 moneatur,
870 4596 903 4648 ut
923 4589 1087 4648 ministrum
1108 4588 1260 4662 religionis
1282 4607 1398 4664 respec-

71 4671 152 4730 tirae
181 4671 322 4743 advocet,
351 4669 400 4745 qui
429 4671 475 4729 sui
504 4671 601 4729 cultus
629 4670 737 4730 solatia
766 4674 886 4745 aegroto
913 4676 1059 4746 procuret.
1100 4669 1237 4727 Ministro
1263 4674 1397 4742 rogante,
