3106 5168
434 283 540 352 Regula
558 291 659 338 renota
677 299 727 338 seu
746 286 804 340 lea:
827 282 874 338 SS.
894 284 945 340 00.
965 285 1083 339 decreta.
1379 289 1421 352 55

183 465 236 528 An
260 481 452 539 6666616616
476 463 515 525 2m
541 459 580 528 R.
608 462 638 527 1.
684 460 782 526 Aliud
806 465 858 526 est
881 481 1055 543 quaerere,
1087 482 1164 526 num
1195 461 1308 526 eodem
1338 467 1422 529 tem·
1434 470 1484 528 108

92 572 173 637 pora
206 550 347 617 diversis
379 550 507 616 actibus
539 548 686 633 pluribus
716 549 844 633 legibus
874 549 979 634 possit
1009 549 1179 628 satisfieri,
1211 551 1315 628 aliud,
1345 573 1423 617 num

93 661 158 707 uno
182 639 361 724 eodemque
385 644 471 706 actu.

182 744 223 812 R.
249 748 279 812 2.
327 745 494 810 Posterius
516 744 588 810 ficri
610 704 721 829 potest
744 746 778 809 et
800 745 855 823 fit,
884 744 1013 826 quando
1037 744 1187 810 diversae
1210 744 1302 828 leges
1324 767 1423 811 unum

94 835 301 917 eundemque
324 837 435 900 actum
457 833 492 898 in
515 833 682 899 individuo
706 832 959 899 determinatum
983 832 1137 916 exigunt,
1162 839 1221 902 aut
1244 854 1287 898 ex
1310 835 1425 901 eodem

91 924 219 991 motivo
252 922 389 989 eundem
422 927 531 989 actum
564 923 759 1007 specificum.
822 921 875 988 Sic
907 923 1021 987 eodem
1053 921 1172 988 ieiunio
1205 923 1327 990 satisfit
1358 923 1424 1006 legi

93 1016 254 1095 quattuor
276 1016 460 1095 temporum
491 1015 526 1078 et
548 1011 699 1094 vigiliae,
730 1009 758 1076 si
788 1009 822 1075 in
852 1010 989 1076 eundem
1015 1010 1099 1076 diem
1129 1011 1292 1087 incidunt3
1323 1017 1424 1094 atque

93 1102 195 1168 etism
226 1100 322 1166 unica
345 1100 446 1166 Missa
478 1099 600 1167 satisfit
628 1104 820 1185 praecepto,
852 1101 939 1183 quod
969 1099 1031 1165 diei
1063 1100 1244 1166 dominicae
1274 1105 1309 1167 et
1339 1102 1423 1183 quod

93 1191 181 1257 festo
205 1189 370 1268 inhaeret,
399 1189 528 1272 quando
551 1189 673 1255 festum
697 1188 786 1254 cadit
818 1189 851 1255 in
874 1187 1085 1255 dominicam:
1117 1210 1313 1272 quamquam
1338 1190 1423 1255 enim

93 1280 127 1345 in
152 1280 214 1345 hoc
238 1300 318 1344 casu
340 1277 495 1362 possibile
519 1282 583 1356 est,
608 1279 657 1343 bis
680 1278 802 1343 Missae
824 1279 997 1355 assistere,
1022 1278 1055 1343 id
1078 1299 1141 1343 non
1166 1279 1323 1361 exigitur,
1348 1279 1449 1362 quia·

94 1369 184 1435 idem
208 1367 365 1434 motivum
391 1368 498 1432 cultus
521 1367 622 1433 divini
651 1367 772 1453 publici
803 1367 932 1450 utrique
955 1367 1020 1449 legi
1044 1369 1166 1434 subest.
1213 1368 1307 1434 Alias
1329 1369 1423 1434 unico

93 1461 172 1523 actu
196 1457 279 1524 satis
301 1456 373 1522 fieri
396 1477 462 1521 non
484 1460 611 1540 potest;
636 1456 656 1522 i.
674 1477 702 1521 e.
723 1456 750 1520 si
775 1457 888 1521 eadem
905 1477 958 1521 res
981 1456 1133 1540 specifica
1149 1458 1275 1523 duabus
1297 1457 1425 1539 leffl'bus

93 1545 298 1631 praecipitur
320 1545 361 1611 ob
386 1545 516 1610 diversa
539 1545 665 1610 motiva
688 1545 839 1628 proxima
862 1549 897 1610 61
919 1545 1086 1625 formalia,
1111 1551 1207 1613 actus
1230 1551 1424 1630 praeceptus

92 1635 202 1720 repeti
226 1635 332 1701 debet.

185 1739 224 1805 R
250 1741 281 1807 3.
328 1738 436 1804 Possit
421 1743 478 1804 tne
501 1737 640 1804 diversis
664 1743 718 1804 act
703 1739 791 1804 tibus
820 1739 978 1805 eodemt
964 1744 1111 1824 tempore
1135 1740 1274 1806 diversis
1298 1741 1425 1823 legibus

95 1827 252 1895 satisfieri
276 1848 399 1903 annon,
432 1828 553 1911 pendet
580 1828 676 1910 l)ab
700 1849 756 1906 6ο,
785 1831 893 1894 utrum
918 1833 1012 1895 actus
1034 1828 1083 1894 illi
1103 1829 1223 1895 diversi
1246 1829 1314 1897 sint
1337 1852 1425 1896 com·

93 1917 269 2074 libetillbllb:
292 1938 416 2071 3333?
447 1917 481 2000 2)
505 1921 615 1983 utrum
639 1917 811 2000 legislator
834 1917 1012 2034 intenderit
1036 1922 1130 1984 actus
1155 1919 1255 1984 otiam
1278 1923 1425 2003 tempore

186 2130 239 2194 An
262 2133 517 2206 criassrrunii¹¹¹
540 2129 579 2195 R.
607 2133 635 2195 1.
682 2129 849 2212 Eligius
839 2152 873 2195 ln
904 2133 1008 2215 primo
1032 2152 1110 2197 casu
1133 2135 1185 2197 sat
1172 2131 1297 2199 tisfecit
1320 2139 1486 2215 nequ0109

93 2222 230 2286 tenetur
252 2218 358 2284 denuo
381 2218 484 2284 Sacro
507 2218 683 2291 interesse:
715 2240 808 2297 nam,
841 2220 903 2285 etsi
933 2219 1082 2286 nesciens
1104 2221 1227 2302 legem,
1258 2221 1426 2305 praestitit

93 2307 487 2465 Elmssallgeffiloigjcgens
511 2312 545 2375 et
569 2309 683 2373 volens
706 2313 917 2392 praeceptam
940 2329 1019 2375 rem.
1059 2309 1106 2376 of.
1132 2309 1425 2393 sulphurea

186 2502 225 2570 R
243 2506 273 2570 2
312 2503 402 2568 Idem
419 2501 470 2567 dic
487 2502 527 2567 de
550 2505 688 2568 secundo
712 2523 800 2579 casu,
825 2504 865 2568 de
881 2504 1123 2583 Communione,
1148 2503 1302 2586 quamob
1318 2504 1425 2587 legem

94 2592 286 2678 paschalem
317 2613 382 2657 non
412 2596 545 2658 tenetur
573 2596 667 2674 repet
668 2612 733 2658 ere.
781 2591 872 2658 Sicut
857 2592 972 2676 tipse
1001 2614 1067 2658 non
1089 2553 1199 2677 posuit
1222 2594 1346 2676 legem,
1377 2593 1425 2658 ita

94 2702 202 2765 neque
231 2681 342 2746 facere
373 2683 553 2764 potest,u
532 2680 624 2746 ut.S
650 2681 838 2746 Communio
862 2685 1010 2765 tempore
1033 2682 1179 2766 paschali
1202 2686 1333 2766 sumpta
1360 2703 1425 2747 non

94 2771 141 2836 sit
163 2791 218 2835 res
239 2770 298 2835 illa
320 2774 509 2853 praecepta
557 2769 806 2848 Cf.uu.m.,1
833 2774 905 2836 152

185 2876 224 2942 R.
251 2878 281 2943 3.
328 2874 439 2951 Quoad
464 2877 600 2960 reliquos
624 2896 734 2941 casus:
766 2876 930 2959 a)p0tuit
953 2877 1114 2960 quidem
1105 2900 1138 2943 ι6
1161 2877 1264 2942 Μ1666
1286 2897 1328 2943 ex
1351 2876 1487 2959 legello

96 2964 160 3031 diei
186 2964 366 3030 dominicae
397 2964 559 3029 audienda
582 2964 709 3046 Eligius
739 2965 835 3030 simul
865 2966 1024 3031 rosarium
1056 2987 1114 3049 pro
1138 2966 1341 3050 paenitentia
1371 2987 1424 3030 re-

95 3055 217 3120 citare:
250 3053 403 3135 coniungi
426 3053 511 3118 enim
536 3053 568 3118 hi
592 3057 686 3118 actus
709 3058 862 3137 possunt;
894 3076 998 3136 neque
1022 3059 1074 3121 est
1098 3055 1263 3120 contraria
1285 3055 1424 3120 intentio

94 3144 167 3208 sive
190 3142 360 3208 Ecclesiae
384 3142 454 3207 sive
478 3142 679 3209 confessarii.
726 3143 758 3208 S.
783 3143 900 3227 Alph.
925 3144 953 3220 I,
982 3146 1044 3209 166
1075 3149 1110 3210 61
1139 3145 1322 3210 Busemb.
1347 3143 1422 3209 ibid.

95 3233 130 3315 b)
163 3232 285 3296 Verum
317 3231 431 3297 eodem
465 3231 565 3297 Sacro
600 3230 793 3297 satisfacere
824 3232 889 3314 legi
919 3232 1104 3298 dominicali
1136 3237 1171 3298 et
1203 3232 1424 3315 paenitentiae

95 3320 329 3387 sacramentali
359 3343 420 3386 noc
448 3325 567 3406 potuit,
599 3320 661 3385 nisi
694 3320 914 3386 confessarius
947 3343 1103 3405 expresse
1128 3321 1317 3387 indulserit:
1348 3341 1424 3386 nam

95 3411 229 3476 diversa
245 3416 322 3476 sunt
338 3410 472 3484 motiva,
497 3432 539 3475 ex
555 3410 672 3491 quibus
687 3414 861 3492 utrumque
877 3415 1087 3494 praecaptum
1104 3411 1218 3477 fertur.
1258 3409 1290 3493 c)
1308 3410 1425 3492 Neque

95 3500 212 3566 eodem
241 3504 389 3583 tempore
419 3500 593 3565 attendens
624 3499 666 3563 ad
692 3499 772 3563 duas
795 3499 915 3565 Missas
938 3500 1069 3567 videtur
1098 3505 1166 3566 tum
1198 3499 1264 3583 legi
1287 3499 1424 3565 domini·

95 3589 158 3654 cali
192 3593 262 3654 tum
296 3588 526 3653 sacramentali
565 3588 786 3671 paenitentiae
825 3588 1045 3667 satisfecisse;
1090 3589 1306 3657 communiter
1338 3590 1424 3655 enirn

95 3676 300 3762 paenitentia
338 3676 587 3742 sacramentalis
626 3677 723 3743 aliter
759 3677 908 3760 intellegi
951 3679 1036 3745 solet
1074 3701 1094 3744 a
1132 3677 1340 3744 confessario.
1379 3717 1425 3725 -

96 3767 131 3850 d)
155 3767 264 3833 Minus
294 3765 395 3832 etiam
425 3765 625 3831 satisfecisse
656 3767 836 3832 censendus
866 3772 917 3834 est
947 3768 1178 3835 sacramentali
1203 3767 1424 3851 paenitentiae

95 3857 147 3922 bis
169 3855 321 3921 audiendi
344 3855 496 3933 Missam,
526 3876 598 3920 cum
622 3854 740 3920 Missas
764 3855 892 3922 audiret
915 3856 1028 3922 eodem
1052 3860 1217 3941 tempore;
1249 3879 1323 3922 nam
1348 3878 1425 3923 con·

96 3946 272 4018 fessarius,
302 3944 364 4009 6161
389 3943 477 4010 aliud
501 3944 595 4020 dicit,
626 3943 767 4010 intendit
790 3945 965 4010 secundum
991 3968 1192 4012 communem
1216 3967 1364 4021 sensum,
1389 3951 1425 4014 ut

95 4034 268 4120 paenitens
291 4033 373 4099 duas
396 4033 514 4098 Missas
538 3994 688 4098 audiatt
674 4037 822 4117 tempore
846 4034 1019 4101 distinctas
1022 4035 1123 4101 ..Cf
1153 4035 1323 4112 116661,
1352 4037 1423 4102 154.

164 4261 219 4328 SS.
245 4257 660 4326 CONGREGATIONUM
684 4259 788 4326 ROM.
812 4259 1016 4325 DECRETA
1039 4298 1083 4307 -
1112 4259 1355 4326 OBLIGATIO.

660 4424 770 4491 Casus.
800 4433 857 4500 (31)

185 4565 321 4625 Leander
334 4566 553 4637 neo-sacerdos,
575 4568 663 4632 rebus
678 4565 834 4625 ritualibus
850 4566 992 4642 imprimis
1010 4571 1152 4636 attentus,
1168 4565 1280 4624 videta
1295 4565 1424 4640 parocho

96 4648 214 4708 saniora
236 4647 387 4723 complura
408 4666 445 4706 ex
467 4646 589 4722 antiqua
611 4647 823 4705 consuetudine
845 4646 968 4716 servari,
993 4664 1068 4721 quae
1090 4645 1216 4704 decretis
1238 4645 1280 4704 δ”
1303 4643 1423 4704 Rituum
