3106 5168
160 280 203 345 66
582 273 623 329 De
640 273 736 343 regula
753 275 864 329 actuum
882 271 1070 328 bumanorum.

160 452 284 519 caritas
307 472 380 517 eum
405 473 499 516 usum
521 451 669 534 postulat
693 453 745 516 vel
769 449 896 529 suadet,
922 448 950 514 si
973 450 1068 516 modo
1090 449 1298 534 paenitentes
1321 473 1400 519 vere
1424 453 1489 520 dis·

160 542 258 626 positi
282 546 369 609 sunt.
392 540 617 606 —Attamen
647 539 734 605 sitne
763 539 932 605 eonsilium
963 559 1005 605 au
1036 538 1211 621 obligatio,
1241 561 1346 623 eaque
1375 543 1489 625 gravis

161 652 203 697 an
226 630 319 709 levis,
343 630 464 714 pendet
486 628 644 712 imprimis
667 650 688 693 a
711 628 917 705 necessitate,
941 627 975 692 in
998 648 1063 709 qua
1085 629 1257 712 paenitens
1275 630 1418 698 exsistit.
1454 631 1487 698 si

161 720 246 786 enim
260 722 370 806 quavis
393 727 437 784 est
460 717 658 802 paenitentis
674 721 841 784 necessitas
857 715 1046 801 spiritualis,
1071 737 1091 783 a
1114 738 1179 799 qua
1200 738 1260 802 per
1282 719 1382 784 alium
1402 741 1487 786 nune

160 831 225 875 non
247 809 354 893 possit
376 807 459 875 satis
481 808 563 873 bene
587 807 678 891 oripi,
703 806 857 873 Claudius
880 806 1044 889 obligatur
1066 827 1125 890 per
1148 808 1330 886 caritatem,
1356 812 1393 874 ut
1414 831 1487 875 suo·

160 902 281 976 currat,
307 919 380 964 oum
409 917 445 962 re
474 897 547 981 ipsa
575 896 673 962 facile
696 896 816 979 possit;
847 895 930 960 alias
953 895 1109 978 obligatio
1137 916 1202 961 non
1224 901 1286 963 est.
1332 897 1436 964 Immo
1459 899 1487 964 si

160 987 313 1053 Claudius
344 986 468 1053 iudicat
498 1006 557 1071 per
587 985 776 1051 dilationem
806 983 1021 1051 absolutionis
1052 990 1087 1052 et
1116 985 1346 1052 necessitatem
1375 1007 1487 1052 recur-

160 1075 251 1142 rendi
275 1077 316 1142 ad
340 1075 539 1159 superiorem
555 1073 776 1158 paenitentem
799 1073 965 1139 efficacius
980 1074 1138 1140 deterreui
1161 1095 1182 1140 a
1204 1075 1347 1158 relapsu,
1371 1076 1486 1142 lauda·

161 1165 269 1231 biliter
285 1166 415 1231 omnino
439 1164 480 1230 ab
504 1185 564 1230 usu
587 1163 751 1248 privilegii
767 1162 935 1229 abstinuit.
972 1163 1034 1228 Sed
1057 1162 1090 1227 in
1114 1163 1210 1246 praxi
1228 1184 1328 1248 saepe
1344 1164 1487 1231 dubitari

158 1259 279 1340 potest,
303 1276 381 1320 num
404 1255 472 1319 tale
495 1253 673 1319 remedium
697 1253 798 1330 iuvet,
824 1273 896 1318 eum
919 1252 1065 1335 possita
1089 1252 1253 1319 contrario
1277 1274 1407 1320 nocere.
