3106 5168
141 274 182 337 92
325 267 365 321 De
383 267 532 322 virtutibus
550 270 579 322 et
597 267 695 322 officiis
713 283 780 335 erga
797 265 892 320 Deum.
911 294 947 303 -
964 265 1088 321 Virtutes
1105 264 1283 334 theologicae.

80 455 128 510 181
229 445 269 511 lt.
294 447 324 511 2.
364 446 486 511 Verum
508 445 641 511 videtur
669 443 827 528 Serapion
855 464 893 509 re
921 443 995 527 ipsa
1024 444 1119 527 plura
1141 442 1295 527 explicite
1324 442 1410 508 scire
1434 448 1468 510 et

140 534 289 613 credere,
319 555 416 617 quam
439 534 510 618 ipse
532 533 728 618 praetendit.
775 533 810 599 Si
839 531 935 598 homo
958 532 1048 597 rudis
1075 535 1144 610 est,
1174 533 1468 616 acciderepotest,

140 627 178 689 ut
207 623 364 688 memoria
386 623 526 688 hominis
548 623 636 688 senis
665 623 779 700 fallat,
810 642 916 704 neque
945 621 1084 705 amplius
1114 641 1155 686 ea
1183 620 1324 688 recitare
1350 621 1466 705 possit,

140 733 225 794 quae
247 713 330 778 alias
353 711 488 795 quilibet
510 712 607 777 homo
631 711 811 778 catholicus
834 710 992 777 memoria
1013 710 1157 775 retinere
1180 710 1308 777 debeat.
1353 709 1401 776 At
1428 710 1466 789 si,

139 802 364 884 interrogatus
392 801 434 866 ds
464 800 658 866 necessariis
688 800 851 879 articulis,
885 821 942 865 eos
970 799 1164 881 intellegere
1193 804 1228 866 et
1250 799 1328 864 olim
1351 798 1468 865 melius

140 889 275 955 scivisse
298 890 561 974 deprehenditur,
585 890 650 955 iam
675 889 863 973 explicitam
887 889 983 954 fidem
1006 888 1047 953 de
1070 888 1111 953 iis
1134 888 1265 972 saepius
1287 888 1409 967 elicuit,
1434 892 1469 954 et

140 982 318 1062 praeeunte
342 978 541 1044 confessario
566 978 664 1045 etiam
688 1000 774 1043 nunc
797 977 894 1043 facile
916 977 1035 1044 iterum
1059 976 1175 1043 eliciet.
1221 975 1314 1054 Quod
1342 977 1377 1042 in
1406 977 1467 1043 tali

139 1068 268 1133 homine
292 1067 480 1150 ceteroquin
504 1070 609 1134 bonae
632 1067 814 1133 voluntatis
837 1066 968 1134 sufficit.
1014 1065 1240 1132 Admoneatur
1269 1070 1398 1143 tamen,
1429 1070 1467 1133 ut

140 1177 198 1240 pro
232 1178 329 1240 posse
365 1178 401 1223 se
436 1156 575 1241 amplius
608 1156 835 1222 instruendum
869 1159 962 1222 curet
995 1176 1080 1220 neve
1115 1155 1263 1233 omittat,
1298 1154 1468 1222 doctrinae

139 1245 337 1312 christianae
361 1251 395 1313 et
418 1246 623 1313 contionibus
646 1245 759 1311 diebus
783 1243 951 1311 dominicis
975 1248 1009 1311 et
1031 1243 1127 1310 festis
1149 1243 1318 1311 interesse.

227 1351 266 1418 R.
292 1355 323 1419 3.
371 1351 535 1436 Sapricius
559 1372 686 1417 omnem
710 1350 860 1417 timorem
882 1354 956 1418 tuto
980 1350 1143 1435 deponere
1164 1354 1277 1434 potest
1299 1353 1334 1416 et
1358 1349 1466 1417 debet.

139 1440 211 1506 Nisi
241 1441 326 1507 enim
355 1441 390 1506 in
418 1441 580 1507 haeresim
610 1441 721 1524 lapsus
751 1440 847 1505 fidem
877 1440 1050 1518 amiserat,
1080 1459 1215 1505 necesse
1241 1460 1306 1504 non
1328 1443 1397 1517 est,
1430 1442 1468 1505 ut

139 1529 292 1614 explicite
323 1531 499 1614 praecipua
529 1529 726 1596 christianae
755 1529 830 1595 fidei
861 1530 1016 1612 dogmata
1046 1528 1079 1594 in
1109 1528 1298 1594 memoriam
1329 1527 1468 1594 reducat

138 1619 241 1700 iisque
272 1624 407 1720 propter
436 1618 498 1721 Dei
529 1619 709 1720 loquentis·
723 1617 955 1685 auctoritatem
969 1617 1048 1719 ‘sub
1079 1617 1244 1719 Ecclesiae
1274 1615 1466 1718 magisterio

138 1708 839 1875 tutati?desistatis..
853 1707 895 1862 ii
918 1729 1011 1862 til
1023 1706 1467 1873 ..filiolitatis

139 1885 202 1950 etsi
225 1886 264 1950 de
288 1908 326 1952 eo
350 1907 414 1951 non
437 1887 598 1953 reflectat.
645 1885 717 1951 Tali
746 1886 842 1952 modo
865 1885 947 1952 satis
970 1905 1133 1969 superque
1155 1889 1367 1969 praeceptum
1390 1883 1467 1950 fidei

139 1974 315 2040 eliciendae
339 1974 461 2058 implet.

399 2199 518 2264 FlDEl
541 2199 777 2266 CONFESSIO
801 2200 857 2265 ET
881 2197 1201 2266 DISSIMULA'PIO.

702 2356 814 2423 Casus.
841 2364 900 2430 (51)

228 2496 403 2574 caprasius,
432 2496 567 2555 minister
589 2496 788 2565 acatholicus,
817 2495 949 2570 graviter
970 2496 1148 2555 decumbens
1176 2496 1214 2554 ad
1241 2514 1274 2554 se
1298 2496 1465 2555 vocandum

138 2584 223 2638 curat
253 2578 435 2637 sacerdotem
459 2576 636 2635 catholicum
664 2577 694 2634 in
723 2577 826 2635 habitu
853 2576 953 2635 laicali
981 2596 1071 2652 seque
1104 2576 1281 2635 catholicum
1302 2574 1367 2634 fiori
1387 2577 1465 2636 velle

139 2659 286 2730 declarat,
308 2661 362 2717 sub
383 2657 574 2732 sequentibus
596 2656 832 2717 condicionibus:
857 2658 885 2730 1)
907 2662 948 2727 nt,
971 2657 997 2716 si
1018 2657 1170 2727 moriatur,
1191 2675 1240 2714 res
1261 2661 1325 2714 tota
1345 2661 1467 2731 tegatur

138 2759 173 2799 ac
194 2739 331 2799 sinantur
351 2738 470 2813 cognati
492 2756 592 2796 curam
614 2756 703 2813 agere
724 2737 760 2796 de
782 2756 921 2814 corpore,
943 2742 1031 2814 prout
1052 2736 1211 2814 placuerit;
1240 2736 1272 2809 2)
1300 2743 1349 2806 nt,
1374 2736 1400 2795 si
1422 2756 1465 2796 re·

137 2819 345 2890 convalescat,
372 2817 463 2877 liceat
490 2817 546 2877 sibi
574 2816 610 2876 ad
637 2822 755 2894 tempus
783 2818 1006 2877 conversionem
1035 2837 1118 2877 suam
1140 2816 1342 2886 dissimulare,
1372 2816 1465 2876 donec

136 2899 257 2976 negotia
278 2898 452 2976 temporalia
474 2898 679 2974 composuerit,
702 2897 759 2957 sibi
781 2917 909 2974 suasque
930 2898 1060 2957 familias
1081 2896 1212 2975 potnerit
1232 2896 1397 2973 providere.

137 3015 314 3085 Qusnsrrna
336 3015 365 3073 1⁰
391 3033 466 3091 quae
487 3014 528 3072 sit
549 3013 690 3089 obligatio
711 3014 798 3072 fidem
819 3013 984 3090 profitendi.

335 3104 365 3162 2⁰
391 3103 526 3181 possitne
547 3102 704 3179 aliquando
726 3102 800 3161 fides
822 3101 1010 3161 dissimulari.

335 3194 365 3252 3⁰
390 3212 459 3251 num
481 3192 623 3268 Caprasio
645 3210 690 3279 ea,
712 3210 787 3267 quae
808 3192 957 3268 proponit,
978 3188 1124 3265 indulgeri
1144 3187 1270 3265 possint.

733 3389 869 3457 Salutio.

77 3544 127 3598 182
226 3535 492 3610 Anqnassrrnu
520 3537 555 3596 1“1
579 3533 668 3602 R.1.
716 3532 791 3598 Alia
821 3536 873 3598 ost
903 3531 1059 3614 obligatio
1089 3531 1186 3597 fidem
1215 3553 1281 3597 non
1311 3531 1463 3614 negandi,

137 3623 202 3688 alia
219 3644 290 3687 cam
306 3622 447 3706 positive
463 3622 646 3706 profitendi.
683 3621 785 3701 Prior,
810 3643 881 3687 cum
901 3622 945 3687 sit
960 3622 1015 3686 lex
1031 3621 1197 3702 negativa,
1221 3625 1319 3704 urget
1335 3641 1465 3704 semper

137 3717 171 3778 et
194 3733 252 3796 pro
276 3733 420 3795 semper,
451 3710 627 3794 posterior,
658 3715 773 3795 utpote
796 3710 952 3794 positiva,
977 3732 1042 3776 non
1066 3713 1163 3792 urget
1186 3730 1325 3794 semper.
1373 3708 1465 3787 Quod

137 3800 236 3867 ctiam
266 3805 361 3884 patet
390 3821 431 3865 ex
462 3800 580 3882 agendi
613 3799 741 3865 ratione
770 3799 1026 3866 Christianorum
1056 3799 1169 3883 primis
1199 3799 1464 3883 persecutionum

136 3889 293 3956 sacculis:
325 3889 440 3971 quibus
463 3888 557 3955 multi
588 3888 773 3970 e1·ant,qui
803 3888 929 3954 occulte
953 3888 1116 3956 Christum
1140 3888 1301 3967 colebant,
1331 3887 1465 3953 minime

136 3978 264 4063 publice
287 3979 328 4044 ab
352 3978 499 4043 omnibus
528 3981 565 4044 ut
589 3977 756 4043 christiani
781 3978 1064 4060 dignoscebantur,
1096 3999 1200 4060 neque
1223 3981 1400 4062 propiarea
1423 3978 1464 4042 ab

137 4068 285 4134 Ecclesia
308 4067 639 4152 reprehendebantur.

225 4174 264 4239 R.
286 4176 315 4239 2.
354 4173 540 4257 Aliquando
557 4178 668 4239 tamen
689 4173 783 4238 adest
805 4172 860 4236 lex
884 4171 1024 4255 positive
1042 4172 1139 4237 fidem
1157 4172 1342 4255 profitendi,
1366 4171 1465 4255 idque

136 4285 201 4329 non
223 4263 328 4329 solum
359 4283 400 4327 ex
430 4263 504 4344 lege
535 4262 773 4338 ecclesiastica,
805 4261 934 4344 quando
957 4261 1106 4326 Ecclesia
1129 4265 1252 4327 certam
1283 4261 1357 4326 fidei
1388 4283 1464 4345 pro-

136 4353 311 4418 fessionem
347 4357 535 4433 certamque
569 4351 708 4416 formam
743 4351 938 4435 praescribit
972 4348 1023 4431 (nt
1056 4350 1090 4415 in
1124 4350 1329 4416 assumendis
1364 4351 1464 4418 certis

136 4442 323 4507 muneribus
339 4440 580 4517 ecclesiasticis,
605 4440 637 4505 in
662 4441 857 4506 assumendo
874 4440 1008 4505 docendi
1024 4460 1159 4505 munere
1182 4440 1215 4503 in
1238 4439 1359 4504 scholis
1375 4439 1463 4522 etc),

136 4531 194 4596 sed
226 4530 326 4596 etiam
359 4530 534 4613 aliquando
567 4550 608 4594 cx
640 4530 715 4612 lege
745 4529 1032 4608 divino-naturali,
1064 4528 1234 4595 videlicet:
1271 4529 1303 4611 1)
1333 4530 1463 4611 qnando

137 4620 347 4685 taciturnitas
370 4640 414 4684 ex
437 4618 692 4686 circumstantiis
715 4620 883 4703 negationi
906 4621 958 4684 vel
984 4619 1229 4685 erubescentiae
1253 4619 1327 4684 fidei
1352 4619 1464 4702 aequi-
