3106 5168
182 287 248 352 516
676 285 716 339 De
734 285 841 352 legibus
861 284 1006 338 Ecclesiae.

182 461 378 528 locutionem
409 462 450 527 ad
481 482 519 525 ea
550 481 623 526 sese
653 482 718 526 non
742 462 928 527 extendere.
976 460 1086 526 Etiam
1110 461 1295 527 haereticus
1318 483 1385 527 non
1409 466 1503 541 esset,

182 550 212 615 si
234 555 408 633 propterea
430 550 606 634 positivum
622 572 790 615 assensum
814 551 846 615 in
864 550 1082 616 narrationem
1100 571 1208 614 rerum
1226 551 1427 616 minutarum
1452 573 1505 616 ne-

182 642 306 719 gasset,
323 639 408 721 quod
424 643 565 722 putaret,
584 638 643 703 sibi
657 644 782 704 certum
798 661 862 704 non
876 660 958 714 esse,
976 660 1033 703 eas
1048 639 1236 704 inversione
1250 645 1340 706 recte
1357 640 1504 724 exprimi.

183 767 225 774 —-
250 727 352 792 Immo
375 728 481 811 ipsum
504 729 688 810 exemplum
713 729 849 793 allatum
873 729 913 792 de
937 749 1017 793 eane
1036 728 1158 793 Tobiae
1182 728 1253 811 agit
1276 729 1317 793 de
1338 730 1504 795 levissimo

182 817 295 893 inciso,
320 818 405 898 quod
428 816 521 883 deest
544 819 576 881 in
601 817 840 900 exemplaribus
864 817 1012 893 Graecis,
1038 816 1077 880 de
1101 817 1192 882 cuius
1214 817 1317 898 igitur
1340 820 1505 886 authenti·

182 906 284 972 citate
308 906 438 970 dubium
462 927 595 970 movere
618 907 711 971 netas
735 910 879 971 nonest.
919 905 1006 970 Nam
1029 906 1095 971 ista
1117 907 1253 970 verbula
1275 907 1443 990 pertinere
1466 909 1504 974 ad

181 995 256 1060 illas
283 1003 392 1079 portes
423 994 574 1060 editionis
597 994 780 1076 Vulgatae,
812 1015 893 1076 quas
916 994 1085 1059 concilium
1110 994 1336 1060 Tridentinum
1361 995 1506 1063 definivit

181 1104 295 1148 sacras
318 1089 352 1150 et
376 1084 548 1148 canonicas
563 1105 645 1156 esse,
670 1083 732 1148 dici
749 1083 870 1165 nequit.
910 1083 1016 1160 Quare
1033 1104 1074 1148 ex
1089 1083 1151 1149 hac
1167 1084 1296 1149 ratione
1312 1085 1505 1153 Lambertus

181 1171 216 1236 iu
239 1172 296 1237 illa
318 1193 354 1237 re
384 1193 449 1236 non
476 1177 528 1238 est
557 1173 751 1238 haereticus.
798 1176 907 1254 Atque
938 1173 970 1237 in
1001 1193 1121 1254 genere
1145 1172 1207 1237 dici
1231 1174 1328 1238 debet
1359 1175 1505 1240 accidere

182 1282 289 1344 posse,
315 1261 408 1327 utin
431 1262 528 1326 rebus
551 1283 610 1344 per
633 1282 668 1326 se
691 1262 733 1325 ad
756 1262 852 1326 fidem
877 1266 911 1327 et
934 1282 1041 1325 mores
1065 1283 1128 1325 non
1153 1262 1394 1344 pertinentibus
1417 1286 1505 1329 men·

183 1351 258 1414 dum
289 1350 420 1431 aliquod
451 1349 485 1414 in
515 1350 717 1432 exemplaria
746 1351 777 1418 S.
811 1350 998 1433 Scripturas
1028 1351 1227 1433 transcripta
1258 1351 1310 1414 vel
1344 1352 1380 1416 in
1409 1354 1504 1418 aliam

181 1438 327 1522 linguam
344 1460 441 1503 versa
457 1439 642 1522 irrepserit:
667 1445 866 1523 quapropter
883 1440 1014 1504 dubium
1032 1440 1119 1505 circa
1136 1439 1290 1504 eiusmodi
1307 1461 1364 1506 res
1380 1441 1504 1507 facilius

182 1532 294 1611 potest
318 1527 443 1611 concipi
467 1528 606 1610 impune.

104 1646 172 1698 1010
271 1633 309 1698 R.
343 1635 373 1699 5.
426 1634 568 1699 Gravius
599 1640 668 1709 est,
702 1635 787 1715 quod
817 1633 931 1698 ultimo
961 1634 1034 1699 loco
1065 1634 1104 1699 de
1135 1634 1310 1699 Lamberto
1342 1642 1503 1703 narratur.

182 1722 302 1803 Agitur
318 1723 402 1786 enim
423 1722 463 1786 de
484 1723 630 1788 sollemni
654 1723 744 1788 facto
760 1744 780 1787 a
797 1723 828 1788 S.
848 1723 944 1787 Petro
968 1723 1001 1787 in
1017 1722 1157 1806 epistula
1180 1723 1337 1789 canonica
1363 1730 1503 1803 narrato,

182 1812 268 1892 quod
292 1812 391 1876 etiam
414 1833 474 1894 per
489 1833 524 1876 se
548 1812 589 1877 ad
605 1812 701 1876 fidem
719 1811 877 1895 pertinet;
902 1812 986 1893 quod
1011 1812 1127 1893 siquis
1150 1812 1181 1877 in
1199 1812 1370 1895 Scriptura
1394 1814 1503 1897 legens

182 1904 298 1981 negat,
331 1907 431 1982 negat
461 1921 498 1965 eo
529 1901 600 1984 ipso
631 1901 879 1967 canonizitatem
911 1907 945 1966 et
968 1901 1111 1964 divinam
1135 1901 1381 1984 inspirationem
1413 1903 1502 1968 huius

181 1988 342 2071 epistulae
366 1989 477 2054 eiusve
501 1995 645 2072 partem:
670 2011 765 2071 quam
790 1989 1035 2072 inspirationem
1063 1990 1126 2054 fide
1149 1990 1324 2055 tenendam
1346 2011 1421 2057 esse
1444 1993 1502 2057 Ec·

181 2078 282 2143 alesia
305 2079 468 2144 catholica
492 2079 647 2144 definivit.
694 2069 848 2161 Turpiter
870 2078 971 2159 igitur
994 2082 1084 2144 errat
1106 2078 1318 2155 Lambertus,
1349 2079 1380 2144 si
1402 2101 1444 2145 ex
1467 2103 1501 2146 eo

180 2171 320 2248 quaerat
343 2167 603 2238 excusationem,
635 2169 720 2249 quod
750 2169 853 2251 ipsam
879 2167 963 2232 hanc
986 2167 1217 2250 particularem
1242 2168 1418 2234 veritatem
1443 2171 1500 2234 Ec·

180 2255 281 2320 clesia
313 2278 377 2321 non
407 2278 530 2322 canone
561 2257 670 2337 aliquo
701 2256 860 2338 singulari
890 2256 1037 2322 definivit
1067 2257 1120 2321 vel
1152 2256 1184 2320 in
1215 2257 1400 2339 symbolum
1431 2259 1499 2324 fidei

180 2345 386 2410 inserendam
404 2345 539 2410 curavit.
581 2345 708 2411 Sufficit
731 2367 783 2410 me
806 2367 927 2427 negare
944 2365 1179 2426 quamcumque
1196 2346 1383 2424 veritatem,
1408 2368 1498 2429 quam

117 2472 121 2478 -
181 2433 270 2498 clare
298 2433 515 2499 intellexerim
542 2434 575 2498 in
599 2435 681 2499 libro
705 2434 864 2518 inspirato
889 2434 1013 2511 doceri,
1044 2437 1081 2498 ut
1104 2434 1306 2500 committam
1332 2437 1498 2502 haeresim.

181 2522 403 2605 Quapropter,
435 2523 496 2587 etsi
520 2523 713 2590 Lambertus
736 2524 823 2588 torte
846 2526 980 2606 propter
1003 2522 1177 2588 stultitiam
1201 2545 1294 2588 suam
1318 2530 1497 2603 excusetur,

182 2632 223 2675 ne
246 2610 359 2677 statim
382 2611 557 2677 incurrerit
580 2612 724 2676 haeresis
748 2633 902 2694 poenam,
934 2612 961 2676 si
991 2616 1102 2676 tamen
1127 2612 1262 2677 edoctus
1287 2615 1498 2696 permanserit

182 2699 215 2763 in
245 2699 308 2764 tide
338 2700 432 2764 dictis
469 2700 499 2765 S.
532 2700 622 2765 Petri
652 2707 788 2766 externe
819 2701 1028 2781 deneganda,
1063 2704 1235 2765 externam
1265 2701 1427 2768 haeresim
1457 2705 1497 2768 ita

182 2788 340 2870 complet,
372 2792 408 2853 ut
438 2789 803 2854 excommunicationem
835 2789 981 2854 Romano
1005 2789 1153 2853 Pontifici
1179 2789 1369 2872 specialiter
1401 2814 1496 2857 reser-

183 2881 294 2942 vatam
319 2899 382 2941 999
407 2878 551 2959 effugiat.

456 3100 609 3165 LECTIO
634 3099 860 3165 LIBRORUM
886 3101 1229 3168 PROHIBITORUM.

737 3256 846 3322 Casus.
875 3266 950 3332 (307)

271 3404 485 3477 Leodegarius,
515 3404 632 3478 legendi
664 3404 834 3463 curiositate
865 3411 984 3480 captus,
1016 3410 1047 3463 ut
1078 3407 1177 3466 varios
1208 3408 1358 3468 hominum
1390 3429 1496 3468 errores

181 3483 285 3554 discat,
308 3484 381 3557 legit
401 3485 492 3542 libros
507 3484 689 3553 Tertulliani,
713 3485 835 3555 Caluini,
857 3485 959 3543 Kantii
980 3486 1148 3563 philosophi
1171 3487 1409 3562 Regiomontani,
1431 3491 1496 3549 Her-

179 3564 263 3620 mesii
299 3565 522 3639 recentioresque
557 3566 700 3640 polamica
728 3565 839 3640 scripta
867 3567 960 3624 Haaei
991 3573 1095 3624 eontra
1122 3567 1288 3626 Ecclesiam
1317 3570 1497 3634 catholicam,

180 3648 284 3716 atque,
314 3644 430 3702 nomine
453 3645 537 3716 dato,
566 3645 622 3703 sibi
643 3645 802 3703 mittendas
824 3652 909 3704 curat
938 3651 967 3703 et
991 3647 1065 3721 legit
1092 3647 1293 3723 ephemerides
1315 3650 1452 3708 liberales
1472 3656 1497 3707 et

181 3722 275 3780 diaria
297 3725 485 3783 socialistica.

180 3835 357 3904 Quaaarrua
381 3842 408 3898 1⁰
434 3860 507 3914 quae
530 3842 640 3915 scripta
661 3861 717 3915 qua
738 3842 804 3914 lege
826 3841 1045 3916 prohibeantur.

379 3933 408 3984 2⁰
434 3931 500 4003 quid
523 3931 556 3987 de
578 3931 704 3988 lectione
725 3930 898 4003 Leodegarii
921 3930 1073 3987 dicendum
1096 3931 1143 3990 sit.

774 4136 907 4202 Salutio.

102 4290 166 4343 1011
269 4278 321 4340 An
346 4298 534 4351 ouxasrrun
562 4280 598 4339 1ω
623 4278 659 4341 R.
681 4281 707 4341 1.
744 4278 921 4344 Prohibitio
938 4280 1092 4343 librorum
1108 4280 1288 4344 aliorumve
1307 4283 1497 4366 scriptorum

179 4367 319 4430 aliaest
344 4388 384 4429 ex
409 4368 480 4448 lege
505 4367 782 4440 divino-naturali,
808 4368 872 4431 alia
897 4391 937 4432 ex
961 4370 1033 4449 loge
1057 4369 1198 4451 positiva
1215 4370 1394 4437 Ecclesiae.
1435 4372 1499 4434 Lex

179 4456 468 4520 divino-naturalis
498 4478 560 4519 non
586 4477 660 4519 raro
693 4457 779 4520 ultra
802 4458 907 4537 legem
933 4458 1106 4540 positivam
1131 4459 1333 4525 extenditur.
1382 4461 1498 4525 Verum

179 4545 279 4607 etiam
304 4567 320 4607 9
347 4566 502 4608 converso
526 4547 581 4609 lex
605 4544 745 4627 positiva
770 4546 919 4611 subsistit
943 4548 1041 4610 etiam
1065 4568 1123 4628 pro
1147 4547 1196 4623 iis,
1222 4569 1305 4629 quos
1329 4550 1384 4614 lex
1409 4557 1499 4614 natu-

178 4633 274 4708 ralis,
304 4638 417 4714 utpote
441 4656 524 4714 quae
547 4636 578 4699 in
604 4635 746 4716 periculo
771 4656 813 4697 ex
836 4636 975 4699 lectione
999 4636 1133 4699 oriundo
1157 4637 1299 4715 nitatur,
1331 4661 1397 4703 non
1422 4640 1500 4721 liga·
