3106 5168
369 295 503 350 Bonorum
521 297 688 368 privatorum
707 297 851 366 acquisitio
870 327 904 335 -
922 301 1066 366 occupatio.
1315 302 1378 367 299

144 473 184 539 R.
202 473 234 539 4.
268 471 487 539 Nihilominus
509 473 665 556 praedam
688 473 720 538 in
744 473 828 539 silva
852 473 1076 540 absconditam
1093 473 1252 540 Silvester
1271 475 1380 558 potuit
1389 485 1441 540 588

55 561 124 628 sinc
148 561 278 646 proprie
301 560 389 628 dicta
411 562 572 628 iniustitia
595 563 746 628 retinere.
793 563 829 627 ld
864 563 895 644 1)
925 566 1049 629 certum
1080 567 1147 639 est,
1178 563 1206 626 si
1236 584 1278 628 ex
1309 565 1379 631 sola

55 651 208 735 pactione
231 650 271 716 de
300 671 365 715 non
395 650 546 717 iacienda
574 650 717 717 iudiciali
740 651 986 718 denuntiatione
1015 653 1137 736 pracda
1160 652 1316 719 transivit
1345 653 1378 718 in

56 740 232 806 dominium
255 739 337 804 Titi:
369 761 444 805 narn
476 740 585 824 pactio
615 746 686 806 erat
714 741 754 805 de
783 741 854 805 sola
883 740 1006 824 praeda
1036 740 1218 825 praesenti,
1250 762 1314 806 non
1339 742 1378 807 de

56 829 120 895 alia
143 829 267 912 ignota.
308 829 343 911 2)
361 828 427 893 Vix
451 829 624 894 nunidem
640 828 703 894 dici
727 829 823 894 debet
846 829 945 896 etiam
969 830 1003 893 in
1027 851 1065 894 eo
1089 851 1177 906 casu,
1202 851 1265 910 quo
1288 830 1379 913 leges

55 918 217 1002 positivae
233 917 381 983 dederint
396 918 470 983 Tito
494 918 544 983 ius
564 918 625 983 sibi
648 918 834 1002 postulandi
853 919 1009 1002 praedam
1025 940 1045 983 a
1062 918 1220 984 Silvestre
1236 923 1376 1003 captam.

56 1007 241 1073 Postulavit
271 1007 357 1071 enim
387 1008 490 1072 solam
521 1027 592 1072 eam
624 1028 643 1072 a
673 1028 710 1072 se
734 1007 971 1091 occupandam,
1003 1028 1101 1089 quam
1132 1011 1261 1090 captam
1285 1007 1377 1084 vidit,

55 1118 161 1179 neque
184 1096 283 1162 aliam
306 1116 467 1180 occupare
490 1096 666 1178 cogitavit,
697 1118 769 1161 cum
797 1097 938 1162 nesciret
967 1117 1072 1179 neque
1098 1097 1236 1180 probare
1266 1109 1378 1180 posset

55 1187 212 1251 maiorem
235 1185 390 1269 praedam
409 1205 481 1249 csse
496 1185 630 1262 factam,
655 1205 759 1266 neque
774 1189 852 1251 ante
874 1186 1046 1268 probatam
1062 1184 1269 1250 venationem
1293 1185 1378 1251 ulte-

55 1274 174 1340 riorem
190 1274 383 1358 culpabilem
403 1273 453 1339 ius
468 1273 685 1358 postulandae
700 1273 842 1357 praedae
859 1273 984 1340 aderat.
1022 1273 1060 1339 Id
1084 1295 1122 1338 eo
1145 1274 1251 1356 magis
1273 1274 1379 1339 teneri

55 1368 182 1447 potest,
213 1384 285 1428 cum
309 1363 410 1428 simus
433 1363 670 1445 quodammodo
699 1364 733 1428 in
763 1363 836 1444 lege
866 1363 995 1447 poenali
1025 1362 1183 1447 positiva,
1215 1383 1299 1445 quae
1328 1362 1378 1427 ius

55 1452 206 1518 naturale
223 1451 391 1518 venatoris
414 1454 454 1516 ob
478 1454 606 1537 culpam
631 1457 745 1518 contra
768 1452 859 1534 leges
882 1451 1041 1535 positivus
1064 1451 1268 1516 commissam
1285 1451 1378 1516 dimi-

55 1547 149 1607 nuat:
175 1562 258 1624 quae
274 1561 378 1625 poena
394 1562 470 1605 nurn
486 1542 572 1625 pleni
588 1541 667 1607 iuris
684 1541 737 1620 sit,
755 1545 929 1624 antequam
943 1541 983 1606 de
999 1540 1094 1625 culpa
1110 1541 1142 1605 in
1155 1541 1226 1607 foro
1240 1545 1378 1606 externo

55 1637 191 1712 agatur,
223 1635 333 1714 potest
357 1630 508 1696 dubitari.
555 1631 721 1696 Summum
750 1629 852 1712 igitur
875 1629 1051 1706 silvester,
1075 1630 1102 1694 si
1132 1630 1206 1712 lege
1236 1630 1379 1713 positiva

55 1719 258 1803 prohibetur,
284 1717 453 1800 quominus
476 1720 710 1804 proprietatem
734 1719 829 1784 huius
852 1718 994 1801 praedae
1017 1718 1142 1802 capiat.
1167 1740 1235 1783 rem
1259 1719 1379 1784 nullius

55 1809 186 1884 retinet,
211 1807 324 1873 vendit
346 1807 399 1872 vel
423 1808 593 1886 consumit,
617 1828 722 1889 neque
744 1811 880 1892 propter
903 1808 1079 1874 utilitatem
1096 1808 1149 1872 vel
1172 1807 1312 1891 pretium
1337 1829 1379 1873 ex

55 1918 93 1962 ea
117 1901 307 1980 perceptum
331 1901 430 1978 atque
454 1902 616 1963 retentum
641 1896 816 1963 committit
839 1896 1043 1973 iniustitiam,
1068 1902 1242 1978 antequam
1267 1918 1303 1961 re
1322 1897 1378 1963 de·

55 1990 143 2052 tecta
167 2007 187 2049 a
210 1985 356 2066 legitimo
380 1986 551 2052 venditore
574 1987 615 2052 ad
640 1986 818 2051 cedendum
842 1984 904 2050 sibi
925 1984 1066 2069 pretium
1091 1989 1236 2068 cogatur.

410 2228 742 2295 FRAUDULENTA
766 2227 1018 2295 OCCUPATIO.

609 2395 720 2463 Casus.
749 2405 825 2473 (175)

143 2535 310 2595 Venantius
338 2536 515 2612 exquisitum
546 2537 641 2596 cibum
670 2539 785 2614 spargit
812 2538 953 2597 columbis
982 2538 1059 2597 suis:
1088 2557 1144 2614 quo
1173 2556 1263 2615 saepe
1288 2538 1377 2598 etiam

55 2618 207 2677 columbae
228 2616 390 2675 vicinorum
412 2618 610 2677 attrahuntur.
642 2616 721 2686 Quas
743 2638 808 2677 cum
823 2619 904 2678 videt
924 2620 954 2677 in
976 2638 1029 2677 suo
1052 2618 1240 2687 columbaria
1263 2619 1377 2679 nasibi

54 2704 159 2775 postea
180 2696 344 2772 aufugiant,
366 2697 490 2773 impiger
510 2716 617 2773 capere
638 2705 668 2756 et
689 2698 823 2758 occidere
844 2699 929 2757 solet.

143 2786 284 2846 Similiter
310 2805 473 2862 perennes
499 2806 569 2845 suos
591 2787 647 2845 sibi
668 2787 742 2847 alios
764 2787 913 2846 adiunxit:
942 2807 1015 2862 quos
1043 2807 1096 2864 per
1117 2787 1233 2863 aliquod
1260 2793 1377 2866 tempus

54 2866 203 2926 nutritae
226 2866 329 2924 deinde
351 2866 460 2924 vendit.

55 2980 231 3050 Quaanrrun
251 2999 318 3038 num
340 2981 369 3039 in
392 2981 449 3039 illis
471 2980 590 3040 casibus
611 2981 760 3040 Venantio
781 2981 824 3040 ita
845 3001 935 3057 ogere
956 2981 1080 3041 licuerit.

649 3169 784 3236 Solutio.

144 3313 182 3379 R..
207 3314 252 3376 cd
278 3316 314 3376 1¹ln
338 3335 465 3377 oesuiu:
491 3310 665 3376 Columbae
689 3311 818 3393 quidem
842 3310 927 3378 inter
951 3333 989 3377 ea
1013 3311 1168 3378 animalia
1190 3311 1439 3378 referuntur589

54 3423 138 3484 quae
162 3400 312 3466 dicuntur
335 3400 572 3483 inoiasoefacto,
604 3422 668 3464 non
699 3422 758 3483 per
780 3421 816 3465 se
839 3405 1011 3467 mansueta
1035 3421 1093 3466 seu
1116 3401 1311 3478 domestica,
1343 3404 1378 3466 et

55 3491 165 3574 proin.
196 3489 224 3554 si
247 3489 434 3555 revertendi
458 3488 722 3554 consuetudinem
748 3489 788 3554 ad
818 3489 986 3573 proprium
1009 3489 1173 3556 dominum
1197 3489 1376 3567 arriserint,

54 3581 136 3645 fiunt
160 3578 255 3662 plimi
278 3578 468 3662 occupantis
491 3599 548 3643 seu
572 3579 658 3656 eiua,
683 3577 715 3642 in
739 3577 829 3643 cuius
854 3578 1087 3644 columbarium
1111 3600 1147 3645 se
1170 3578 1377 3645 contulerint.

54 3706 97 3713 -
122 3669 243 3733 Verum
267 3667 450 3734 Venantius
473 3667 603 3732 videtur
626 3689 669 3732 ex
692 3667 817 3732 duabus
846 3667 1027 3733 rationibus
1056 3669 1131 3751 plus
1153 3688 1257 3750 aequo
1282 3688 1377 3732 occu-

55 3757 187 3841 patione
210 3779 288 3822 usus
304 3777 386 3823 esse.
422 3755 508 3821 Nam
535 3756 566 3837 1)
583 3756 668 3839 quod
693 3756 867 3838 aliquando
885 3757 1053 3822 columbae
1077 3757 1204 3823 alienae
1227 3757 1260 3821 in
1283 3777 1378 3821 suurn

54 3846 287 3912 columbarium
317 3867 353 3911 se
385 3846 597 3924 contulerint,
629 3846 770 3910 nondum
801 3846 918 3929 probat
942 3866 998 3910 eas
1028 3846 1176 3911 amisisse
1205 3850 1378 3911 consuetu·

55 3936 162 4001 dinem
193 3935 234 4000 ad
264 3935 405 4019 priorem
436 3935 599 3999 dominum
630 3934 835 4011 revertendi3
870 3955 948 4017 ergo
979 3934 1084 4000 adhuc
1116 3941 1192 4002 sunt
1224 3934 1376 4000 alterius:

55 4024 161 4103 aliter,
185 4023 213 4088 si
236 4023 302 4088 iam
326 4027 517 4089 constanter
539 4022 571 4088 in
591 4024 824 4089 columbarium
841 4023 995 4089 Venantii
1011 4023 1157 4090 veniunt.
1197 4023 1231 4104 2)
1247 4023 1378 4088 Timen-

55 4113 131 4180 dum
162 4118 228 4191 est,
267 4133 307 4178 ne
335 4112 457 4195 froude
480 4111 662 4177 Venantius
692 4113 816 4178 alienas
847 4113 1014 4178 columbas
1044 4114 1085 4178 ad
1115 4134 1151 4178 se
1182 4112 1377 4178 attraxerit:

55 4202 170 4268 fraude
186 4223 265 4267 vcro
281 4222 380 4285 agere
404 4201 524 4266 nemini
546 4200 637 4277 licet;
662 4201 719 4266 sed
743 4202 803 4266 hoc
826 4202 1001 4286 reparandi
1017 4201 1127 4268 damni
1146 4201 1377 4283 obligationem

55 4312 165 4357 secum
189 4290 262 4357 lert.

144 4387 361 4453 Nihilominus
381 4387 487 4469 quoad
511 4387 593 4453 lianc
616 4387 777 4453 rationem
794 4387 967 4453 videndum
992 4392 1053 4465 est,
1078 4386 1154 4469 quid
1178 4384 1377 4452 consuetudo

55 4476 242 4561 permittat,
273 4477 430 4559 siquidem
461 4497 525 4540 non
549 4475 657 4540 omnia
680 4476 804 4551 media,
835 4497 918 4558 quae
942 4476 1049 4558 aliquo
1080 4476 1175 4540 modo
1200 4481 1278 4557 apta
1301 4478 1378 4538 sunt

56 4566 97 4631 ad
127 4567 251 4632 alienas
275 4565 441 4631 columbas
469 4564 698 4642 attrahendas,
730 4565 804 4630 ilico
834 4587 893 4649 pro
923 4565 1037 4630 illicita
1060 4565 1175 4629 fraude
1206 4563 1376 4640 habentur,

56 4654 116 4720 nisi
139 4657 222 4721 fiant
244 4652 515 4720 extraordinaria.
568 4655 622 4720 Tb.
649 4677 687 4720 m.
712 4653 737 4731 I,
763 4657 838 4721 912.
