3106 5168
69 291 143 347 Iuris
152 292 221 347 laesi
228 272 363 365 reparatio
379 323 409 331 -
424 311 458 348 ex
468 294 574 349 actione
584 295 773 351 damnificante
782 313 844 350 cum
853 297 932 365 σπῖρα
941 298 1085 364 theologica
1095 304 1143 349 aut
1153 297 1278 350 iurldiea.
1327 288 1391 364 341

69 469 123 534 bic
147 472 257 535 autem
281 491 382 536 eausa
404 471 594 538 immediata
617 476 652 538 et
667 471 787 537 efficax
803 471 901 538 alieni
918 472 1026 538 damni
1043 493 1110 538 uua
1124 475 1177 537 est
1191 470 1292 555 Lipeii
1307 471 1393 538 actio

69 580 136 640 qua
158 558 269 641 dirigit
292 563 472 626 torrentem
495 581 600 642 aquae
623 561 656 625 iu
680 581 795 643 agrum
812 561 964 627 vicinum.
996 561 1057 627 Est
1079 560 1181 642 igitur
1202 560 1284 626 haec
1306 561 1392 626 actio

69 669 169 712 consa
193 647 320 725 damni,
341 654 450 715 'cauea
475 650 605 734 efficax,
637 669 738 715 causa
758 653 849 735 plene
871 652 1052 716 voluntaria
1082 653 1182 730 atque
1206 650 1394 736 culpabilie;

69 742 122 802 est
145 735 245 802 etiam
274 739 411 821 briasto,
447 759 522 803 narn
552 739 675 805 iniusta
705 759 777 803 esse
807 759 850 804 ex
880 740 941 804 hac
973 738 1044 804 sola
1066 737 1194 804 ratione
1218 739 1391 815 desineret,

69 824 255 891 necessaria
278 830 367 892 esset
389 827 474 908 quod
498 827 539 892 ad
562 827 727 912 proprium
752 827 905 893 damnum
930 826 1160 903 avertendum;
1192 826 1232 892 de
1262 827 1392 910 proprio

68 918 179 979 autem
205 914 323 980 damno
346 914 446 999 Lipeii
470 917 649 982 avertendo
671 916 769 1000 plane
792 936 856 981 non
880 916 991 999 agitur
1012 916 1046 980 in
1070 937 1157 983 casu.

159 1020 198 1088 R.
223 1025 252 1086 2.
300 1021 334 1087 Si
358 1021 486 1103 quando
502 1023 584 1088 haec
600 1043 705 1105 aquae
721 1023 851 1088 aversio
867 1027 1043 1105 utcumque
1066 1021 1155 1088 utilis
1178 1019 1296 1086 fuisset
1311 1033 1456 1103 agrocl‘u

68 1108 187 1193 Lipsii,
220 1109 389 1176 etiamtum
420 1110 573 1176 damnum
597 1112 694 1194 longe
717 1112 822 1177 maius
851 1111 1003 1177 aricino
1026 1110 1255 1177 incurrendum
1284 1107 1393 1193 potius

68 1198 197 1264 evitare
232 1198 412 1276 debuisset,
448 1199 519 1264 iure
552 1203 665 1266 tamen
698 1200 769 1284 ipse
804 1221 824 1265 a
858 1200 964 1266 vicino
999 1199 1246 1265 indemnitatem
1278 1201 1355 1282 post
1377 1233 1391 1244 ·

69 1287 182 1352 lasset.
207 1287 410 1353 -sivero
442 1288 611 1371 utriusque
643 1290 796 1355 damnum
828 1288 899 1355 fere
928 1288 1047 1356 luisset
1069 1288 1223 1370 aequale,
1255 1287 1391 1363 vicinus,

69 1381 229 1458 quantum
252 1376 322 1442 fieri
345 1377 462 1461 potuit,
486 1379 666 1443 monendus
689 1378 817 1460 quidem
841 1377 967 1457 luisset,
992 1382 1030 1444 ut
1052 1398 1111 1461 pro
1134 1397 1230 1461 posse
1253 1375 1314 1440 eibi
1337 1397 1393 1442 ca·

69 1468 181 1542 verat,
212 1465 269 1531 sed
293 1472 409 1550 postca
431 1466 560 1550 Lipsius
583 1467 702 1533 iniuste
725 1488 791 1532 non
822 1467 962 1549 egisset,
994 1487 1073 1532 suae
1097 1465 1233 1532 utilitati
1256 1465 1309 1530 vel
1333 1486 1392 1531 suo

68 1554 251 1620 avertendo
283 1554 401 1620 damno
433 1554 621 1630 intendens;
654 1556 752 1621 immo
785 1576 826 1620 ne
860 1560 929 1622 turn
963 1555 1093 1637 quidem
1115 1555 1235 1620 iniuste
1259 1554 1391 1637 egisset,

69 1642 274 1709 restitutioni
289 1643 457 1720 obnoxius,
482 1644 509 1708 si
533 1644 574 1709 ad
597 1664 691 1709 suurn
715 1644 869 1709 damnum
892 1645 1106 1710 avertendum
1122 1643 1282 1728 impulsus
1306 1647 1394 1710 eeset

68 1732 142 1798 sola
163 1731 369 1815 praevisione
392 1736 426 1797 et
448 1731 628 1800 intentione
652 1733 761 1799 damni
784 1733 882 1799 vicini
905 1735 972 1799 eui:
1003 1753 1199 1816 quamquam
1223 1737 1293 1799 tum
1317 1752 1393 1814 gra·

68 1821 157 1887 viter
179 1825 348 1904 peccasset
371 1824 486 1888 contra
509 1821 692 1889 caritatem.

262 2041 473 2108 ΙΝΤΕΝΤΙΟ
498 2043 705 2108 Rauunns
728 2042 954 2109 ΑΟΤΙΟΝΕΜ
978 2043 1203 2112 INIUSTAM.

625 2200 736 2267 Caena.
764 2207 840 2275 (208)

160 2333 266 2392 Petrus
288 2339 319 2392 et
338 2333 449 2393 Paulus
471 2334 580 2394 adeunt
602 2335 766 2395 cubiculum
788 2335 950 2395 communis
970 2334 1067 2404 amici,
1088 2333 1136 2410 qui
1159 2335 1252 2393 abest.
1287 2334 1393 2395 Petrus

67 2414 255 2489 horologium
283 2414 358 2488 quod
385 2414 427 2473 ibi
455 2415 565 2491 reperit
593 2416 669 2474 clam
696 2416 726 2475 in
755 2435 873 2475 saccum
900 2415 998 2474 mittit.
1040 2415 1152 2490 Inque
1174 2414 1392 2474 cumaPaulo

68 2494 323 2570 deprehendatur,
355 2493 483 2571 speciem
504 2495 599 2554 induit
620 2495 748 2554 faciendi
776 2496 833 2555 ioci
857 2501 944 2571 atque
966 2495 1090 2553 Paulum
1111 2493 1200 2552 etiam
1221 2493 1335 2553 excitat
1354 2495 1392 2553 ad

68 2593 169 2633 aecum
198 2573 355 2633 sumendos
382 2574 495 2650 aliquot
521 2574 629 2646 libros,
661 2577 779 2651 ,quos“‚
809 2577 866 2647 ait,
899 2575 986 2647 ,mibi
1015 2574 1144 2633 crastino
1169 2572 1215 2632 die
1243 2574 1330 2646 affer,
1359 2581 1394 2634 ut

67 2661 139 2731 post
165 2654 376 2714 hebdomadam
403 2674 452 2714 ree
473 2654 558 2731 quasi
583 2655 722 2715 inventas
751 2655 845 2715 amico
873 2655 996 2715 reddere
1018 2653 1158 2730 poesim“.
1199 2653 1309 2714 Verum
1329 2654 1393 2732 ipse

66 2734 197 2794 intendit
217 2753 254 2793 ea
274 2736 443 2793 nullatenus
464 2735 601 2806 reddere,
623 2736 675 2794 aed
697 2734 753 2794 sibi
775 2735 872 2794 omnia
892 2735 1029 2794 retinere.
1070 2735 1113 2793 At
1132 2733 1198 2811 ipsa
1218 2734 1275 2793 hac
1295 2742 1392 2806 nocte,

67 2821 226 2891 autequam
248 2815 359 2873 Paulus
380 2814 469 2873 Petro
497 2815 589 2874 libros
617 2816 722 2875 afferre
749 2822 868 2893 posset,
897 2820 927 2874 et
953 2814 1022 2873 huic
1043 2814 1226 2889 horologium
1250 2818 1281 2873 et
1300 2814 1393 2875 Paulo

65 2895 136 2954 libri
158 2896 237 2954 furto
259 2896 442 2954 auferuntur.

66 2999 246 3069 Quanmrua
268 3002 297 3058 1⁰
322 3019 390 3058 uum
411 3003 531 3058 intenlio
552 2999 650 3058 damni
671 3000 770 3059 facere
791 3000 901 3076 possit,
928 3006 961 3059 ut
981 2999 1066 3059 modo
1089 2999 1182 3068 adsit,
1209 3000 1293 3058 modo
1314 2999 1394 3059 absit

322 3079 463 3154 obligatio
484 3079 668 3140 restituendi.

267 3171 297 3228 2⁰
321 3169 352 3227 iu
373 3173 475 3228 nostro
497 3188 568 3227 casu
589 3174 764 3228 teneaturne
785 3168 891 3228 Petrus
912 3168 961 3227 vel
981 3168 1092 3226 Paulus
1116 3166 1152 3226 ad
1173 3166 1390 3227 restitutionem

323 3248 417 3308 amico
439 3248 614 3308 faciendam.

267 3341 296 3397 3ο
321 3357 389 3396 num
411 3338 569 3414 quidquam
590 3337 717 3409 intersit,
740 3342 837 3396 utrum
851 3337 962 3396 Paulus
984 3337 1048 3412 ipse
1069 3335 1126 3396 eibi
1146 3334 1239 3395 libros
1261 3354 1391 3412 assump-

322 3417 395 3477 serit
416 3438 454 3477 an
475 3439 494 3476 a
514 3417 604 3477 Petro
625 3417 684 3476 iam
706 3423 875 3494 assumptos
897 3415 1054 3494 acceperit.

662 3598 798 3666 Salutio.

157 3739 210 3804 An
233 3759 424 3816 euaasrrun
449 3742 486 3804 1²¹
509 3739 548 3804 R.
576 3742 603 3803 1.
649 3738 792 3805 Intentio
816 3737 925 3811 damni
954 3739 1064 3805 lacere
1087 3743 1214 3823 potest,
1245 3743 1282 3807 ut
1305 3740 1391 3807 actio
1403 3757 1456 3811 674

67 3831 139 3897 sive
161 3829 195 3893 in
218 3849 254 3894 se
277 3828 347 3893 sive
371 3848 435 3909 qua
458 3827 670 3893 damnificana
685 3827 730 3894 sit
745 3828 942 3907 voluntaria,
967 3849 1039 3894 eum
1056 3828 1140 3895 alias
1156 3831 1244 3894 esset
1258 3834 1393 3914 propter

66 3917 344 3985 inadverteutiam
376 3917 429 3982 vel
464 3917 573 3982 damni
604 3916 748 3983 secuturi
779 3917 1000 4000 ignorantiam
1031 3921 1301 3987 non-voluntaria.
1354 3919 1392 3983 in

67 4030 133 4091 quo
156 4028 235 4074 casu
268 4010 357 4072 certe
390 4011 499 4090 potest
527 4005 598 4071 fieri
630 4011 667 4072 ut
697 4011 831 4090 propter
860 4005 1074 4073 intentionem
1098 4005 1208 4072 damni
1230 4007 1317 4074 adsit
1339 4029 1392 4072 re·

66 4096 226 4164 stituendi
248 4095 415 4178 obligatio,
439 4095 525 4162 absit
547 4095 729 4161 intentione
752 4094 932 4162 deficient.

157 4202 196 4268 R.
221 4205 251 4266 2.
299 4200 441 4266 Intentio
473 4200 582 4265 damni
615 4200 790 4283 aliquando
823 4199 1048 4267 demonstrare
1087 4202 1197 4283 potest
1229 4199 1390 4265 actionem

66 4311 141 4357 esse
164 4311 229 4355 nou
252 4290 356 4355 solum
387 4289 547 4355 obiective
578 4289 871 4365 damnificativam,
904 4289 961 4355 sed
994 4289 1094 4356 etiam
1126 4288 1310 4354 formaliter
1340 4289 1390 4353 in-

64 4382 197 4447 iustam.
230 4379 363 4445 Scilicet
385 4378 413 4443 si
435 4377 507 4443 sola
529 4378 615 4444 ratio
639 4377 832 4444 defendendi
856 4399 924 4443 rem
940 4378 1107 4462 propriam
1125 4397 1224 4442 cauea
1246 4382 1307 4452 est,
1333 4398 1391 4442 cur

66 4470 155 4536 actio
179 4468 274 4534 alteri
299 4467 456 4533 damnosa
478 4486 542 4531 non
558 4467 602 4534 sit
616 4466 746 4545 iniusta,
771 4467 909 4533 intentio
926 4467 1036 4532 damni
1052 4465 1147 4532 alieni
1165 4465 1390 4532 demonstrare

66 4561 179 4643 potest
209 4556 293 4622 hanc
325 4556 518 4621 defendendi
548 4555 708 4622 rationem
741 4556 856 4621 abesse
879 4556 921 4620 ab
951 4555 1095 4633 actione,
1129 4575 1264 4637 eamque
1298 4555 1389 4637 proin

66 4668 141 4714 esee
164 4646 328 4713 iniustam.
346 4681 388 4689 —
406 4644 439 4710 Si
461 4650 572 4712 tamen
596 4649 735 4727 utraque
757 4645 853 4722 ratio,
878 4649 912 4711 et
934 4643 983 4709 rei
998 4643 1150 4728 propriae
1166 4643 1390 4711 defendendae
