3106 5168
444 1104 519 1186 DE
561 1103 998 1190 CONTRAOTIBUS.

367 1357 369 1361 ’
403 1349 688 1417 CONTRACTUS
721 1351 779 1416 DE
810 1351 868 1416 RE
899 1351 1041 1418 TURPI.

619 1516 729 1582 Casus.
757 1524 833 1592 (241)

150 1653 296 1724 Tiberius»,
317 1653 403 1712 homo
421 1654 515 1725 ferox,
536 1659 667 1731 tempore
682 1655 867 1714 dissidiorum
888 1656 1072 1733 publicorum
1094 1656 1267 1716 conducitur
1281 1661 1318 1717 ab
1334 1660 1385 1718 ali·

59 1755 118 1811 quo
133 1735 260 1792 virorum
282 1733 431 1792 consortio
452 1735 489 1793 ad
511 1735 700 1793 occidendum
722 1736 923 1795 adversarium
945 1736 1018 1811 ipsis
1032 1737 1118 1795 valde
1140 1757 1270 1798 exosum.
1305 1740 1385 1799 Data

59 1815 151 1873 arrha
172 1815 211 1872 20
224 1833 280 1872 mc.
301 1814 477 1889 promittunt
497 1835 550 1890 pro
572 1821 690 1890 patrato
712 1816 842 1875 facinore
865 1817 921 1875 duo
942 1816 1024 1874 milia
1044 1836 1209 1876 marcarum
1231 1823 1261 1877 et
1282 1839 1385 1897 oppor-

59 1894 218 1954 tunitatem
241 1894 373 1968 fugiendi
393 1895 424 1952 in
445 1895 621 1955 Americam.

152 1974 203 2033 Cui
226 1973 376 2045 Tiberius,
406 1993 471 2033 cum
499 1981 641 2050 gravetur
669 1994 755 2046 cura,
783 1995 870 2050 quam
898 1995 987 2050 agere
1015 1975 1102 2035 debet
1128 1977 1232 2035 matris
1255 1980 1384 2050 vetulae,

60 2056 188 2114 libenter
208 2053 344 2113 assentit.
385 2053 508 2113 Patrato
530 2055 667 2125 crimine,
697 2056 747 2114 isti
773 2055 831 2114 viri
859 2056 932 2114 nihil
955 2056 1091 2127 solvunt,
1120 2056 1269 2115 Tiberium
1297 2060 1385 2118 relin-

58 2139 163 2212 quunt,
185 2135 233 2209 qui
255 2134 379 2211 capitur,
402 2135 596 2206 convincitur,
618 2141 712 2194 morte
733 2135 888 2195 multatur:
911 2143 1006 2194 mater
1026 2141 1187 2212 superstes,
1210 2137 1240 2195 in
1255 2158 1385 2199 summas

60 2215 218 2290 angustias
240 2215 371 2284 redacta,
396 2215 447 2273 vix
469 2222 619 2274 extremae
639 2216 814 2274 necessitati
835 2221 935 2292 potest
955 2215 1117 2292 providere.

59 2338 238 2408 Quanarrna
260 2339 289 2397 1⁰
314 2338 452 2397 valeatne
475 2343 645 2397 contractus
666 2339 762 2414 turpis
783 2339 831 2398 vel
853 2339 940 2416 pretii
962 2340 1026 2398 eius
1047 2339 1223 2401 aestimatio.

260 2428 290 2484 2⁰
315 2428 392 2486 sitne
414 2427 524 2486 iniuste
545 2436 644 2486 actum
667 2433 771 2486 contra
792 2428 942 2487 Tiberium
964 2429 1066 2487 eiusve
1087 2433 1219 2488 matrem.

656 2627 791 2695 Salutio.

151 2771 203 2833 An
227 2789 419 2844 Quassmun
445 2771 481 2833 1¹²¹
505 2769 544 2835 R.
564 2771 591 2834 1.
635 2769 830 2836 Contractus
854 2771 894 2836 de
917 2793 953 2837 re
977 2771 1064 2855 turpi
1088 2791 1145 2836 seu
1168 2771 1282 2838 illicita
1306 2789 1448 2852 qua-784

58 2880 199 2939 cumque
222 2859 421 2941 praestanda
445 2879 524 2923 sane
547 2858 709 2923 invalidus
734 2863 798 2936 est,
832 2881 905 2924 cum
928 2881 1023 2924 nemo
1047 2860 1184 2941 obligari
1217 2860 1322 2943 possit
1345 2861 1387 2925 ad

59 2970 102 3014 ea
125 2947 335 3031 praestanda,
361 2947 402 3012 ad
426 2969 509 3035 quae
533 2947 714 3013 omittenda
737 2948 902 3030 obligatus
926 2953 985 3014 est.
1010 2948 1236 3014 —Attamen
1259 2969 1301 3013 ex
1325 2949 1386 3014 hoc

61 3037 205 3103 nondum
229 3037 377 3118 seqnitur
399 3039 474 3120 post
504 3057 570 3101 rem
596 3041 724 3119 turpem
749 3037 941 3119 praestitam
970 3058 1034 3102 non
1059 3058 1131 3103 esse
1154 3037 1385 3119 obligationem

60 3125 219 3192 reddendi
250 3146 307 3203 ea,
340 3147 423 3207 quae
453 3146 512 3208 pro
542 3146 577 3190 re
607 3126 673 3191 ista
702 3126 789 3209 turpi
821 3125 943 3192 fuerint
972 3125 1142 3209 promissa.
1189 3126 1275 3190 Nam
1306 3126 1387 3190 haec

61 3213 216 3300 promissi
238 3215 357 3280 solutio
382 3235 440 3279 seu
464 3214 609 3297 impletio
634 3214 757 3296 aliquid
780 3222 877 3298 turpe
900 3236 959 3298 per
981 3235 1017 3279 se
1040 3236 1105 3279 non
1129 3214 1285 3280 continet.

155 3320 192 3386 R.
211 3324 240 3385 2.
277 3320 353 3384 Non
376 3320 472 3403 pauci
495 3319 624 3401 quidem
648 3320 825 3401 scriptores
850 3325 984 3385 censent
1008 3323 1198 3385 contractus
1225 3318 1387 3402 quoslibet

62 3411 104 3474 de
128 3430 164 3473 re
188 3408 276 3492 turpi
298 3431 356 3474 seu
379 3409 495 3474 illicita
517 3408 564 3473 ita
588 3429 660 3473 esse
683 3408 865 3496 invalidos„
881 3415 917 3475 ut
933 3409 1033 3475 etiarn
1055 3412 1132 3493 post
1154 3429 1223 3473 rem
1238 3408 1386 3475 illicitam

63 3498 259 3582 praestitam
283 3498 414 3564 nonsit
446 3497 639 3581 promissam
664 3498 846 3575 mercedem
869 3497 1017 3563 solvendi
1049 3497 1194 3563 iustitiae
1218 3497 1386 3579 obligatio,

64 3589 188 3652 Verum
211 3587 244 3652 id
267 3587 444 3652 universim
469 3591 581 3652 tenere
605 3586 696 3652 ducit
718 3586 759 3651 ad
783 3587 934 3664 absurda,
959 3609 990 3653 ν.
1007 3608 1039 3669 g.
1064 3588 1193 3652 labores
1217 3587 1268 3652 die
1292 3587 1386 3654 Dom.

63 3675 243 3761 praestitos
276 3697 341 3741 non
376 3697 448 3741 esse
483 3676 676 3750 solvend0s;
717 3677 882 3741 ducendae
916 3676 1044 3759 puellae
1079 3677 1139 3741 sub
1174 3676 1387 3759 promissione

63 3766 263 3831 matrimonii
294 3766 450 3831 seductae
480 3766 601 3829 nullam
626 3785 698 3829 esse
728 3764 976 3848 obligationem,
1008 3770 1070 3831 etc.
1118 3764 1215 3829 Proin
1245 3766 1389 3848 practice

63 3855 172 3922 teneri
196 3855 293 3922 debet
316 3853 531 3931 contrarium,
563 3854 624 3918 nisi
647 3854 734 3919 forte
765 3854 798 3918 in
821 3854 1014 3936 quibusdam
1040 3855 1138 3920 rebus
1168 3855 1223 3919 lex
1246 3855 1388 3938 positiva

63 3946 98 4009 in
128 3964 266 4027 poenam
298 3943 441 4009 criminis
464 3944 517 4008 vel
548 3943 725 4007 communis
754 3943 831 4009 boni
861 3943 1096 4027 protectionem
1127 3943 1176 4008 ius
1207 3943 1388 4026 exigendae

64 4033 226 4099 mercedis
256 4032 425 4099 sustulerit
456 4069 496 4077 —
528 4031 559 4096 id
584 4032 669 4113 quod
699 4033 848 4116 publicae
872 4032 1079 4099 auctoritatis
1103 4032 1296 4098 facultatem
1323 4052 1388 4096 non

63 4123 206 4189 excedit.
254 4122 300 4188 Cf.
331 4124 385 4188 lb.
410 4144 450 4188 ur.
475 4121 499 4199 l,
528 4124 612 4186 1052
629 4143 699 4203 sqq.

156 4227 194 4294 R.
220 4230 250 4293 3.
286 4226 494 4293 Antecedens
517 4226 619 4308 igitur
642 4231 829 4292 contractus
852 4225 958 4309 turpis
982 4225 1128 4292 continet
1151 4225 1183 4289 in
1207 4244 1243 4289 se
1266 4223 1388 4288 laboris

64 4324 101 4384 et
124 4316 275 4400 periculi,
306 4316 392 4398 quod
415 4337 486 4380 cum
511 4336 547 4380 re
570 4315 659 4398 turpi
682 4314 881 4399 praestanda
905 4315 1127 4395 coniungitur,
1159 4313 1211 4377 vel
1234 4311 1387 4377 similium

65 4405 265 4491 appretiatio
281 4427 323 4470 ex
340 4404 566 4470 conventione.
601 4404 658 4469 Cui
681 4425 740 4487 per
763 4424 798 4468 se
821 4409 937 4487 postea
960 4404 1113 4468 standum
1137 4406 1197 4478 est,
1221 4401 1284 4464 nisi
1299 4401 1388 4466 clare

65 4499 227 4581 appareat
258 4515 329 4560 esse
356 4495 603 4577 promissionem
627 4493 841 4560 excessivam.
889 4493 1012 4573 Inque
1046 4513 1125 4557 casu
1156 4489 1308 4574 prudenti
1338 4489 1388 4554 iu-

64 4587 150 4651 dicio
174 4605 299 4649 merces
322 4583 484 4667 promissa
507 4582 616 4647 reduci
641 4586 760 4665 potest.
