3106 5168
276 278 401 333 Virtutes
419 296 481 333 cum
499 278 589 333 debito
608 278 705 333 morali
723 282 848 333 tautum:
875 279 1019 331 Grulltudo
1039 276 1151 344 eiusque
1170 274 1262 328 laesio.

106 456 237 523 facilius
260 456 324 522 erit
347 455 502 539 obligatio
535 459 563 522 ei
592 455 817 534 succurrendi,
849 476 946 537 quam
974 453 1106 520 cuilibet
1129 457 1304 528 extraneo,
1336 454 1435 532 atque

107 545 188 611 ordo
211 545 360 612 caritatis
383 546 530 629 postulat
553 545 693 623 omnino,
718 550 755 611 ut
778 544 994 628 praeferatur.

197 650 237 717 R.
262 654 292 719 3.
339 650 544 733 Ingratitudo
567 650 726 734 imprimis
750 651 845 717 adest
875 670 978 732 eaque
1006 647 1152 713 formalis
1182 646 1216 711 in
1246 648 1435 728 contemptu

107 739 255 806 beneficii
279 744 313 805 et
335 740 564 816 benefactoris,
590 761 684 824 quom
709 741 781 822 quis
805 761 843 805 eo
867 739 975 804 animo
999 738 1101 814 fovet,
1125 756 1166 800 ne
1188 734 1339 801 videatur
1362 755 1435 799 esso

107 828 278 896 obnoxius.
314 829 361 897 Ut
384 834 494 895 autem
517 829 656 894 mortale
675 828 761 895 adsit
778 833 949 913 peccatum
965 826 1218 912 inqrutitudr'nis,
1242 823 1436 907 supponit-ur

107 938 264 1001 magnum
287 917 478 984 beneficium
502 923 536 984 et
558 917 734 1001 requiritur
757 922 963 1001 contemptus
984 918 1103 1001 quavis.
1123 950 1167 958 —
1190 912 1273 978 Dein
1296 911 1435 995 ingrati-

106 1007 187 1074 tudo
204 1007 420 1074 committitur
435 1007 556 1073 malum
572 1028 631 1091 pro
648 1009 731 1073 bono
747 1008 928 1083 reddend03
949 1004 1063 1088 quodsi
1078 1003 1180 1086 igitur
1195 1022 1298 1085 gravo
1313 1001 1434 1067 malum

107 1096 271 1162 inferatur
293 1096 346 1161 vel
376 1097 503 1162 ratione
533 1097 620 1161 modi
649 1095 743 1179 gravi
773 1095 891 1162 iniuria
920 1094 1112 1160 benefactor
1141 1090 1315 1169 afficiatur,
1346 1095 1435 1156 certe

108 1190 265 1269 peccatur
286 1185 486 1255 mortaliter:
511 1207 624 1251 vorum
649 1189 686 1251 ut
710 1191 841 1270 praeter
857 1182 1036 1251 communis
1052 1180 1201 1248 caritatis
1216 1181 1270 1246 vel
1288 1177 1434 1246 iustitiae

107 1275 287 1340 laesionem
311 1275 438 1340 accedat
452 1297 533 1339 noua
548 1274 673 1358 species
691 1275 934 1362 inu-amodum
950 1274 1101 1355 ctortulis,
1125 1290 1264 1353 magnus
1281 1289 1435 1334 excessus

106 1363 141 1428 in
171 1365 258 1429 malo
288 1365 375 1445 quod
403 1363 556 1442 infertur,
587 1366 639 1429 vol
669 1364 703 1428 in
732 1364 827 1429 modo
858 1384 921 1446 quo
951 1362 1105 1439 infertur,
1138 1358 1298 1426 committi
1327 1357 1433 1424 debet.

106 1453 156 1519 Cf.
186 1454 243 1519 Tu.
268 1477 308 1519 m.
330 1453 357 1530 l,
382 1454 455 1519 768.
482 1455 556 1520 769.

197 1568 251 1633 Aa
275 1587 465 1643 ounsslrru
490 1569 529 1630 2¹²²
552 1566 590 1632 R.
613 1569 641 1632 1.
686 1566 851 1631 Nicander
874 1585 953 1630 sane
976 1563 1125 1647 graviter
1146 1562 1296 1648 peccavit
1320 1566 1497 1628 contracto

108 1656 246 1721 Paulum
271 1655 398 1721 ratione
421 1655 531 1720 laesae
555 1655 704 1722 caritatis
727 1660 762 1722 et
784 1654 938 1721 iustitiae.
983 1654 1086 1718 lmmo
1110 1653 1143 1718 in
1167 1659 1235 1718 tam
1259 1651 1362 1718 atroci
1385 1650 1435 1715 in·

107 1745 202 1823 iuria,
228 1766 293 1827 qua
316 1744 423 1809 sciens
446 1748 480 1810 ot
503 1745 616 1809 rolens
640 1765 711 1809 eum
736 1744 849 1826 gravis
871 1742 1014 1808 criminis
1033 1740 1196 1807 commissi
1215 1740 1299 1806 falso
1314 1739 1434 1822 arguit,

107 1833 240 1900 videtur
262 1854 338 1899 reus
362 1854 433 1899 esse
457 1833 556 1899 etiam
579 1832 731 1917 specialis
754 1831 998 1915 ingratitudinis
1022 1831 1187 1897 mortalis:
1216 1830 1301 1895 hanc
1323 1832 1435 1895 tamen

109 1946 223 1989 nouum
252 1922 412 1989 malitiam
440 1945 565 2008 curvem
596 1944 660 1988 non
691 1921 856 1989 contrahit
879 1920 1024 2003 qualibet
1055 1918 1294 1999 diffamatione,
1324 1939 1365 1984 ne
1395 1938 1435 1983 ea

108 2012 249 2094 quidem,
274 2032 358 2094 quaa
381 2011 508 2078 rationo
532 2010 764 2077 diffamationis
786 2008 1031 2094 gravisfuerit.

199 2118 238 2184 R.
261 2120 291 2184 2.
331 2117 531 2183 Nicandrum
555 2121 665 2183 autem
690 2139 753 2182 non
777 2115 930 2182 excusari
952 2137 973 2181 a
997 2119 1134 2199 peccato
1157 2112 1233 2179 falsi
1255 2113 1434 2180 testimonii

108 2211 302 2291 propterea,
334 2208 418 2288 quod
451 2228 486 2271 re
517 2207 590 2290 ipsa
619 2206 759 2273 audierit
789 2206 870 2272 alios
902 2204 934 2269 in
966 2203 1104 2270 Paulum
1134 2202 1329 2269 calumniam
1359 2225 1435 2287 pro·

108 2298 264 2374 ferentes,
289 2317 331 2361 ex
354 2296 403 2374 iio,
429 2316 512 2378 quae
535 2300 650 2381 post-ea
674 2295 714 2361 de
737 2295 877 2361 test-ibus
901 2294 1037 2360 dicenda
1059 2298 1146 2372 sunt,
1171 2291 1352 2377 apparebit.
