3106 5168
187 300 251 364 386
324 295 365 349 De
384 294 531 349 virtutibus
549 297 577 347 et
595 294 692 347 officiis
710 310 776 361 erga
794 292 924 346 homines.
944 321 977 330 -
997 292 1048 347 Off.
1068 292 1141 347 cuca
1158 293 1228 347 bona
1246 295 1369 347 externa.

126 484 177 538 766
275 471 328 534 Au
352 489 542 547 cusasrruu
566 473 605 534 2ιιι
634 470 673 536 lt.
701 472 729 534 1.
776 468 806 534 A
829 469 1037 535 restitutione
1059 469 1182 535 iterata
1204 469 1327 534 valoris
1350 468 1509 552 horologii

186 560 350 642 Diogenes
373 580 432 644 per
455 580 490 624 se
513 581 577 624 non
601 561 797 635 excusatum
830 559 931 624 habet
952 564 1063 625 tamen
1087 559 1129 623 ad
1152 561 1356 623 tenrerarium
1382 558 1509 624 coufes-

186 651 307 714 sarium
336 669 531 732 regressum.
578 647 666 712 Num
696 651 844 730 praestet
867 668 940 711 eum
965 647 1006 712 ab
1034 645 1097 713 alio
1128 647 1328 712 confessario
1359 647 1394 711 in
1426 648 1510 713 bona

185 740 249 804 fide
272 738 420 820 relinqui,
444 736 539 802 huius
562 737 756 820 prudentiae
779 740 830 801 est
852 735 1006 802 iudicare.

275 844 313 909 R.
332 846 362 909 2.
401 841 514 918 Quoad
533 840 702 926 pecuniam
718 841 808 906 illam
824 842 991 907 inventam
1016 844 1050 906 et
1072 841 1106 905 in
1121 862 1283 925 pauperes
1299 841 1509 907 distributam

186 954 258 997 cum
288 933 452 1014 Diogenes
482 931 551 996 sine
582 931 733 1014 scrupulo
764 930 933 995 consilium
963 930 1155 995 confessarii
1185 934 1316 995 secutus
1346 931 1408 1007 sit,
1439 931 1510 1014 ipse

186 1022 316 1103 quidem
347 1020 525 1104 prudenter
555 1021 639 1102 egit,
672 1019 735 1085 etsi
767 1020 853 1084 forte
883 1019 1100 1084 confessarius
1131 1018 1236 1102 egerit
1266 1019 1510 1102 imprudentem

186 1133 288 1193 quare
319 1110 361 1176 ad
389 1131 462 1174 eam
485 1109 604 1174 iterum
627 1108 864 1175 restituendam
897 1129 961 1173 non
985 1112 1132 1186 tenetur,
1163 1109 1225 1172 nisi
1255 1108 1342 1174 forte
1371 1117 1511 1191 cogatur

185 1221 244 1284 per
267 1199 415 1264 iudicem.

274 1298 313 1363 R.
339 1299 369 1362 3.
416 1295 507 1372 Quod
538 1300 647 1361 autem
678 1317 698 1360 a
728 1316 855 1359 summa
883 1294 941 1359 illa
964 1294 997 1358 in
1020 1315 1181 1377 pauperes
1204 1293 1431 1360 distribuenda
1455 1295 1510 1360 de·

185 1386 328 1451 traxerit
350 1384 529 1451 notabilem
552 1390 679 1467 partem
703 1384 828 1465 sibique
851 1383 1030 1448 reservarit
1053 1405 1111 1466 pro
1135 1383 1400 1467 compensatione
1425 1384 1509 1450 elee-

186 1495 343 1558 mosynae
366 1475 456 1557 prius
472 1474 586 1538 datae:
610 1472 643 1537 id
667 1494 739 1537 eum
763 1493 827 1537 non
851 1471 943 1538 iuvat
965 1473 1023 1547 ita,
1048 1478 1085 1538 ut
1108 1473 1149 1537 ab
1169 1493 1209 1537 ea
1231 1493 1359 1537 summa
1378 1477 1510 1539 retenta

185 1586 271 1630 nunc
295 1563 423 1627 domino
451 1562 652 1645 comparenti
681 1560 884 1627 restituenda
915 1566 1100 1628 excusetur.
1146 1561 1257 1627 Habet
1286 1561 1373 1626 euim
1405 1562 1509 1627 adbuc

185 1654 270 1718 hanc
293 1656 419 1735 partem
444 1651 491 1715 rei
514 1651 650 1729 alienae,
676 1671 772 1732 quam
796 1671 888 1714 suam
908 1650 1016 1715 facere
1041 1650 1201 1716 obiective
1224 1650 1366 1715 nondum
1392 1651 1507 1734 potuit.

187 1741 412 1807 Excusaretur
427 1744 497 1805 turn
515 1743 655 1816 tantum,
680 1739 809 1821 quando
829 1740 1094 1806 circumstantiae
1118 1739 1274 1805 eiusmodi
1297 1739 1449 1820 fuissent,
1474 1746 1508 1807 ut

186 1851 346 1895 summam
370 1829 537 1894 inventam
560 1829 722 1913 potuisset
745 1828 807 1893 sibi
830 1828 980 1894 retinere.

276 1919 398 1983 Verum
414 1918 543 1983 domino
560 1917 731 2002 apparenti
755 1917 863 2000 palam
880 1917 1053 1983 restituere
1074 1937 1132 1982 seu
1148 1938 1220 1982 sese
1242 1921 1281 1983 ut
1304 1916 1507 1985 inventorem

185 2007 325 2091 prodere
348 2029 407 2090 pro
431 2007 577 2089 Diogene
600 2007 816 2090 periculosum
841 2011 908 2083 est,
941 2027 1014 2071 cum
1037 2027 1073 2070 se
1097 2011 1242 2089 exponat
1264 2007 1411 2090 periculo
1434 2009 1507 2073 sub

187 2097 283 2161 eundi
317 2096 518 2162 coactionem
552 2096 593 2162 ad
625 2095 861 2160 restituendam
895 2116 1055 2160 summam
1086 2099 1201 2161 totum.
1248 2095 1357 2172 Quare
1389 2096 1507 2179 eligere

186 2192 296 2269 potest
320 2186 559 2252 restitutionem
583 2185 710 2250 occulte
733 2183 926 2249 faciendam.

384 2401 646 2467 NECESSITAS
671 2401 701 2466 A
723 2400 1048 2468 RESTITUTIONE
1072 2400 1310 2468 EXCUSANS.

741 2550 851 2615 Cusus.
880 2556 955 2624 (236)

275 2690 441 2760 Diomedes,
463 2690 508 2748 vir
529 2690 636 2748 nobilis
657 2697 687 2749 et
707 2690 894 2749 mediocriter
909 2689 1001 2760 dives,
1023 2690 1238 2764 adaugendam
1254 2691 1404 2751 fortunam
1420 2712 1502 2766 nego·

187 2771 329 2829 tiationes
350 2770 427 2847 apud
448 2773 567 2828 bursam
588 2771 658 2845 agit.
700 2771 857 2829 Consensit
878 2770 1001 2844 quidem,
1027 2775 1059 2827 ut
1080 2771 1279 2845 compluribus
1301 2772 1368 2830 aliis
1391 2773 1502 2830 fraudu·

187 2851 267 2908 lenta
296 2851 464 2926 operatione
488 2851 639 2920 damnum,
669 2851 723 2908 sibi
752 2851 879 2919 lucrum,
913 2849 1025 2924 aliquot
1052 2850 1162 2907 milium
1190 2870 1372 2922 marcarum,
1408 2853 1500 2917 fieret;

188 2951 288 2989 verum
311 2950 375 2988 cum
398 2931 471 2988 satis
493 2936 609 2988 astutus
630 2950 689 2988 non
711 2931 759 2999 sit,
781 2931 811 2987 in
831 2931 956 2988 decursu
977 2930 1210 3003 negotiationum
1232 2950 1280 2989 res
1300 2932 1429 2990 feliciter
1448 2952 1500 2990 non

188 3011 294 3081 cessit,
324 3011 374 3069 sed
403 3010 517 3068 ruinam
545 3011 606 3068 fere
636 3012 818 3068 fortunarum
847 3029 964 3068 suarum
993 3010 1124 3068 incurrit.
1171 3011 1310 3069 Retinere
1338 3012 1453 3087 quidem
1478 3011 1501 3068 ei

187 3092 361 3168 permissum
379 3097 433 3161 est,
456 3110 530 3166 quae
552 3092 587 3148 ad
610 3110 729 3166 parcam
751 3090 996 3147 sustentationem
1018 3091 1187 3149 necessaria
1209 3097 1293 3160 sunt3
1317 3094 1368 3151 sed
1392 3113 1455 3151 cum
1475 3093 1500 3148 in

187 3172 373 3230 confessione
388 3171 502 3229 audiret
517 3172 552 3228 de
567 3171 754 3229 restitutione
771 3176 889 3245 propter
904 3170 1077 3229 commissas
1091 3171 1210 3229 fraudes
1232 3171 1288 3229 sibi
1310 3172 1500 3238 incumbente,

186 3252 270 3327 quasi
300 3253 329 3309 in
352 3251 586 3327 desperationem
612 3258 696 3309 actus
718 3250 880 3308 deliberare
902 3250 999 3326 coepit
1022 3251 1057 3308 de
1079 3251 1192 3309 duabus
1214 3251 1332 3310 filiabus
1360 3254 1423 3312 suis
1443 3272 1499 3328 pro·

187 3333 344 3390 stituendis
353 3357 368 3402 3·
391 3351 428 3389 ex
450 3331 592 3389 eiusmodi
613 3332 689 3388 enim
711 3330 898 3388 restitutione
921 3350 953 3387 se
979 3331 1008 3388 in
1035 3350 1164 3389 summas
1186 3332 1342 3406 angustias
1364 3334 1499 3392 conicien

187 3414 253 3470 (lum
276 3432 341 3470 csse
364 3412 451 3470 videt.

187 3516 364 3585 Qunemrun
386 3519 415 3573 1ο
440 3536 514 3592 quae
536 3517 700 3575 necessitas
722 3524 845 3574 excuset
866 3536 884 3574 a
905 3517 1099 3577 restitutione.

385 3608 414 3662 2⁰
440 3606 639 3665 confessarius
661 3606 729 3680 quid
750 3606 887 3664 Diomedi
908 3605 1057 3681 imponere
1079 3606 1192 3665 debeat.

778 3789 913 3855 Salutio.

126 3936 176 3988 767
277 3922 328 3984 Ao
352 3941 541 3994 6666616616
568 3925 604 3983 1²¹¹
628 3921 665 3986 ll,
685 3924 712 3985 1.
760 3921 836 3984 Cum
863 3925 1010 3985 extreme
1034 3922 1088 3984 rel
1111 3921 1373 4001 quasi-extrema
1398 3944 1497 3989 neces-

187 4011 269 4074 sitas
293 4010 463 4092 permittat
487 4031 527 4072 ex
552 4010 665 4073 alienis
696 4033 832 4089 6661616,
863 4010 992 4073 facilius
1023 4011 1166 4091 permitti
1192 4011 1289 4075 debet
1312 4012 1421 4077 aliena
1444 4032 1496 4077 nou

187 4100 323 4164 reddere
347 4100 399 4162 vel
431 4099 670 4163 restitutionem
702 4100 842 4180 differre.
891 4099 1079 4179 Requiritur
1102 4104 1211 4163 tamen
1237 4100 1368 4165 omnino
1397 4101 1497 4182 gravis

186 4190 384 4264 necessitas,
409 4188 441 4251 in
467 4209 530 4267 qua
554 4188 680 4252 debitor
703 4194 852 4252 versetur
876 4188 928 4251 vel
952 4209 1010 4270 per
1033 4189 1273 4254 restitutionem
1302 4191 1498 4255 coniciendus

186 4280 239 4352 sit,
265 4283 301 4342 ut
325 4277 437 4341 dilatio
455 4277 636 4340 diuturnior
660 4278 873 4350 concedatur3
900 4298 974 4340 nam
998 4278 1079 4341 levis
1104 4299 1159 4340 seu
1185 4278 1294 4342 brevis
1319 4280 1432 4344 dilatio
1454 4298 1497 4342 rc·

186 4368 366 4432 stitutionis
383 4388 424 4430 ex
446 4366 570 4429 minore
587 4387 685 4429 causa
709 4366 918 4447 permittitur,
944 4367 1072 4447 quando
1097 4366 1248 4431 creditori
1273 4389 1315 4431 ex
1333 4390 1372 4433 ea
1390 4386 1495 4433 novum

187 4457 339 4519 damnum
363 4476 465 4536 grave
490 4476 553 4518 non
578 4455 725 4519 infertur.

276 4554 314 4617 n.
340 4556 369 4618 2.
416 4552 607 4617 Necessitas
631 4553 688 4616 ille
711 4551 805 4614 nimis
829 4552 956 4631 gravis,
989 4574 1072 4632 quac
1096 4556 1232 4616 excuset
1256 4575 1276 4616 a
1300 4556 1495 4621 restitutione

189 4660 271 4705 nunc
290 4642 487 4725 peragenda,
512 4642 594 4705 sumi
612 4642 708 4706 debet
724 4642 900 4704 secuudum
919 4642 1137 4705 condicionem
1155 4642 1320 4709 debitoris
1361 4645 1419 4719 Qui
1443 4661 1495 4706 non
