3106 5168
586 294 723 349 Correctio
741 295 871 348 fraterna.

661 478 796 545 Salutio.

153 620 206 685 An
230 639 421 696 ouansrruu
448 622 485 683 1¹²
507 618 547 685 R.
576 622 603 686 l.
651 618 816 701 Obligatio
846 618 1058 685 correctionis
1087 618 1255 686 fraternae
1278 619 1391 702 gravis
1400 631 1453 685 383

65 708 196 791 quidem
220 708 362 773 evadere
385 711 505 791 potest,
530 728 634 791 eaque
656 708 690 773 in
713 708 935 793 superioribus
958 709 1063 774 relate
1086 708 1128 772 ad
1151 708 1299 775 subditos
1314 730 1392 774 suos

63 797 177 880 gravis
201 801 269 875 est,
294 797 440 864 etsiamsi
464 818 536 862 oum
560 797 697 864 notabili
720 797 923 864 incommodo
947 797 992 865 sit
1015 797 1203 876 coniuncta,
1229 797 1256 862 si
1280 802 1392 864 tamen

64 891 175 953 cetera
198 885 357 968 requisita
380 887 508 955 adsunt.

155 992 193 1059 R.
219 995 249 1058 2.
296 992 329 1058 si
360 990 502 1057 officium
535 1013 599 1058 non
622 993 744 1066 habeo,
776 996 813 1058 ut
842 990 920 1057 mihi
943 990 1099 1076 privatim
1122 1013 1255 1057 monere
1278 992 1392 1075 gravis

63 1082 107 1148 sit
141 1081 315 1164 obligatio,
347 1081 444 1147 debet
475 1084 507 1162 1)
531 1086 683 1148 constare
714 1082 754 1147 de
776 1080 918 1165 proximi
940 1080 1036 1162 gravi
1059 1085 1194 1165 peccato
1219 1081 1391 1147 commisso

63 1171 117 1235 rel
142 1169 269 1254 peccati
292 1170 516 1236 committendi
539 1171 693 1254 periculo,
719 1172 752 1253 2)
777 1170 893 1236 adesse
912 1170 1091 1236 necessitas
1114 1170 1275 1253 quaedam
1299 1191 1392 1237 meae

63 1259 312 1338 admonitionis,
344 1259 391 1325 ita
421 1263 458 1325 ut
484 1259 698 1344 improbabile
727 1260 771 1326 sit
794 1260 864 1325 sine
891 1280 943 1325 me
966 1280 1057 1324 reum
1082 1281 1117 1326 se
1141 1280 1214 1325 esse
1237 1260 1391 1325 emenda·

63 1355 192 1425 turum,
224 1350 258 1429 3)
282 1348 398 1413 adesse
427 1369 502 1433 spes
533 1348 710 1433 probabilis
737 1349 881 1425 fructus,
912 1348 947 1432 4)
971 1348 1086 1414 abesse
1111 1370 1169 1432 pro
1193 1369 1245 1414 me
1268 1349 1392 1415 incom-

63 1437 195 1502 modum
228 1437 367 1503 relative
400 1458 570 1520 magnum,
604 1438 722 1503 saltem
755 1438 883 1521 quando
916 1437 1026 1520 agitur
1058 1438 1098 1502 de
1130 1440 1265 1521 peccato
1295 1438 1392 1521 plene

62 1526 250 1592 voluntario
274 1526 410 1592 alterius
432 1525 647 1610 impedienda.
688 1527 719 1593 S.
734 1527 940 1611 'Alphons
964 1527 1006 1606 Il,
1031 1529 1090 1604 38;
1120 1527 1175 1593 la.
1200 1550 1240 1594 m.
1265 1527 1290 1605 I,
1315 1530 1391 1596 611.

152 1651 206 1716 An
230 1671 421 1727 ouaasrrun
445 1654 483 1714 2⁰¹
507 1651 545 1716 R.
574 1655 601 1717 1.
649 1650 687 1716 In
714 1655 820 1738 primo
851 1672 930 1716 casu
959 1650 1071 1734 agitur
1100 1672 1165 1717 non
1192 1652 1232 1717 de
1255 1655 1391 1735 peccato
1401 1663 1453 1717 384

63 1740 211 1818 formali,
236 1740 294 1804 sed
317 1740 357 1804 de
380 1740 544 1806 materiali
567 1745 713 1818 tantum,
741 1740 885 1822 illudque
908 1746 1024 1806 contra
1047 1741 1154 1822 legem
1177 1743 1307 1808 tanturn
1331 1741 1392 1805 bu·

64 1850 212 1895 manain:
244 1829 278 1893 in
302 1850 365 1910 quo
390 1850 467 1894 casu
489 1829 610 1893 homini
637 1829 768 1914 privato
799 1830 856 1894 vix
878 1829 1036 1898 incumbit
1059 1829 1216 1912 obligatio
1239 1829 1392 1895 monendi

64 1919 146 1984 alios
169 1918 271 1983 etiam
294 1918 355 1983 sibi
379 1923 474 1984 notos
498 1916 572 1998 (Ta
592 1941 632 1984 m.
658 1919 689 1996 Ι,
717 1919 788 2000 14);
819 1919 922 1985 multo
950 1919 1056 1983 minus
1078 1918 1226 1984 homines
1249 1919 1391 2000 ignotos,

65 2027 186 2088 eosque
215 2006 358 2073 fortasse
389 2006 611 2091 dispensatos,
642 2008 712 2072 sine
743 2012 834 2072 certa
858 2029 915 2091 spe
944 2007 1073 2073 fructus
1096 2012 1130 2074 et
1153 2008 1295 2074 fortasse
1318 2030 1390 2074 cum

64 2096 187 2162 maiore
216 2096 380 2161 scandalo.
427 2095 580 2172 Accedit,
611 2117 713 2177 grave
741 2117 822 2161 onus
845 2096 934 2173 fore,
966 2096 1090 2179 siquis
1119 2097 1216 2162 homo
1241 2097 1391 2181 privatus

65 2206 177 2250 ornnes
201 2185 283 2250 alios
307 2186 347 2249 de
369 2185 631 2267 transgressione
655 2185 812 2250 eiusmodi
827 2185 937 2267 legum
953 2207 1084 2251 monere
1101 2187 1211 2253 vellet.
1251 2186 1390 2252 Omnino

63 2274 167 2357 igitur
191 2278 368 2340 excusatus
392 2279 464 2340 erat
488 2274 583 2339 Caius
607 2274 648 2339 ab
672 2273 872 2356 obligatione
896 2274 1107 2340 correctionis
1130 2274 1308 2342 fraternae.

152 2380 191 2446 R..
211 2383 240 2445 2.
279 2380 317 2444 In
340 2381 475 2445 serrendo
499 2400 576 2445 casu
599 2400 664 2444 non
688 2381 793 2445 solum
816 2379 927 2461 agitur
950 2380 990 2445 de
1012 2380 1161 2447 fraterna
1177 2381 1451 2461 correctione,385

63 2469 121 2535 sed
145 2469 245 2535 etiam
276 2469 316 2533 de
345 2468 489 2535 vitandis
513 2469 668 2534 scandalo
693 2473 726 2535 et
752 2469 962 2535 conniventia
986 2490 1058 2534 cum
1081 2474 1217 2554 peccato
1241 2471 1388 2538 aliorum.

65 2558 228 2643 Imprimis
257 2558 359 2640 igitur
389 2558 491 2623 videri
523 2558 637 2635 debet,
669 2579 746 2622 num
769 2558 866 2624 Caius
895 2557 1026 2624 silentio
1050 2580 1108 2624 suo
1132 2581 1276 2624 annuere
1299 2558 1390 2625 visus

64 2649 108 2714 sit
137 2647 245 2732 impiis
275 2646 478 2712 sermonibus
506 2651 621 2713 contra
643 2647 740 2711 fidem
770 2648 825 2712 vel
848 2648 997 2729 graviter
1019 2653 1135 2715 contra
1156 2649 1258 2714 bonos
1282 2670 1390 2715 mores

63 2736 311 2810 offendentibus,
335 2741 435 2818 atque
459 2736 556 2800 etiam
581 2757 657 2800 num
682 2736 737 2801 alii
760 2736 979 2815 interfuerint,
1005 2758 1085 2819 quos
1104 2737 1315 2820 pervertendi
1330 2738 1389 2804 ad·

62 2826 163 2891 fuerit
189 2826 384 2910 periculum,
416 2845 497 2907 quos
521 2824 616 2890 Caius
640 2828 750 2890 autem
781 2826 901 2891 abillo
931 2826 1076 2909 periculo
1106 2827 1305 2893 auctoritate
1336 2828 1390 2892 vel

62 2915 211 2981 doctrina
232 2915 377 2998 potuerit
400 2914 535 2997 eripere.
579 2913 612 2979 Si
635 2913 684 2979 ita
707 2918 767 2988 est,
793 2914 889 2980 Caius
912 2915 1042 2981 silentio
1065 2915 1215 2997 graviter
1237 2916 1390 2999 peccavit

62 3009 161 3087 atque
186 3008 370 3087 respectum
392 3003 568 3068 humanum
593 3003 705 3068 debuit
727 3004 869 3070 vincere.

57 3127 59 3131 ⁴
151 3102 184 3167 Si
201 3123 278 3166 vero
295 3102 357 3166 hae
375 3100 520 3167 rationes
537 3101 722 3179 abfuerunt,
747 3122 766 3166 a
784 3123 847 3183 que
869 3101 940 3185 ipse
963 3100 1093 3168 silentio
1116 3123 1175 3167 suo
1199 3123 1264 3166 non
1283 3102 1388 3167 solum

61 3213 125 3256 non
142 3191 347 3275 approbavit,
372 3191 430 3256 sed
446 3191 555 3273 potius
572 3190 810 3274 displicentiam
827 3191 980 3271 ostendit,
1004 3212 1069 3256 non
1086 3191 1236 3274 peccavit
1251 3191 1386 3260 silendo.

60 3281 177 3363 Neque
201 3281 354 3347 convenit
376 3281 490 3364 obvios
513 3300 658 3361 quosque
682 3301 823 3346 monere.

150 3377 252 3443 Immo
276 3378 405 3443 etiamsi
429 3416 472 3424 —
496 3398 560 3442 non
583 3377 616 3442 in
640 3377 843 3443 sermonibus
866 3381 981 3443 contra
1004 3377 1111 3455 fidem,
1135 3378 1193 3443 sed
1209 3376 1388 3443 -inser-

59 3468 209 3532 monibus
232 3467 365 3533 lascivis
388 3489 453 3532 non
476 3488 518 3531 cx
542 3467 789 3550 complacentia,
813 3468 871 3533 sed
888 3487 929 3530 ex
945 3467 1086 3549 quodam
1102 3467 1225 3550 pudore
1241 3466 1386 3544 subrisit,

59 3578 123 3621 non
154 3561 307 3623 censetur
338 3557 486 3638 graviter
514 3576 685 3639 peccasse,
716 3555 779 3621 nisi
810 3555 854 3622 sit
883 3555 980 3621 homo
1011 3577 1150 3638 magnae
1177 3556 1386 3625 auctoritatis

60 3650 161 3727 atque
185 3647 246 3711 hoc
270 3646 388 3727 agendi
412 3646 507 3710 modo
531 3666 698 3711 sermones
721 3645 870 3727 graviter
891 3645 1034 3711 lascivos
1055 3646 1267 3729 promoverit.

149 3743 260 3808 Simile
284 3743 360 3825 quid
384 3743 555 3808 dicendum
579 3748 631 3809 est
654 3743 694 3808 de
717 3742 920 3808 sermonibus
944 3743 1187 3810 diffamatoriis:
1211 3743 1245 3808 in
1269 3743 1386 3825 quibus

57 3832 207 3915 graviter
228 3853 294 3897 non
316 3833 476 3915 peccavit,
501 3831 563 3897 nisi
587 3853 646 3896 sua
667 3831 787 3914 agendi
806 3831 934 3897 ratione
950 3853 1051 3898 causa
1066 3832 1175 3909 fuerit,
1200 3854 1257 3898 cur
1272 3833 1385 3915 gravis

58 3921 239 3987 diffamatio
262 3923 357 3987 fieret
380 3922 433 3985 vel
460 3919 717 4004 protraheretur.
764 3921 866 3986 Immo
889 3921 922 3985 in
945 3921 1007 3987 hae
1030 3943 1067 3986 re
1089 3921 1230 4006 positive
1254 3927 1385 3989 contra·

58 4010 176 4086 dicere,
193 4010 336 4077 maxime
351 4031 461 4076 coram
477 4009 660 4075 hominibus
675 4009 807 4092 ignotis,
824 4031 898 4075 raro
915 4010 979 4076 erit
994 4011 1204 4094 prudentiae;
1228 4011 1384 4094 negative

57 4121 92 4165 se
123 4100 245 4165 habere
274 4100 464 4183 plerumque
496 4099 619 4165 suflicit
649 4100 795 4175 omniuo,
829 4103 990 4166 ut.0mne
1019 4106 1189 4183 peecatum
1217 4100 1383 4184 proprium

57 4189 210 4255 evitetur.
265 4190 416 4254 Ceterum
453 4209 552 4272 saepe
591 4189 722 4255 difficile
755 4192 807 4254 est
838 4188 999 4267 iudicare,
1032 4210 1109 4255 num
1142 4189 1257 4255 illicita
1289 4189 1383 4254 diffa-

55 4278 157 4344 matio
181 4278 277 4345 adsit.

145 4384 184 4451 R.
218 4388 247 4450 3.
302 4383 339 4448 ln
371 4386 461 4450 tertio
494 4404 570 4448 casu
603 4383 713 4465 agitur
744 4383 785 4448 de
816 4383 961 4468 peccatis
993 4383 1113 4450 futuris
1145 4382 1381 4467 praecavendis
1392 4402 1443 4456 386

56 4473 215 4556 gravique
238 4472 381 4556 periculo
406 4472 626 4556 propulsando
650 4472 763 4549 abiis,
788 4473 843 4555 qui
866 4473 1019 4538 videntur
1035 4494 1077 4538 ex
1100 4472 1230 4538 inscitia
1248 4473 1281 4537 in
1304 4493 1381 4555 gra-

58 4562 225 4628 vissimum
256 4562 435 4645 periculum
458 4562 551 4628 inviti
583 4561 717 4627 irruere.
764 4561 851 4637 Quos
881 4583 1013 4626 monere
1036 4582 1094 4626 seu
1117 4561 1279 4627 instruere
1302 4582 1382 4627 sane

56 4651 168 4733 gravis
199 4651 356 4734 obligatio
381 4656 447 4728 est,
478 4651 577 4716 etiam
608 4673 681 4717 oum
709 4651 911 4715 incommodo
935 4650 1006 4715 eius
1029 4651 1084 4733 qui
1106 4656 1228 4717 monet.
1274 4651 1382 4717 Aliter
