3106 5168
87 1284 141 1341 904

87 3180 139 3237 905

88 4368 141 4423 906

149 274 215 339 458
285 268 1332 341 Derirtntibusstolllciisergahomines.-0ttcircabonasrtm

149 444 289 531 pretium
317 445 441 513 iustum
468 444 624 514 infimum.
669 444 716 513 Et
735 466 951 531 quamquam,
980 448 1111 530 quando
1138 448 1281 534 pretium
1310 470 1468 519 concursu

149 534 402 613 determinatur,
432 534 616 617 generatim
637 534 673 601 id
693 534 816 602 iustum
838 556 912 603 esse
935 534 998 603 dici
1021 537 1142 621 possit,
1172 538 1302 623 dequo
1324 539 1372 609 sit
1393 562 1469 609 con·

150 627 301 690 ventum:
329 622 364 690 id
391 627 504 691 tamen
531 622 681 706 intellegi
703 623 802 691 debet
823 623 865 691 de
892 624 999 691 libera
1026 626 1260 707 conventione;
1289 629 1351 696 sed
1379 650 1470 697 orror

149 711 337 779 libertatem
358 732 402 779 ex
424 732 467 779 ea
487 717 593 798 parte,
616 732 682 797 qua
704 717 844 793 erratur,
868 714 988 783 aufert.

238 800 273 867 Si
290 821 371 868 vero
392 800 485 885 leges
505 800 669 886 positivae
690 800 724 869 id
745 822 813 869 non
833 803 1053 883 considerant,
1076 804 1162 871 ratio
1176 808 1239 885 est,
1262 805 1343 889 quia
1356 806 1471 875 nolunt

148 888 357 975 legislatores
377 890 454 959 lites
476 888 607 974 angeri;
631 890 731 959 immo
753 890 955 975 diligentiam
980 896 1015 961 et
1036 893 1313 963 considerantiam
1335 894 1372 963 in
1395 916 1471 965 con-

148 978 311 1048 tractibus
331 978 492 1047 faciendis
512 979 600 1046 iuste
627 979 678 1047 ita
699 980 787 1047 velle
811 986 951 1066 possum
971 1002 1106 1063 acuere,
1138 987 1177 1050 ut
1198 982 1300 1053 etiarn
1328 983 1388 1065 iis,
1417 986 1470 1070 qni

148 1068 389 1154 inculpabiliter
410 1068 445 1135 in
466 1068 508 1135 iis
528 1067 701 1147 deiecerit,
724 1068 893 1137 iuridicam
918 1069 1081 1137 actionem
1103 1076 1242 1156 negent,
1266 1077 1369 1155 atque
1391 1094 1471 1158 neg·

148 1157 251 1227 otium
274 1157 533 1244 componendum
555 1157 819 1227 contrahentium
841 1158 1048 1228 conscientiis
1071 1159 1268 1245 relinquant

237 1275 292 1343 An
313 1294 506 1352 unsnsrrnrr
529 1278 569 1341 2·
598 1274 637 1342 R.
663 1278 693 1342 1.
738 1274 929 1355 Materiam,
960 1275 1001 1342 de
1023 1297 1089 1360 qua
1117 1281 1315 1346 conventum
1340 1284 1410 1361 est,
1437 1279 1471 1347 in

148 1363 297 1431 viliorem
320 1369 449 1431 mutare
470 1384 530 1449 per
544 1384 582 1431 se
603 1364 771 1443 nonlicet,
794 1364 969 1450 praecipue
990 1365 1024 1431 id
1046 1366 1216 1446 nonlicet,
1290 1369 1356 1436 boc
1375 1368 1470 1437 modo

150 1474 231 1540 opus
253 1452 507 1521 construendum
529 1452 636 1519 minus
659 1452 783 1521 evadat
804 1454 951 1521 durabile
974 1456 1028 1521 vel
1049 1454 1194 1540 periculo
1209 1456 1322 1523 damni
1343 1457 1471 1525 facilius

149 1546 345 1627 exponatur.
360 1578 406 1587 —
427 1541 465 1607 Id
487 1562 568 1608 vero
589 1540 736 1627 practice
756 1541 791 1609 in
814 1544 1039 1627 quaestorem
1061 1545 1174 1611 venire
1195 1544 1255 1612 vix
1275 1550 1391 1631 potest
1412 1547 1471 1615 nisi

148 1636 270 1715 agatur
292 1630 333 1697 do
355 1630 536 1698 defectibus
558 1630 717 1698 materiae
739 1631 891 1711 occultis,
921 1632 1080 1717 siquidem
1109 1634 1142 1700 in
1168 1633 1266 1700 rebus
1288 1636 1471 1707 manifestis

149 1719 350 1787 architectus
363 1719 399 1786 id
413 1719 471 1785 vix
486 1718 629 1798 audebit,
645 1740 687 1786 ne
698 1720 873 1803 detegatur
887 1741 971 1788 neve
986 1723 1058 1789 loco
1072 1721 1156 1789 lueri
1171 1723 1326 1790 damnum
1341 1724 1470 1794 habeat

238 1825 278 1893 R.
302 1828 333 1893 2.
378 1825 415 1893 Si
442 1831 519 1911 post
546 1824 671 1893 factum
695 1826 953 1895 architecturae
978 1828 1029 1895 ita
1050 1828 1158 1913 agiam
1179 1830 1395 1911 confiteatur,
1424 1832 1470 1899 id·

150 1936 213 1998 que
242 1915 306 1993 ita,
337 1917 375 1982 ut
403 1936 485 2001 opus
514 1935 618 1999 aeque
642 1915 789 1983 durabile
817 1916 862 1982 sit
891 1936 997 1999 neque
1025 1918 1126 1983 ullum
1152 1917 1344 1987 incurratur
1365 1920 1470 1989 damni

149 2003 339 2089 periculum,
363 2008 464 2089 atque
486 2024 529 2071 ex
550 2024 591 2071 ea
605 2025 716 2084 causa,
739 2005 826 2089 quod
848 2004 931 2072 alias
953 2026 996 2073 ne
1017 2006 1158 2091 pretium
1173 2006 1305 2092 quidem
1327 2009 1470 2077 infimum

149 2093 317 2179 attigisset
337 2094 397 2161 sed
418 2130 463 2140 -
485 2092 518 2160 id
534 2094 620 2176 quod
635 2114 686 2160 ex
701 2114 813 2160 errore
835 2113 900 2160 non
915 2094 1116 2180 praeviderit
1139 2130 1181 2142 —
1203 2117 1264 2163 suo
1280 2098 1402 2166 damno
1417 2100 1470 2165 de·

147 2182 274 2251 buisset
295 2182 457 2262 laborare,
481 2187 520 2251 ut
540 2182 574 2249 in
590 2203 669 2250 casu
691 2186 805 2249 nostro
823 2183 1026 2269 propositum
1041 2188 1109 2252 est:
1132 2184 1287 2254 existimo
1310 2208 1388 2254 eum
1409 2208 1470 2255 non

148 2292 223 2339 esse
255 2271 464 2357 obligandum
499 2271 543 2339 ad
576 2270 875 2358 compensationem
909 2271 1039 2341 domiuo
1072 2273 1267 2343 faciendam.
1324 2276 1470 2345 Debebat

149 2359 235 2428 enim
264 2360 339 2442 illo,
371 2360 400 2427 si
429 2360 669 2428 rationabiliter
697 2382 798 2446 agere
825 2361 986 2443 voluerit,
1020 2365 1079 2430 ant
1108 2364 1251 2449 pretium
1280 2364 1470 2434 solvendum

149 2470 271 2534 angore
300 2455 360 2518 aut
381 2450 497 2518 viliore
525 2450 666 2517 materia
687 2453 862 2517 contentus
883 2470 967 2519 esse.
1012 2451 1136 2519 Verum
1158 2453 1288 2537 quidem
1312 2459 1368 2523 est
1388 2454 1470 2523 elec·

148 2538 271 2605 tionem
294 2560 353 2623 per
367 2558 404 2605 se
419 2538 570 2605 debuisse
590 2558 665 2605 esse
687 2539 774 2623 apud
789 2539 964 2618 domiuum,
987 2544 1097 2607 utrum
1118 2540 1245 2609 scilicet
1267 2543 1377 2627 magis
1394 2544 1470 2612 velit

149 2626 290 2713 pretium
313 2626 428 2710 augeri
451 2648 493 2694 an
511 2628 660 2694 viliorem
683 2628 856 2695 materiam
873 2628 1038 2707 adhiberi;
1062 2632 1099 2695 at
1119 2630 1149 2696 si
1170 2630 1257 2697 hanc
1278 2632 1470 2700 electionem

148 2714 197 2783 illi
224 2736 407 2802 proponere
435 2716 634 2784 architectus
663 2718 845 2802 prudenter,
869 2717 1027 2785 iudicavit
1055 2718 1118 2784 sibi
1140 2739 1213 2785 esee
1241 2720 1468 2803 periculosum,

149 2805 224 2871 huic
246 2805 479 2888 indulgendum
502 2811 562 2885 est,
587 2807 616 2872 ei
637 2806 670 2871 id
693 2806 849 2873 omiserit.

238 2903 277 2970 R.
302 2906 333 2970 3.
372 2902 463 2980 Quod
486 2904 630 2988 pertinet
652 2905 694 2970 ad
717 2905 899 2970 mercedem
923 2905 1155 2989 operariorum,
1179 2906 1284 2991 primo
1306 2908 1468 2992 distinguo

148 2992 235 3060 inter
258 2993 440 3058 mercedem
462 2992 528 3059 iam
551 3014 593 3059 ex
617 2993 833 3060 conventione
853 2993 1104 3060 determinatam
1129 2998 1163 3061 et
1184 2997 1370 3064 mercedem
1392 3020 1469 3064 non·

150 3083 226 3148 dum
252 3081 513 3148 determinatam.

239 3171 272 3238 Si
301 3171 439 3256 primum
470 3170 612 3249 obtinet,
643 3170 797 3237 iniustum
821 3174 873 3237 est
903 3171 1071 3255 operarios
1096 3171 1266 3239 moraliter
1289 3196 1408 3259 cogere
1429 3175 1468 3242 ad

149 3280 342 3327 consensum
364 3260 399 3326 in
421 3260 605 3326 mercedem
621 3261 824 3336 diminutam,
848 3260 911 3327 etsi
934 3280 1058 3326 merces
1082 3265 1181 3327 antea
1204 3267 1334 3330 statuta
1356 3265 1401 3331 sit
1422 3265 1468 3330 in·

149 3352 225 3416 fimo
248 3350 334 3417 iusto
357 3349 471 3416 maior.
511 3349 626 3432 Neque
642 3350 727 3432 quod
751 3348 949 3415 architectus
972 3348 1005 3413 in
1019 3371 1115 3416 suum
1130 3350 1284 3417 damnum
1299 3353 1467 3427 erraverit,

150 3460 249 3505 causa
272 3461 344 3505 esse
367 3443 486 3522 potest,
512 3460 570 3504 cur
592 3445 708 3505 contra
731 3437 897 3522 operarios
921 3438 1106 3505 committat
1128 3438 1333 3506 iniustitiam.

238 3528 311 3594 Etsi
341 3549 465 3594 merces
488 3529 630 3593 nondum
654 3527 698 3595 sit
721 3527 957 3605 determinata,
988 3548 1052 3593 non
1075 3528 1187 3594 licebit
1208 3530 1373 3610 angustiis
1396 3552 1468 3616 ope·

149 3615 307 3681 rariorum
332 3617 439 3696 abuti,
471 3622 508 3683 ut
536 3616 576 3682 iis
600 3618 758 3684 offeratur
783 3636 925 3693 merces,
956 3636 1040 3698 quae
1069 3617 1205 3685 haereat
1234 3618 1322 3685 inira
1344 3620 1468 3686 infimos

150 3704 270 3770 limites
292 3705 369 3772 iusti
393 3711 427 3773 et
450 3727 547 3789 quam
570 3706 690 3774 iustam
714 3705 860 3790 recipere
883 3705 1082 3788 potuissent,
1116 3707 1144 3772 si
1174 3712 1361 3791 opportuno
1388 3713 1469 3776 tem·

149 3814 229 3878 pore
259 3795 353 3860 alteri
384 3796 513 3861 labores
542 3816 619 3861 suos
649 3796 822 3863 locassent.
874 3794 961 3860 Nam
989 3794 1076 3861 infra
1104 3795 1226 3863 limites
1254 3797 1340 3864 alias
1369 3798 1469 3865 iustos

149 3883 331 3966 deprimere
355 3905 418 3949 non
442 3884 536 3962 licet,
568 3884 631 3949 nisi
660 3885 791 3968 reipsa
815 3884 943 3949 labores
965 3884 1116 3966 praestiti
1140 3886 1226 3953 tanti
1249 3909 1314 3952 non
1339 3889 1468 3955 valeant

149 3976 249 4054 atque
281 3995 323 4038 ex
354 3973 576 4039 misericordia
608 3995 688 4056 erga
720 3973 907 4038 laborantes
940 3972 1062 4055 aliquid
1094 3976 1211 4040 saltem
1245 3976 1406 4044 solvatur.
1429 4013 1468 4022 -

149 4062 272 4127 Verum
301 4063 447 4140 labores,
479 4064 519 4128 de
543 4061 659 4143 quibus
689 4061 896 4144 praestandis
925 4083 1010 4127 nune
1041 4062 1168 4129 demum
1199 4067 1257 4130 fiat
1288 4066 1468 4139 conventio,

148 4151 246 4218 liceat
269 4152 465 4229 architecto,
496 4151 523 4216 si
548 4150 687 4235 operarii
711 4149 933 4230 consentiunt,
965 4152 1144 4217 conducere
1170 4174 1231 4237 pro
1255 4155 1363 4236 pretio
1386 4155 1469 4222 intra

149 4241 269 4307 limites
293 4242 396 4307 iustos
420 4242 536 4326 infinito.

237 4354 290 4420 An
313 4377 505 4432 onaasruorr
529 4360 567 4420 3ω
598 4355 636 4421 R.
664 4359 692 4420 1.
739 4355 791 4418 Ex
814 4355 910 4419 modo
934 4355 1029 4421 dictis
1057 4359 1179 4441 prioris
1201 4358 1401 4425 solutionem
1423 4359 1469 4423 f·

150 4444 210 4509 cile
234 4444 377 4526 colliges.

238 4542 276 4607 R.
295 4546 326 4607 2.
361 4541 397 4605 ln
422 4545 520 4608 altero
543 4563 621 4607 casn
645 4541 760 4606 modus
783 4542 901 4623 agendi
923 4546 974 4606 est
997 4564 1052 4606 ars
1068 4543 1228 4624 quaedam
1245 4543 1468 4619 fraudulenta

150 4631 207 4695 sed
230 4627 343 4713 quaeri
368 4630 495 4695 demum
519 4631 625 4709 debet,
649 4651 725 4695 num
744 4630 920 4697 Gerontius
944 4631 1050 4712 quoad
1073 4653 1142 4697 rem
1166 4653 1225 4699 seu
1249 4636 1403 4702 effectum
1424 4635 1469 4700 in·
