3106 5168
155 285 197 349 86
424 225 428 235 Ι
724 276 765 332 De
783 276 912 347 peecab's.

244 458 283 523 R.
302 459 331 522 3.
371 454 526 522 Similiter
548 453 676 537 quoties
698 452 892 518 Firmundus
916 453 1101 520 voluntarie
1123 453 1313 520 aestimavit
1336 452 1486 519 feliciora

155 548 253 613 bruta
276 567 375 628 quam
398 565 434 609 se
454 543 570 627 ipsum,
595 543 646 608 cui
668 542 742 607 finis
765 542 963 608 constitutus
987 543 1031 608 sit
1054 551 1202 609 odanco
1224 542 1258 608 in
1281 543 1350 609 Deo
1377 543 1485 627 possi·

157 636 261 702 dendo
292 634 349 700 sed
380 654 438 717 per
461 633 590 699 labores
613 632 708 697 huius
731 631 821 697 vitae
845 633 1081 715 comparando:
1111 633 1212 698 toties
1234 632 1384 716 graviter
1406 651 1485 717 pec·

157 725 246 792 cavit
269 723 325 789 illo
349 727 484 807 peccato
507 742 607 787 verae
631 726 665 788 et
688 721 839 805 propriae
863 721 1005 788 acediae.

96 849 147 904 169
246 839 298 903 An
314 857 506 914 quassrrun
523 839 562 917 3³?
585 835 623 902 R.
644 839 672 903 1.
709 834 761 900 Ad
785 834 932 901 acediam
948 835 1176 903 excutiendam
1198 855 1258 921 per
1273 857 1310 903 se
1332 835 1485 902 sufficere

157 928 291 994 deberet
314 927 367 992 vel
391 925 474 991 levis
497 924 655 1007 cogitatio
679 922 720 989 de
742 923 909 989 immensis
931 923 997 990 illis
1020 925 1129 1003 bonis,
1160 946 1244 1008 quae
1270 926 1304 990 iu
1326 925 1485 992 fruitione

156 1017 216 1083 Dei
250 1020 387 1083 aeterna
419 1019 453 1081 et
484 1012 744 1098 imperturbabili
777 1012 958 1092 habentur,
992 1021 1026 1080 et
1057 1014 1099 1079 de
1130 1035 1257 1081 summa
1287 1014 1486 1081 infelicitate

157 1110 256 1189 atque
272 1104 443 1170 horrendis
459 1104 563 1183 malis,
588 1102 703 1186 quibus
719 1101 857 1168 involuti
879 1102 1032 1169 iacebunt
1054 1107 1234 1186 portatam
1250 1104 1485 1171 aeternitatem

157 1197 351 1278 quicumque
374 1192 610 1260 beatitudinem
635 1196 803 1257 aeternam
825 1191 1119 1276 pessumdederint.

248 1282 369 1362 Quodsi
392 1283 535 1347 humana
557 1280 731 1346 infirmitas
753 1279 842 1346 hisce
859 1280 1112 1363 cogitationibus
1134 1303 1199 1347 nou
1222 1281 1270 1347 ita
1288 1280 1387 1346 facile
1410 1301 1487 1367 per·

158 1373 298 1450 collitur,
323 1370 507 1437 adhibenda
530 1374 582 1436 est
604 1369 692 1436 seria
710 1369 750 1434 de
773 1369 813 1434 iis
835 1370 1006 1436 meditatio
1030 1391 1103 1436 cum
1126 1370 1240 1436 humili
1264 1371 1424 1450 orations,
1449 1374 1489 1436 ut

158 1464 247 1529 Deus
270 1466 413 1528 mentem
436 1460 612 1538 illustrare,
637 1459 841 1525 voluntatem
865 1459 1012 1525 excitare
1036 1459 1197 1542 dignetur.

247 1569 286 1634 R.
312 1571 342 1634 2.
390 1568 567 1632 Praeterea
596 1565 730 1649 expedit
762 1565 873 1630 oculos
900 1564 1048 1631 conicere
1077 1565 1110 1631 in
1140 1586 1196 1644 ea,
1230 1587 1314 1649 quae
1337 1566 1488 1633 Christus

159 1658 333 1733 Dominus,
357 1656 417 1721 Dei
442 1655 559 1733 Filius,
584 1654 700 1721 fecerit
724 1658 822 1737 atque
846 1654 1035 1739 pertulerit,
1062 1659 1101 1722 ut
1124 1659 1260 1722 aeterna
1283 1657 1369 1722 bona
1393 1655 1488 1722 nobis

159 1749 380 1831 compararet;
398 1751 433 1811 et
446 1745 480 1810 in
495 1765 544 1823 ea,
560 1765 644 1826 quae
658 1747 710 1809 tot
724 1743 829 1809 sancti
844 1744 1050 1828 pertulerint,
1066 1766 1108 1810 ne
1122 1745 1162 1810 iis
1176 1745 1270 1811 bonis
1284 1745 1487 1812 exciderent.

247 1852 287 1918 R.
313 1854 343 1917 3.
389 1853 527 1917 Domum
558 1850 709 1933 augenda
739 1853 790 1915 est
820 1870 895 1932 spes
920 1853 956 1917 et
977 1850 1112 1931 fiducia,
1144 1872 1182 1917 eo
1205 1851 1292 1934 quod
1314 1852 1405 1917 Deus
1428 1873 1488 1936 pa·

159 1946 252 2008 ratus
275 1939 319 2007 sit
341 1961 401 2005 nos
428 1940 543 2006 iuvare
566 1945 666 2022 atque
689 1939 835 2022 impense
856 1939 967 2024 cupiat
991 1960 1050 2006 nos
1073 1961 1204 2006 suorum
1229 1942 1387 2007 bonorum
1411 1962 1489 2025 par·

160 2030 276 2114 ticipes
299 2029 445 2097 reddere.

758 2167 887 2235 GULA.

723 2325 834 2392 (idelis.
862 2333 920 2402 (48)

250 2468 386 2538 Galinus,
418 2486 483 2525 oum
515 2470 544 2524 et
574 2464 691 2541 proprio
713 2463 814 2522 labore
836 2470 923 2541 atque
950 2464 1069 2540 ingenio
1098 2470 1129 2524 et
1148 2465 1302 2542 insperata
1322 2465 1490 2528 hereditate

160 2567 285 2623 magnas
306 2546 428 2606 divitias
447 2544 652 2622 acquisiverit,
683 2544 789 2603 statuit
813 2544 907 2604 labori
928 2544 1094 2604 valedicere
1122 2549 1153 2604 et
1179 2545 1267 2621 genio
1296 2566 1350 2607 suc
1378 2547 1489 2608 vivere.

161 2628 257 2699 Quare
287 2626 452 2702 magnificis
480 2625 641 2685 exstructis
675 2624 797 2684 aedibus
826 2625 934 2684 cotidie
961 2626 1097 2702 epulatur
1124 2626 1293 2702 splendide,
1329 2647 1389 2687 uon
1420 2647 1488 2688 raro

161 2715 249 2787 parat
268 2727 377 2782 magna
399 2706 538 2766 convivia
559 2711 648 2782 atque
669 2704 825 2779 exquisitis
849 2705 923 2764 cibis
944 2711 975 2764 et
995 2705 1073 2765 vinis
1101 2705 1234 2783 hospites
1261 2713 1394 2778 recreat3
1424 2710 1489 2785 ipse

162 2789 255 2858 dolet,
277 2788 353 2864 quod
374 2806 433 2846 non
455 2786 574 2862 saepius
595 2785 692 2862 possit
713 2784 880 2855 comedere3
905 2805 970 2845 oum
992 2786 1163 2845 stomachus
1185 2786 1216 2846 id
1237 2807 1295 2846 non
1317 2788 1410 2859 ferat,
1431 2808 1489 2849 me

161 2870 328 2929 dicamenta
350 2867 482 2945 quaerit,
511 2885 586 2942 quae
616 2870 728 2924 acuant
754 2864 917 2942 appetitum
938 2866 1114 2937 ueletiam,
1145 2866 1260 2943 quando
1290 2868 1378 2927 nimis
1408 2868 1490 2929 lente

162 2951 298 3010 effectum
319 2948 493 3025 producunt,
514 2965 589 3023 quae
604 2946 745 3004 vomitum
766 2951 936 3022 provocent,
958 2965 1014 3022 quo
1030 2947 1125 3005 denuo
1146 2947 1244 3023 possit
1264 2947 1360 3024 epulis
1380 2949 1451 3010 frui.

162 3057 339 3128 Quasnrrua
361 3056 390 3113 1ο
416 3072 491 3130 quas
512 3051 552 3113 sit
572 3051 642 3127 gula
663 3051 784 3127 eiusque
805 3050 926 3112 malitia.

360 3146 390 3202 2ο
416 3142 560 3220 quomodo
581 3141 702 3202 (ialinus
724 3141 902 3217 peccaverit,
925 3140 1031 3217 quidve
1053 3141 1080 3201 ei
1099 3140 1319 3218 iniungendum.

758 3323 893 3392 Salutio.

103 3482 153 3535 170
253 3468 304 3532 An
327 3488 518 3544 quansmuu
546 3470 582 3532 1¹³
605 3468 643 3532 R.
671 3470 699 3532 1.
747 3466 831 3532 Gula
854 3472 905 3533 est
934 3465 1138 3532 inordinatus
1165 3467 1332 3550 appet'tus
1362 3468 1426 3534 cibi
1456 3475 1490 3536 et

163 3557 415 3730 pptluzuppriapx
438 3577 484 3633 se,
509 3557 638 3638 quando
661 3555 749 3621 aliud
773 3578 837 3621 non
853 3556 999 3634 accedat,
1023 3555 1151 3641 peccati
1167 3556 1305 3621 venialis
1327 3558 1488 3625 malitiam

253 3745 290 3810 R.
317 3747 346 3809 2.
394 3743 568 3807 Peccatum
592 3746 701 3808 autem
727 3744 858 3829 aliquod
888 3742 1103 3808 committitur
1126 3742 1271 3824 quolibet
1294 3763 1432 3810 excessu
1456 3746 1490 3811 in

164 3832 234 3899 cibo
259 3839 293 3899 et
317 3837 405 3915 potu.
442 3832 579 3910 Quinam
603 3831 647 3896 sit
670 3852 834 3910 excessus,
859 3853 901 3898 ex
917 3833 979 3897 bne
1003 3832 1064 3898 cibi
1089 3837 1123 3898 et
1145 3837 1242 3916 potus
1266 3836 1369 3916 patet.
1406 3833 1491 3901 Sunt

164 3922 249 3988 enim
273 3922 305 3986 hi
329 3922 372 3986 ad
394 3921 628 3987 sustentandas
652 3924 687 3985 et
709 3921 900 3987 reficiendas
924 3922 1020 3987 vires.
1068 3919 1175 3997 Quare
1198 3941 1354 3986 excessus
1376 3924 1430 4002 fit,
1462 3925 1490 3989 si

164 4011 218 4076 vel
249 4012 282 4091 a)
313 4032 390 4075 usus
414 4011 642 4075 alimentorum
665 4010 854 4075 extenditur
876 4011 964 4076 ultra
986 4011 1035 4088 id,
1067 4010 1153 4093 quod
1176 4011 1218 4076 ad
1242 4012 1490 4079 convenientem

164 4100 436 4166 sustentationem
461 4099 577 4165 virium
606 4099 763 4182 pertinet;
794 4101 829 4181 b)
859 4099 887 4164 si
911 4100 1079 4181 quaeritur
1109 4121 1173 4165 non
1203 4101 1401 4167 sustentatio
1432 4102 1491 4167 sed

164 4192 235 4255 sola
252 4190 420 4272 voluptas:
451 4189 603 4272 voluptas
627 4188 711 4252 enim
744 4210 806 4254 non
831 4189 903 4254 finis
926 4194 977 4255 est
1000 4189 1057 4254 sed
1083 4189 1240 4268 medium,
1273 4212 1336 4273 quo
1360 4189 1491 4257 facilius

165 4283 199 4345 et
222 4279 338 4343 melius
362 4276 558 4344 sustentatio
582 4282 769 4359 quaeratur.

255 4367 347 4432 Varii
370 4367 472 4449 igitur
487 4367 573 4431 modi
596 4367 750 4450 peccandi
775 4367 959 4450 pergulam
977 4370 1210 4434 enumerantur
1225 4369 1409 4451 generatim
1433 4369 1490 4452 (ex

165 4457 197 4525 S.
224 4457 427 4540 Gregorio
454 4459 620 4542 ,Quinque
644 4455 766 4521 enodia“
792 4458 844 4530 22,
870 4457 944 4522 dist.
970 4459 988 4520 5
1014 4457 1054 4522 de
1078 4458 1236 4539 consecr.)
1262 4459 1295 4539 1)
1320 4459 1491 4525 comedere

166 4567 394 4631 praepropere,
415 4544 449 4627 2)
466 4545 669 4628 pretiosiora,
688 4566 784 4626 quam
800 4566 860 4627 par
876 4549 936 4622 est,
955 4545 989 4628 3)
1006 4545 1199 4628 exquisitius
1215 4553 1416 4630 praeparata
1432 4549 1491 4615 eli-

166 4657 254 4718 gere,
271 4637 305 4718 4)
322 4656 507 4700 mensuram
524 4635 690 4710 excedere,
709 4637 743 4716 5)
760 4634 887 4700 avidius
899 4634 952 4700 vel
966 4656 1007 4700 ex
1019 4656 1110 4700 mera
1122 4636 1293 4720 voluptate
1308 4638 1490 4704 comedere.
