3106 5168
166 279 230 343 184
377 273 419 329 De
438 274 586 330 virmtibus
604 277 633 329 et
650 273 748 328 officiis
765 290 831 342 erga
850 273 945 329 Deum.
964 303 998 312 -
1012 273 1108 330 Vittus
1126 274 1273 345 religionis.

254 450 292 516 R.
314 452 344 516 2.
382 450 436 515 Ex
458 451 553 532 parte
576 447 877 514 administratorum
900 448 975 516 viae
997 448 1127 516 ferreae
1150 450 1338 518 conceditur
1358 451 1486 535 quidem

164 538 354 605 alternatim
379 537 526 604 'facultas
555 536 778 603 satisfaciendi
807 537 874 621 legi
904 539 1164 605 ecclesiasticae:
1195 541 1253 606 sed
1282 541 1347 606 illie
1375 540 1488 607 diebus

165 627 307 694 occurrit
328 627 415 693 ratio
438 625 619 709 personalis
641 626 801 710 Eutropii.
847 627 951 694 Estne
974 628 1057 694 haec
1079 628 1268 694 sufficiens?

254 717 288 783 Si
315 714 430 798 nequit
458 714 617 780 familiam
646 735 739 780 suam
768 715 834 781 alio
863 737 973 782 secum
1004 717 1138 795 ducere,
1168 722 1259 784 certe
1287 719 1374 785 ratio
1407 719 1487 785 satis

164 806 276 889 gravis
300 808 367 882 est,
401 824 459 870 cur
480 804 563 870 velit
585 803 704 870 saltem
726 803 840 870 diebus
862 805 934 872 istis
957 805 1084 883 liberis,
1116 805 1171 889 qui
1200 806 1267 873 rari
1289 812 1384 886 sunt,
1416 828 1487 873 cum

164 916 267 960 uxore
297 898 332 960 et
360 893 486 958 familia
516 893 720 971 conversari,
751 897 785 959 et
815 914 874 977 per
902 914 939 959 se
969 899 1021 960 est
1049 894 1215 961 sufficiens
1238 917 1354 975 causa,
1386 902 1424 963 ut
1453 918 1488 962 se

164 983 314 1050 conferat
335 983 370 1048 in
392 982 510 1060 locum,
534 981 590 1047 ubi
611 981 706 1048 deest
727 983 856 1048 occasio
880 983 1055 1050 assistendi
1076 983 1207 1052 Missae.
1254 985 1307 1051 Ita
1329 991 1486 1067 quantum

164 1077 334 1157 spectatur
355 1071 503 1155 praecise
525 1070 581 1136 lox
604 1070 838 1138 ecclesiastica.

252 1178 292 1247 R.
309 1181 340 1246 3.
383 1177 587 1244 Constitutus
610 1177 644 1242 in
667 1198 726 1242 suo
750 1197 846 1261 pago,
869 1181 1006 1261 propter
1028 1177 1219 1244 distantiam
1243 1184 1397 1246 censetur
1419 1180 1488 1264 ipse

164 1267 263 1334 etiam
287 1288 361 1332 cum
384 1287 487 1332 uxore
506 1270 692 1341 excusatae,
717 1267 835 1333 saltem
852 1266 1022 1348 quominus
1038 1270 1174 1352 singulis
1190 1267 1302 1333 diebus
1318 1267 1487 1334 dominicis

163 1362 198 1423 et
221 1356 315 1423 festis
337 1359 513 1422 teneantur
529 1354 629 1421 Sacro
652 1355 821 1422 interesse.
860 1355 1018 1432 Quoniam
1041 1360 1151 1423 autem
1175 1376 1274 1422 causa
1296 1357 1378 1423 haec
1396 1357 1488 1423 habi·

162 1445 262 1511 tualis
286 1449 353 1523 est,
384 1449 475 1510 recte
498 1443 580 1509 facit
596 1464 695 1522 uxor,
718 1443 817 1509 immo
842 1465 959 1510 censeo
982 1465 1054 1510 esse
1077 1445 1220 1528 aliquam
1244 1446 1486 1528 obligationem,

163 1540 200 1601 ut
235 1534 368 1601 studeat
403 1536 568 1620 aliquoties
602 1533 701 1599 Sacro
735 1532 904 1601 interesse.
950 1533 1067 1615 Neque
1098 1539 1210 1600 tamen
1243 1539 1335 1601 recte
1369 1535 1487 1618 agitur,

163 1623 249 1705 quod
273 1643 403 1706 semper
417 1644 511 1699 uxor,
535 1621 713 1705 Eutropius
735 1642 910 1703 numquam
928 1622 1027 1687 Sacro
1050 1623 1190 1690 intersit.
1226 1623 1371 1690 Deberet
1388 1626 1489 1707 igitur

164 1712 273 1795 potius
294 1711 343 1778 ita
365 1732 419 1776 res
443 1710 601 1794 componi,
625 1717 663 1777 ut
685 1710 781 1776 modo
800 1732 892 1789 uxor,
917 1711 1010 1776 modo
1027 1712 1205 1795 Eutropius
1221 1712 1356 1779 Sacrum
1373 1714 1487 1780 adiret.

164 1800 322 1878 Quoniam
355 1806 465 1866 autem
497 1802 633 1884 sinqulie
664 1800 778 1865 diebus
811 1801 906 1866 adest
939 1800 1024 1866 ratio
1058 1822 1080 1866 a
1113 1806 1289 1886 praecepto
1321 1803 1488 1868 Ecclesiae

164 1909 337 1966 excusans,
362 1910 496 1955 necesse
518 1910 584 1954 nou
607 1892 668 1968 est,
692 1894 730 1956 ut
752 1888 869 1955 stricta
892 1889 951 1956 fiat
973 1891 1160 1967 alternatio,
1190 1891 1249 1956 sed
1272 1896 1383 1974 potest
1406 1913 1489 1957 uxor

163 1978 367 2060 frequentius
389 1979 549 2044 interesse
572 1978 688 2057 Sacro,
720 1978 767 2042 ita
795 1982 924 2056 tamen,
955 1981 993 2043 ut
1021 1979 1200 2063 Eutropius
1230 1979 1329 2046 etiam
1359 1981 1489 2048 intersit

164 2071 337 2154 aliquoties.

102 2187 155 2242 364
251 2173 305 2239 An
328 2193 520 2249 qunnsmuu
544 2176 583 2237 2¹²¹
606 2172 644 2241 R.
668 2175 696 2238 1.
743 2171 777 2237 Si
806 2192 861 2237 res
889 2170 938 2238 ita
961 2171 1109 2255 componi
1132 2176 1301 2255 potestat
1329 2175 1378 2241 ita
1401 2197 1487 2241 com·

163 2262 305 2346 ponitur,
330 2267 368 2328 ut
389 2262 485 2327 modo
509 2262 550 2326 ad
576 2264 614 2326 1¹²¹
637 2261 676 2329 R.
697 2263 717 2326 3
741 2259 825 2338 dixi,
858 2261 948 2326 nulla
971 2261 1036 2327 erit
1058 2261 1216 2345 Eutropio
1241 2263 1388 2348 obliqotio
1412 2285 1487 2348 sup-

163 2352 272 2436 plendi
297 2351 434 2416 omissas
457 2350 576 2416 Missas
600 2350 713 2416 diebus
742 2348 927 2428 ferialibus,
959 2349 1088 2415 etiamsi
1117 2355 1244 2434 potest:
1273 2352 1355 2419 facit
1377 2358 1486 2420 tamen

163 2440 380 2507 laudabiliter.
427 2438 529 2504 Immo
553 2441 724 2526 supplendi
746 2437 902 2521 obligatio
926 2439 1056 2522 proprie
1080 2439 1170 2504 nulla
1201 2444 1269 2519 est;
1300 2462 1377 2507 nam
1408 2463 1487 2507 onus

162 2529 244 2594 illud
274 2534 326 2596 est
356 2528 472 2594 diebus
503 2528 658 2606 affixum
692 2548 793 2610 quare
823 2527 878 2609 qui
909 2526 1150 2611 inculpabiliter
1180 2529 1252 2594 sive
1283 2531 1488 2614 culpabiliter

163 2618 276 2684 diebus
299 2617 483 2701 praeceptis
507 2617 642 2683 Sacrum
666 2617 786 2695 omisit,
810 2617 961 2700 supplere
985 2638 1049 2682 non
1072 2620 1215 2684 tenetur.

251 2723 290 2789 R.
316 2726 345 2790 2.
393 2721 427 2788 si
450 2726 561 2788 autern
584 2721 741 2804 Eutropio
767 2741 803 2786 re
827 2741 907 2786 vera
928 2721 1127 2806 impossibile
1150 2721 1264 2799 fuerit,
1294 2722 1408 2788 diebus
1431 2723 1486 2789 do·

162 2811 288 2878 minicia
312 2812 365 2877 vel
388 2810 517 2878 festivis
541 2810 714 2893 aliquoties
738 2811 855 2876 saltem
878 2831 1080 2893 perannum
1105 2812 1205 2876 Sacro
1235 2811 1411 2890 interesse,
1435 2814 1485 2877 vel

163 2901 263 2967 etiam
282 2901 309 2966 si
331 2900 536 2984 culpabiliter
552 2899 737 2983 neglexerit
752 2920 820 2963 rem
836 2898 885 2965 ita
902 2921 1111 2982 componere:
1136 2906 1285 2968 remanet
1300 2904 1352 2968 lex
1367 2905 1486 2986 diuino,

163 3012 246 3074 quae
262 2989 449 3056 christianis
464 2988 602 3073 imponit
625 2987 857 3070 obligationem
881 2987 1055 3070 aliquando
1079 3010 1137 3053 seu
1161 2992 1326 3074 aliquoties
1346 3013 1407 3077 per
1430 3013 1487 3056 on·

162 3103 240 3145 ciera
270 3079 370 3145 Sacro
401 3079 557 3144 assistere
586 3077 656 3142 sine
687 3077 812 3141 dierum
843 3080 1005 3142 certorum
1036 3077 1318 3146 determinatione.
1369 3080 1488 3157 Quodsi

162 3169 244 3234 haec
260 3167 417 3251 obligatio
434 3167 547 3233 diebus
570 3167 611 3232 ab
635 3165 783 3232 Ecclesia
799 3166 935 3232 statutis
950 3167 1086 3251 impleta
1108 3188 1174 3231 non
1197 3171 1258 3245 est,
1282 3167 1486 3252 relinquitur,

162 3263 200 3324 ut
222 3259 399 3341 impleatur
421 3257 521 3323 etiam
544 3256 658 3321 diebus
682 3255 859 3320 ferialibus.

252 3346 371 3422 Quodsi
402 3345 548 3428 quaeris,
580 3343 707 3426 quoties
737 3344 818 3409 haec
847 3343 932 3409 ratio
962 3349 1095 3425 urgeat,
1127 3344 1158 3410 id
1191 3344 1224 3410 in
1254 3345 1350 3429 praxi
1381 3346 1487 3430 potius

162 3435 364 3516 singulorum
381 3433 600 3500 conscientiae
620 3432 867 3516 relinquendum
891 3454 988 3514 quam
1012 3433 1293 3500 determinandum
1317 3439 1378 3501 est.
1415 3434 1488 3501 Suf-

163 3525 230 3589 licit
259 3528 312 3590 ter
341 3529 500 3606 quaterve
530 3523 706 3599 interesse;
738 3522 921 3589 consultum
952 3527 1042 3589 certe
1072 3529 1139 3602 est,
1173 3528 1210 3590 ut
1241 3545 1300 3607 pro
1330 3525 1487 3592 facultate

163 3614 265 3677 multo
289 3612 420 3696 saepius
443 3614 512 3678 fiat.

102 3729 153 3784 365
252 3718 291 3786 R.
312 3721 341 3784 3.
382 3720 554 3802 Expensas
570 3718 775 3801 pecuniarias
791 3719 911 3795 facere,
936 3721 973 3783 ut
995 3717 1061 3800 legi
1081 3718 1322 3785 ecclesiasticae
1338 3719 1488 3786 audiendi

164 3807 254 3871 Sacri
278 3808 429 3884 satisfiat,
453 3807 574 3891 imponi
597 3807 637 3872 iis
661 3808 783 3890 nequit,
808 3808 862 3889 qui
887 3807 968 3871 alias
992 3828 1050 3889 pro
1074 3807 1245 3873 itineribus
1263 3808 1359 3874 unius
1378 3809 1488 3874 leucae

164 3917 228 3960 non
258 3897 366 3962 solent
395 3896 506 3961 facere
536 3917 708 3979 expensas.
756 3897 789 3962 Si
819 3901 928 3962 autem
954 3897 1064 3978 agitur
1087 3896 1127 3960 de
1156 3897 1230 3978 lege
1261 3897 1386 3976 divina,
1418 3919 1488 3963 cum

164 3984 244 4049 haec
269 4007 343 4050 raro
367 3990 500 4067 urgeat,
533 3990 612 4069 puto
637 4006 799 4069 expensae
822 3986 960 4051 relative
984 3985 1128 4050 modicas
1150 3986 1319 4052 faciendas
1342 4008 1430 4066 esse,
1462 3986 1488 4050 si

164 4073 247 4138 alias
270 4080 412 4156 nequeat
436 4075 490 4139 lex
513 4074 649 4158 impleri.

253 4179 292 4246 R.
313 4182 344 4245 4.
383 4179 421 4244 In
445 4184 556 4245 nostro
578 4183 687 4245 autem
711 4201 789 4244 casu
813 4201 877 4243 non
893 4180 1023 4245 videtur
1038 4180 1186 4246 illicitum
1203 4179 1304 4245 fuisse
1320 4181 1487 4266 Eutropio,

165 4267 322 4333 eiusmodi
344 4268 410 4333 iter
433 4269 531 4333 etiam
555 4269 641 4334 inter
664 4269 797 4351 negotia
819 4269 861 4333 ad
885 4290 978 4333 suum
1002 4269 1171 4335 servitium
1195 4270 1380 4353 spectantia
1404 4293 1489 4336 com·

164 4362 299 4439 putare,
331 4378 403 4422 cum
427 4358 597 4441 occupatio
626 4357 660 4422 in
684 4359 738 4423 via
761 4357 869 4423 ferrea
893 4379 992 4423 causa
1021 4358 1065 4423 sit
1095 4379 1153 4422 cur
1181 4360 1237 4424 boc
1260 4361 1352 4426 inodo
1376 4360 1489 4425 officiis

164 4445 326 4527 religiosis
349 4446 543 4512 satisfacere
566 4449 713 4528 cogatur,
747 4452 846 4528 atque
870 4447 1152 4512 administratores
1175 4446 1305 4513 demum
1329 4450 1489 4532 possibili·

165 4538 270 4599 tatem
300 4536 379 4602 dare
408 4535 550 4601 debeant
580 4535 687 4616 aliquo
718 4535 813 4601 modo
845 4536 925 4600 haec
955 4535 1063 4600 officia
1093 4535 1258 4619 implendi.
1305 4537 1350 4604 Et
1374 4558 1489 4604 revera

166 4623 344 4708 Eutropius
368 4625 525 4691 solvendo
549 4624 692 4690 debitum
723 4646 815 4689 suum
847 4646 927 4707 erga
949 4625 1053 4689 Deum
1084 4625 1145 4690 Dei
1168 4626 1407 4709 protectionem
1431 4626 1488 4693 sibi
