3106 5168
321 293 465 348 Oenomao.
485 326 518 335 -
538 290 787 347 Exoommnnicatio
806 291 834 345 in
852 293 1010 346 absolventes
1028 295 1185 362 complicem.
1348 297 1412 361 525

686 487 822 553 Salutio.

183 627 236 694 Aa
260 648 450 704 onnasmun
470 633 506 694 1¹¹¹
522 629 560 694 R.
581 632 609 695 1.
642 627 838 695 Constitutio
863 627 1011 696 Bened.
1028 627 1116 706 XIV,
1141 628 1182 691 ad
1199 648 1297 709 qnam
1313 627 1481 694 otiamlotl

92 738 180 783 nunc
203 718 296 799 leges
318 717 485 783 Ecclesiae
509 723 700 785 constanter
722 720 911 802 provocant,
935 717 1080 799 loquitur
1095 717 1135 782 de
1156 720 1310 800 ,peccato
1326 715 1414 799 turpi

92 814 211 873 contra
233 811 362 872 sextum
388 807 536 888 decalogi
565 812 776 891 praeceptum
808 805 1016 872 commisso“:
1042 805 1127 887 quod
1151 805 1249 887 aliqui
1274 806 1314 870 de
1337 825 1413 888 pec·

93 902 170 963 cato
193 919 285 981 opero
300 899 432 979 patrato
449 896 640 978 intellegere
656 896 820 973 volebant,
844 915 949 978 neque
964 899 1075 960 tamen
1090 898 1180 960 recte
1196 894 1285 959 adid
1309 895 1413 960 solum

93 985 314 1068 restringitur.
361 984 476 1067 Neque
498 984 646 1064 interest,
672 986 821 1068 complex
843 983 887 1049 sit
909 983 1026 1049 mulier
1048 1005 1091 1048 an
1114 983 1174 1050 vir.

183 1091 222 1157 R.
249 1092 279 1157 2.
325 1092 357 1157 S.
383 1090 581 1156 Officium
613 1091 643 1158 d.
676 1093 717 1155 28
748 1090 826 1156 Maii
853 1092 938 1155 1873
969 1110 1124 1174 expresse
1151 1090 1321 1174 respondit
1348 1110 1412 1155 non

93 1180 331 1353 {pzzeplpicicata
354 1183 430 1245 actu
454 1180 632 1263 completa,
664 1179 721 1245 sed
751 1179 850 1246 etiam
880 1183 1005 1256 tactus,
1037 1200 1203 1245 sermones
1233 1185 1295 1247 etc.
1327 1200 1414 1245 com-

185 1366 224 1432 R.
249 1369 280 1434 3.
326 1366 517 1449 Requiritur
546 1371 656 1432 autem
686 1366 729 1431 ad
759 1365 1020 1432 constituendum
1051 1365 1213 1432 obiectum
1237 1366 1332 1431 huius
1355 1387 1413 1430 ex·

94 1455 396 1521 communicationis
418 1458 589 1540 peccatum
613 1459 704 1521 certo
727 1476 829 1537 grave
845 1477 902 1520 seu
926 1456 1065 1522 mortale
1081 1476 1123 1520 ex
1146 1461 1285 1537 utraque
1308 1461 1413 1539 parte,

94 1544 192 1626 idque
216 1564 278 1608 non
303 1566 346 1610 ex
369 1546 440 1611 sola
462 1566 567 1629 prava
589 1548 716 1621 mente,
747 1545 805 1624 sed
837 1545 937 1610 etiam
960 1544 1137 1610 secundum
1161 1548 1332 1610 externam
1356 1566 1414 1628 ap·

94 1633 298 1716 parentiam:
332 1633 474 1714 alioquin
498 1633 699 1716 complicitos
722 1654 820 1698 sensu
843 1633 959 1699 stricto
989 1654 1053 1699 non
1077 1633 1273 1700 verificatur.
1320 1633 1415 1698 Unde

93 1727 189 1805 patet
220 1721 254 1786 in
283 1722 485 1787 sermonibus
515 1743 573 1786 sau
606 1721 774 1802 colloquiis
805 1721 933 1786 facilius
963 1723 1032 1787 fieri
1065 1744 1178 1806 posse,
1210 1727 1247 1788 ut
1269 1721 1415 1788 rationa-

94 1810 206 1876 biliter
230 1811 269 1875 de
292 1810 459 1892 gravitate
489 1811 538 1876 rei
567 1811 745 1893 prudenter
768 1810 947 1887 dubitetur,
978 1812 1120 1877 maxime
1150 1812 1226 1894 quia
1249 1832 1415 1877 sermones

95 1899 151 1965 isti
182 1899 345 1965 debebant
373 1922 409 1964 se
441 1904 577 1966 externe
608 1904 644 1965 nt
673 1900 822 1982 graviter
850 1900 1094 1982 peccaminosos
1125 1900 1348 1966 manifestare.
1371 1937 1416 1949 -

95 1987 286 2070 Requiritur
309 1989 418 2066 etiam,
443 1993 480 2055 ut
503 1989 656 2054 sacerdos
680 2011 737 2054 sau
761 1988 934 2054 absolvens
957 1991 992 2054 et
1015 1990 1173 2054 confitens
1196 1989 1263 2054 sint
1281 1988 1342 2053 sibi
1365 1989 1415 2053 in·

96 2077 203 2143 vicem
227 2078 409 2144 formaliter
433 2078 623 2162 complices,
656 2077 706 2144 ita
739 2081 775 2143 nt
803 2082 940 2159 uterque
970 2098 1006 2142 se
1036 2098 1107 2142 curn
1133 2079 1237 2144 altero
1261 2098 1415 2161 peccasse

96 2171 275 2248 cognoscat
298 2167 350 2230 vol
375 2166 574 2248 cognoverit.

186 2255 224 2322 R.
249 2259 279 2322 4.
327 2255 379 2320 Ex
402 2255 567 2323 sententia
597 2255 741 2339 practice
771 2255 913 2321 tenenda
936 2254 1221 2338 comprehenditur
1243 2259 1414 2338 peccatum

95 2343 196 2411 etiarn
220 2348 297 2409 ante
320 2349 507 2428 susceptum
538 2344 757 2410 sacerdotium
789 2343 1005 2421 commissum,
1035 2344 1083 2410 ita
1106 2349 1158 2422 ut,
1190 2344 1245 2427 qui
1267 2343 1316 2411 ita
1338 2364 1415 2428 poc·

96 2433 196 2510 cavit,
220 2437 337 2516 postea
360 2454 532 2516 personam
550 2434 738 2516 complicem
755 2435 796 2499 ab
820 2454 858 2498 eo
876 2439 1010 2516 peccato
1027 2434 1197 2499 absolvere
1212 2454 1277 2499 non
1300 2433 1414 2517 possit.

95 2522 148 2587 lta
172 2521 203 2587 S.
230 2522 352 2589 Pacnit.
378 2523 408 2589 d.
434 2526 476 2588 22
500 2522 568 2590 Ian.
590 2525 683 2588 1879.
733 2522 781 2588 Cf.
810 2523 865 2588 Tb.
891 2545 932 2587 m.
955 2522 996 2600 ΙΙ,
1021 2525 1096 2602 935,
1119 2527 1241 2589 notam.

185 2638 239 2702 Au
262 2657 453 2713 ouaesmnn
478 2639 515 2700 2m
543 2637 581 2702 R.
609 2640 636 2702 l.
689 2636 859 2702 Excusant
894 2637 935 2700 ab
966 2636 1161 2701 incurrendo
1195 2636 1481 2703 excommuni·102⁴

96 2724 225 2790 catione
249 2747 292 2790 ex
315 2730 433 2791 natura
455 2725 502 2790 rei
527 2746 638 2790 omnes
661 2725 737 2790 illae
753 2725 1029 2802 circumstantiae,
1054 2746 1137 2806 quae
1159 2725 1326 2809 probabile
1342 2726 1416 2790 red-

96 2815 177 2879 dant
207 2814 369 2880 obiectum
392 2836 412 2879 a
437 2814 668 2880 constitutione
692 2816 839 2883 Bened.
862 2815 939 2879 XIV
963 2815 1161 2898 descriptum
1192 2836 1256 2880 non
1289 2815 1414 2894 adesse,

96 2908 135 2969 ut
158 2903 191 2968 in
214 2903 252 2970 R.
279 2906 298 2969 3
322 2904 363 2968 ad
390 2908 427 2969 lm
451 2904 656 2969 dictumest.

186 3010 224 3076 R.
250 3014 280 3076 2.
327 3011 475 3075 Excusat
505 3031 546 3075 ex
576 3009 648 3093 ipsa
678 3009 888 3093 dispositione
917 3008 1001 3089 legis
1029 3015 1195 3085 ,extrema
1226 3008 1414 3084 necessitas,

96 3099 249 3165 nimirum
273 3100 305 3163 in
329 3100 431 3182 ipsius
454 3099 569 3164 mortis
592 3099 748 3175 articulo,
774 3103 809 3163 et
831 3098 1001 3164 deficiente
1025 3103 1103 3162 tnnc
1125 3118 1327 3178 quocumque
1351 3096 1415 3162 alio

97 3190 279 3267 sacerdote,
303 3189 358 3270 qui
382 3188 572 3254 confessarii
588 3209 704 3253 munus
728 3188 817 3252 obire
834 3187 968 3271 possit“.
986 3223 1030 3231 —
1050 3187 1180 3264 ,Porro,
1204 3185 1231 3250 si
1250 3207 1344 3250 casus
1360 3207 1415 3250 ur·

96 3277 206 3360 gentis
223 3278 364 3358 qualitas
380 3283 414 3342 ct
431 3282 660 3342 concurrentes
676 3276 951 3355 circumstantiae,
977 3297 1060 3356 qnae
1083 3274 1181 3340 vitari
1196 3296 1261 3339 non
1278 3274 1414 3357 possint,

98 3366 256 3431 eiusmodi
280 3367 412 3443 fuerint,
437 3373 473 3432 nt
497 3367 580 3431 alius
604 3367 756 3431 sacerdos
772 3366 814 3431 ad
831 3366 1024 3430 audiendam
1048 3364 1247 3430 constitutae
1271 3363 1303 3427 in
1328 3363 1414 3429 dicto

98 3455 238 3521 articulo
261 3476 420 3539 personae
444 3456 679 3520 confessionem
703 3455 813 3520 vocari
837 3458 895 3520 ant
917 3454 1073 3520 accedere
1096 3453 1166 3518 sine
1189 3453 1283 3535 gravi
1307 3452 1416 3534 aliqua

97 3545 267 3610 exoritura
290 3544 425 3609 infamia
447 3545 499 3608 vel
524 3545 679 3609 scandalo
702 3548 859 3625 nequeat;
890 3549 968 3609 tnnc
992 3543 1091 3608 alium
1114 3543 1317 3608 sacerdotem
1341 3563 1415 3625 pcr-

97 3633 174 3698 inde
196 3633 308 3699 haberi
333 3633 521 3714 censerique
545 3654 658 3717 posse,
690 3655 729 3698 ac
752 3633 780 3697 si
803 3654 921 3698 revera
944 3634 1075 3698 abesset
1101 3635 1201 3713 atquc
1229 3632 1410 3698 deficeret.“

187 3739 226 3805 R.
252 3741 281 3803 3.
328 3739 499 3802 Excusant
522 3759 564 3802 ax
586 3737 812 3819 theologorum
844 3738 1117 3822 interpretatione
1140 3737 1415 3815 circumstantiae,

98 3848 183 3910 quae
222 3827 437 3910 gravissimae
478 3827 667 3893 necessitati
705 3827 801 3892 modo
840 3828 1023 3911 descriptae
1061 3827 1307 3908 aequivaleant,
1346 3826 1414 3891 scil.

98 3918 133 3998 a)
157 3916 269 3999 gravis
292 3917 405 3991 timor,
430 3937 471 3980 ne
494 3916 664 3999 paenitens
693 3916 727 3980 in
750 3916 888 3982 articulo
911 3918 1026 3983 mortis
1049 3916 1106 3982 alii
1128 3917 1292 3982 sacerdoti
1315 3915 1416 3981 sacri-

98 4007 172 4087 lege
196 4008 408 4082 confiteatur3
434 4007 467 4086 b)
492 4005 774 4072 extraordinariae
798 4006 1078 4085 circumstantiae,
1111 4027 1155 4071 ex
1178 4006 1293 4087 quibus
1316 4004 1416 4069 etiam

99 4099 198 4159 extra
220 4095 334 4161 mortis
365 4094 537 4160 articulum
568 4094 674 4176 quivis
704 4094 788 4160 alius
818 4096 971 4161 sacerdos
1002 4097 1057 4161 dio
1082 4095 1177 4160 abest
1200 4114 1304 4174 neque
1333 4091 1417 4157 adiri

97 4183 212 4266 possit,
237 4205 278 4248 ex
302 4184 404 4250 dilato
427 4188 536 4250 autern
561 4205 694 4249 accessu
718 4185 759 4249 ad
783 4191 989 4251 sacramenta
1011 4185 1189 4268 pericnlum
1213 4183 1283 4247 sine
1306 4201 1416 4247 sacra·

98 4273 219 4338 mentis
242 4273 398 4337 moriendi
421 4273 474 4337 vel
498 4294 600 4354 grave
624 4275 813 4339 scandalum
847 4274 1005 4340 oriturum
1039 4274 1098 4348 sit,
1130 4271 1270 4337 maxime
1299 4270 1326 4334 si
1351 4292 1416 4335 non

99 4362 182 4427 satis
216 4365 289 4427 tuto
318 4382 458 4445 persona
488 4362 636 4445 complex
666 4363 818 4428 videatur
847 4363 909 4428 sibi
941 4384 1036 4446 posse
1069 4366 1178 4428 actum
1211 4359 1416 4425 contritionis

100 4450 227 4518 elicere.
275 4451 322 4517 ef.
352 4452 408 4517 Tb.
433 4474 474 4517 err.
498 4451 538 4525 ΙΙ,
565 4454 639 4516 937.

189 4557 227 4623 R.
253 4560 282 4623 4.
329 4556 530 4638 Quamquam
560 4556 593 4621 in
624 4556 762 4621 articulo
790 4556 905 4622 mortis
936 4574 1094 4638 personae
1124 4553 1290 4636 complicis
1320 4553 1481 4618 abso-102¹

100 4647 181 4712 lutio
205 4667 225 4711 a
248 4647 419 4711 sacerdote
443 4645 598 4729 complice
615 4645 714 4711 etiam
738 4645 850 4711 illicite
874 4646 961 4722 data,
986 4644 1013 4708 si
1037 4645 1132 4709 modo
1156 4641 1326 4728 paenitens
1350 4643 1416 4707 dis·
