3106 5168
153 293 219 356 418
292 287 332 342 De
350 287 497 342 virtutibus
515 290 544 342 et
561 287 659 342 officiis
677 304 743 356 erga
761 286 890 341 homines.
910 315 945 324 -
963 286 1015 342 Off.
1034 286 1106 342 circa
1124 287 1195 341 bona
1212 289 1337 342 externa.

154 465 225 529 solo
248 464 318 530 iure
341 469 481 531 naturae
504 467 604 545 atque
627 463 727 528 etiam
751 462 785 528 in
807 463 903 542 locis,
928 463 981 528 ubi
1013 464 1104 545 leges
1127 463 1315 529 contrariae
1339 463 1474 529 donat-a-

155 553 240 618 rium
262 574 327 618 non
349 553 475 630 iuvant,
508 552 660 619 existimo
684 557 836 636 nepotem
860 573 925 617 non
948 552 1088 635 amplius
1112 574 1209 636 posse
1231 574 1395 618 summam
1419 573 1474 617 an-

155 664 253 708 nuam
276 642 431 726 recipere,
455 641 518 706 nisi
541 641 708 707 declarato
732 641 881 707 donatori
904 662 963 706 suo
988 640 1132 708 consilio.

242 733 365 796 Verum
400 730 455 795 ubi
486 730 690 796 condiciones
722 734 834 814 turpes
872 731 1114 814 (resolutoriae)
1146 752 1188 796 ex
1226 730 1371 814 positiva
1403 729 1476 811 lege

153 820 314 885 habentur
338 841 396 904 pro
420 841 484 884 non
508 819 654 896 adiectis,
679 819 832 885 existimo
856 820 953 903 plane
983 826 1136 904 nepotem
1160 840 1299 903 pergere
1322 840 1420 903 posse
1443 819 1475 883 in

153 908 338 993 recipienda
362 930 488 974 summa
521 930 629 974 annua
659 908 721 974 etsi
746 909 914 973 consilium
944 930 1038 973 suum
1069 910 1260 975 donatorem
1283 909 1387 985 celet,
1420 929 1476 972 ne·

152 1018 215 1080 que
238 998 397 1063 interesse
413 998 599 1080 quidquam,
623 996 651 1062 si
667 997 796 1081 publica
811 998 920 1080 legum
936 998 1076 1074 illarum,
1100 997 1154 1063 ubi
1173 1003 1283 1063 tamen
1300 997 1475 1073 exsistunt,

152 1086 382 1170 interpretatio
406 1087 480 1151 Rufi
504 1085 724 1151 condicionem
747 1108 806 1169 pro
829 1087 917 1170 turpi
939 1087 1027 1152 forte
1049 1108 1115 1152 non
1138 1086 1332 1152 consideret.
1380 1086 1476 1151 Certo

151 1175 238 1241 enim
260 1175 366 1259 turpis
389 1179 457 1252 est;
482 1179 580 1256 atque
603 1175 637 1239 iu
660 1175 732 1240 foro
755 1175 974 1242 conscientiae
989 1175 1096 1259 quivis
1118 1175 1225 1258 legem
1248 1175 1343 1257 sequi
1365 1180 1476 1258 potest

151 1265 328 1329 secundum
351 1263 655 1347 interpretationem
679 1263 839 1329 obiective
863 1270 953 1331 certo
976 1286 1099 1342 veram,
1124 1265 1186 1330 etsi
1208 1264 1291 1330 baec
1314 1263 1474 1346 interpre-

151 1352 235 1420 tatio
258 1375 323 1418 non
347 1352 391 1418 sit
405 1352 528 1417 usualis
544 1353 597 1417 vel
621 1357 777 1419 consueta
795 1353 829 1417 in
851 1353 979 1421 iudicio.
1016 1353 1248 1437 Interpretatio
1272 1353 1361 1418 enim
1376 1354 1474 1420 etiam

151 1442 275 1507 usualis
298 1442 404 1524 legem
428 1464 493 1506 non
516 1442 598 1507 iacit
627 1463 732 1525 neque
764 1442 887 1521 aufert,
919 1444 1048 1525 quando
1072 1447 1186 1526 aperte
1210 1447 1263 1508 est
1285 1442 1388 1520 falsa,
1419 1441 1474 1507 sed

151 1532 254 1597 solum
280 1531 409 1613 quando
433 1536 484 1596 est
507 1530 614 1597 dubia.

380 1746 682 1813 IURAMENTUM
707 1746 984 1813 CONTRAGTUI
1008 1747 1244 1815 ADIECTUM.

706 1889 816 1954 Casus.
844 1896 920 1962 (255)

240 2019 365 2079 Iodoous
387 2039 452 2079 cum
466 2019 598 2078 Almario
620 2021 759 2078 convenit
780 2024 918 2078 oretenus
940 2019 975 2077 do
996 2019 1040 2078 rei
1060 2018 1239 2090 venditione,
1262 2019 1403 2095 adquam
1423 2040 1472 2096 per

150 2099 233 2174 leges
255 2100 411 2158 conventio
441 2105 548 2178 scripta
578 2100 751 2175 requiritur;
779 2105 910 2158 attamen
932 2099 1113 2158 alteralteri
1136 2099 1216 2158 iurat
1242 2118 1275 2158 se
1296 2100 1374 2158 vello
1397 2105 1472 2158 stare

150 2178 207 2250 iis,
242 2181 278 2239 de
306 2180 410 2256 quibus
440 2180 518 2238 inter
546 2200 579 2239 se
607 2180 807 2239 convenerint.
855 2180 947 2238 Paulo
975 2188 1043 2255 post
1070 2179 1195 2239 Iodoous
1224 2180 1472 2255 opportunitatem

150 2261 240 2331 babet
260 2261 347 2335 longe
370 2261 467 2318 carius
488 2261 611 2319 eandem
632 2280 692 2319 reni
707 2260 861 2319 vendendi.
892 2260 1078 2336 Quapropter
1099 2259 1223 2335 quaerit,
1245 2279 1315 2317 num
1338 2264 1472 2318 teneatur

150 2345 230 2399 stare
246 2340 410 2400 contractui
431 2340 474 2399 illi
495 2341 561 2415 lego
582 2340 720 2411 invalido,
743 2341 829 2416 idque
843 2360 880 2398 ex
897 2340 1020 2410 iustitia,
1043 2345 1072 2398 et
1092 2360 1162 2398 num
1179 2339 1255 2399 solvi
1275 2339 1373 2416 possit
1388 2360 1406 2398 a
1420 2359 1469 2398 suo

150 2421 323 2479 iuramento.

240 2501 380 2559 Similiter
394 2499 521 2558 Iodoous
536 2500 685 2559 contraxit
699 2501 735 2558 de
749 2520 781 2558 re
796 2500 918 2558 emenda
933 2519 998 2558 cum
1013 2500 1184 2569 Adalberto‚
1206 2499 1256 2575 qui
1276 2506 1346 2575 post
1361 2519 1469 2576 paucas

150 2579 349 2638 hebdomadas
370 2598 464 2638 annos
485 2579 719 2639 maiorennitatis
741 2582 938 2656 completurus
961 2585 1040 2650 erat,
1070 2586 1100 2637 et
1119 2599 1204 2655 quem
1225 2579 1354 2638 Iodoous
1376 2579 1468 2638 iurare

149 2659 221 2718 fecit
248 2679 280 2718 se
309 2661 437 2717 curatori
466 2679 518 2718 suo
546 2659 662 2718 interim
690 2660 764 2718 nibil
791 2679 858 2719 esse
879 2660 1024 2719 dicturum
1046 2665 1133 2735 atque
1158 2660 1247 2718 etiam
1278 2666 1348 2735 post
1378 2678 1467 2718 annos

149 2739 386 2797 maiorennitatis
408 2759 441 2797 se
462 2739 627 2798 contractui
649 2746 795 2798 staturum
817 2760 892 2799 esse.
923 2740 996 2799 Post
1010 2741 1157 2816 expletam
1179 2745 1307 2798 aetatem
1329 2740 1466 2799 maioren·

149 2820 253 2877 nitatis
268 2839 332 2877 eum
348 2819 420 2877 facti
441 2819 588 2895 paenitet;
610 2820 738 2878 monitus
754 2821 1004 2878 confirmationem
1021 2827 1051 2878 et
1065 2821 1284 2878 exsecutionem
1300 2826 1466 2879 contractus

150 2899 247 2957 differt
261 2920 279 2957 a
292 2919 393 2957 mensa
415 2900 451 2957 ad
473 2919 602 2958 mensem
624 2907 654 2958 et
668 2901 782 2976 quaerit
797 2920 833 2958 ex
849 2901 1040 2970 confessario,
1063 2920 1132 2958 num
1152 2900 1182 2957 in
1200 2900 1385 2959 conscientia
1406 2920 1465 2959 con·

148 2985 247 3038 tractu
269 2987 299 3038 et
319 2979 482 3038 iuramento
503 2986 647 3040 teneatur.

149 3085 326 3156 Quanarrun
348 3087 377 3142 1⁰
402 3085 470 3160 quid
492 3087 531 3143 sit
552 3088 746 3144 iuramentum
769 3084 933 3143 contractui
956 3084 1101 3142 adiectum
1124 3084 1241 3160 etquid
1263 3084 1383 3146 efficiat.

346 3176 377 3232 20
403 3175 518 3249 quando
540 3175 734 3233 iuramentum
757 3174 796 3232 sit
816 3174 956 3231 inefficax
977 3174 1024 3232 rel
1047 3173 1178 3232 solubile.

346 3264 376 3321 3ο
402 3263 469 3338 quid
490 3263 661 3340 responderi
683 3264 788 3321 debeat
809 3263 845 3320 ad
867 3282 962 3322 casus.

741 3444 875 3511 Salutio.

88 3582 141 3636 828
240 3571 291 3632 An
315 3591 505 3644 ounasmuu
533 3573 569 3633 im
593 3569 630 3634 R.
656 3572 684 3636 1.
731 3570 953 3634 Iuramentum
977 3569 1136 3634 exsistere
1152 3574 1263 3652 potest
1286 3569 1345 3647 ita,
1371 3575 1406 3636 ut
1427 3588 1461 3633 ex

149 3680 185 3722 se
209 3659 278 3721 solo
303 3658 534 3738 obligationem
558 3659 734 3741 producat;
765 3662 874 3742 potest
905 3659 1004 3724 etiam
1031 3659 1080 3723 ita
1103 3680 1190 3734 esse,
1216 3664 1253 3723 ut
1277 3663 1388 3724 actum
1410 3658 1462 3723 ali·

150 3769 245 3830 quem
270 3749 368 3827 atque
398 3747 629 3827 obligationem
660 3747 777 3812 exinde
807 3751 913 3812 ortam
938 3748 1002 3812 iam
1026 3751 1271 3831 praesupponat
1294 3748 1390 3830 eique
1412 3768 1462 3812 no·

151 3859 227 3901 vum
252 3837 349 3900 robur
372 3856 555 3916 novamque
579 3836 809 3917 obligationem
834 3837 944 3901 addat.

240 3925 271 3989 Si
296 3945 402 3987 sermo
426 3929 476 3988 est
500 3926 539 3988 de
569 3926 750 3990 iuramento
781 3925 965 3990 contractui
988 3925 1130 4001 adiecta,
1163 3927 1353 3989 contractus
1378 3945 1463 4008 prae·

150 4013 341 4096 supponitur
364 4013 417 4076 vel
441 4014 568 4077 omnino
593 4016 757 4096 perfectus
774 4020 807 4080 et
834 4017 945 4078 firmus
962 4016 1015 4078 vel
1031 4016 1146 4079 saltem
1164 4013 1328 4078 exsistens
1345 4016 1462 4078 infirmo

150 4109 184 4168 et
208 4103 297 4166 labili
320 4102 427 4176 modo,
452 4103 498 4165 ita
522 4108 558 4167 ut
582 4105 623 4167 ad
648 4104 716 4167 eius
733 4103 978 4169 consistentiam
1003 4109 1036 4168 et
1058 4104 1245 4168 firmitatem
1270 4104 1361 4168 aliud
1385 4102 1463 4186 quid,

151 4213 181 4256 v.
206 4213 237 4271 g.
263 4212 439 4254 consensus
463 4191 569 4262 tertii,
600 4214 659 4274 per
689 4214 724 4256 se
755 4193 909 4257 accedere
941 4194 1066 4257 debeat.
1094 4192 1366 4275 -Quapropter
1395 4214 1463 4256 con·

150 4280 269 4345 tractui
294 4281 437 4344 invalido
462 4302 518 4344 seu
543 4282 621 4345 nulli
645 4281 860 4347 iuramentum
886 4283 970 4347 adici
993 4282 1121 4363 nequit,
1146 4282 1204 4346 sed
1228 4281 1254 4345 si
1272 4282 1360 4363 quod
1384 4283 1463 4346 iura-

150 4373 293 4433 mentum
318 4369 350 4432 in
374 4370 434 4433 tali
458 4393 534 4434 casu
559 4372 736 4448 emittitur,
770 4377 842 4437 tota
872 4372 1029 4452 obligatio
1060 4392 1101 4435 ex
1126 4372 1185 4435 hoc
1210 4371 1396 4437 iuramento
1419 4374 1463 4435 est

148 4460 297 4540 petenda.

239 4556 275 4620 ll.
302 4560 330 4621 2.
379 4554 561 4634 Aliquando
592 4560 682 4638 leges
714 4558 873 4639 positivae
904 4562 1070 4631 statuunt,
1102 4557 1193 4622 utin
1219 4558 1318 4624 certis
1343 4558 1463 4622 casibus

150 4648 336 4710 contractus
353 4644 494 4725 alioquin
517 4645 623 4708 labilis
641 4651 673 4710 et
689 4647 834 4710 infirmus
851 4650 1028 4711 latumano
1042 4649 1195 4729 firmetur,
1220 4647 1269 4712 ita
1286 4653 1322 4713 ut
1338 4651 1465 4730 propter
