<?xml version="1.0" encoding="UTF-8"?>
<!DOCTYPE html PUBLIC "-//W3C//DTD XHTML 1.0 Transitional//EN"
    "http://www.w3.org/TR/xhtml1/DTD/xhtml1-transitional.dtd">
<html xmlns="http://www.w3.org/1999/xhtml" xml:lang="en" lang="en">
 <head>
  <title>
</title>
<meta http-equiv="Content-Type" content="text/html;charset=utf-8" />
  <meta name='ocr-system' content='tesseract 3.04.00' />
  <meta name='ocr-capabilities' content='ocr_page ocr_carea ocr_par ocr_line ocrx_word'/>
</head>
<body>
  <div class='ocr_page' id='page_1' title='image "./casusconscienti01lehmgoog_0110.png"; bbox 0 0 3106 5168; ppageno 0'>
   <div class='ocr_carea' id='block_1_1' title="bbox 18 277 1162 349">
    <p class='ocr_par' dir='ltr' id='par_1_1' title="bbox 18 277 1162 349">
     <span class='ocr_line' id='line_1_1' title="bbox 18 277 1162 349; baseline 0.002 -17"><span class='ocrx_word' id='word_1_1' title='bbox 18 284 62 348; x_wconf 80' lang='grc'>94</span> <span class='ocrx_word' id='word_1_2' title='bbox 203 279 244 333; x_wconf 89' lang='lat' dir='ltr'>De</span> <span class='ocrx_word' id='word_1_3' title='bbox 262 278 411 333; x_wconf 82' lang='lat' dir='ltr'>virtutihus</span> <span class='ocrx_word' id='word_1_4' title='bbox 429 281 458 334; x_wconf 89' lang='lat' dir='ltr'>et</span> <span class='ocrx_word' id='word_1_5' title='bbox 475 277 574 334; x_wconf 80' lang='lat' dir='ltr'>officiis</span> <span class='ocrx_word' id='word_1_6' title='bbox 592 295 658 348; x_wconf 77' lang='lat' dir='ltr'>erga</span> <span class='ocrx_word' id='word_1_7' title='bbox 676 277 772 333; x_wconf 89' lang='lat' dir='ltr'>Deum.</span> <span class='ocrx_word' id='word_1_8' title='bbox 790 301 826 317; x_wconf 61' lang='lat'>*-</span> <span class='ocrx_word' id='word_1_9' title='bbox 842 278 967 334; x_wconf 82' lang='lat' dir='ltr'>Virtutes</span> <span class='ocrx_word' id='word_1_10' title='bbox 984 278 1162 349; x_wconf 73' lang='lat' dir='ltr'>theologicae.</span> 
     </span>
    </p>
   </div>
   <div class='ocr_carea' id='block_1_2' title="bbox 19 453 1348 987">
    <p class='ocr_par' dir='ltr' id='par_1_2' title="bbox 19 453 1348 987">
     <span class='ocr_line' id='line_1_2' title="bbox 20 453 1346 540; baseline -0.002 -18"><span class='ocrx_word' id='word_1_11' title='bbox 20 457 162 522; x_wconf 88' lang='lat' dir='ltr'>citatura</span> <span class='ocrx_word' id='word_1_12' title='bbox 184 455 431 540; x_wconf 79' lang='lat' dir='ltr'>praevideatur:</span> <span class='ocrx_word' id='word_1_13' title='bbox 455 456 564 540; x_wconf 89' lang='lat' dir='ltr'>potius</span> <span class='ocrx_word' id='word_1_14' title='bbox 587 475 608 520; x_wconf 89' lang='lat' dir='ltr'>a</span> <span class='ocrx_word' id='word_1_15' title='bbox 632 454 850 539; x_wconf 81' lang='lat' dir='ltr'>publicatione</span> <span class='ocrx_word' id='word_1_16' title='bbox 873 454 1103 522; x_wconf 86' lang='lat' dir='ltr'>abstinendum</span> <span class='ocrx_word' id='word_1_17' title='bbox 1124 457 1193 531; x_wconf 86' lang='lat' dir='ltr'>eet;</span> <span class='ocrx_word' id='word_1_18' title='bbox 1217 453 1346 520; x_wconf 86' lang='lat' dir='ltr'>facilins</span> 
     </span>
     <span class='ocr_line' id='line_1_3' title="bbox 20 543 1346 627; baseline -0.002 -16"><span class='ocrx_word' id='word_1_19' title='bbox 20 545 119 612; x_wconf 88' lang='lat' dir='ltr'>etiam</span> <span class='ocrx_word' id='word_1_20' title='bbox 143 544 308 612; x_wconf 86' lang='lat' dir='ltr'>abstinere</span> <span class='ocrx_word' id='word_1_21' title='bbox 331 546 443 613; x_wconf 80' lang='lat' dir='ltr'>licebit.</span> <span class='ocrx_word' id='word_1_22' title='bbox 486 543 550 610; x_wconf 86' lang='lat' dir='ltr'>Sed</span> <span class='ocrx_word' id='word_1_23' title='bbox 572 544 695 627; x_wconf 86' lang='lat' dir='ltr'>poterit</span> <span class='ocrx_word' id='word_1_24' title='bbox 717 544 817 610; x_wconf 87' lang='lat' dir='ltr'>etiam</span> <span class='ocrx_word' id='word_1_25' title='bbox 840 544 927 622; x_wconf 85' lang='lat' dir='ltr'>fieri,</span> <span class='ocrx_word' id='word_1_26' title='bbox 956 543 1049 610; x_wconf 86' lang='lat' dir='ltr'>utin</span> <span class='ocrx_word' id='word_1_27' title='bbox 1071 547 1239 627; x_wconf 85' lang='lat' dir='ltr'>posterum</span> <span class='ocrx_word' id='word_1_28' title='bbox 1262 543 1346 608; x_wconf 91' lang='lat' dir='ltr'>iudi·</span> 
     </span>
     <span class='ocr_line' id='line_1_4' title="bbox 21 630 1347 718; baseline -0.003 -18"><span class='ocrx_word' id='word_1_29' title='bbox 21 639 113 700; x_wconf 86' lang='lat' dir='ltr'>cetur</span> <span class='ocrx_word' id='word_1_30' title='bbox 142 637 359 718; x_wconf 90' lang='lat' dir='ltr'>opportunum</span> <span class='ocrx_word' id='word_1_31' title='bbox 389 634 442 698; x_wconf 92' lang='lat' dir='ltr'>vel</span> <span class='ocrx_word' id='word_1_32' title='bbox 475 633 693 698; x_wconf 89' lang='lat' dir='ltr'>necessarium</span> <span class='ocrx_word' id='word_1_33' title='bbox 725 653 798 699; x_wconf 88' lang='lat' dir='ltr'>esse</span> <span class='ocrx_word' id='word_1_34' title='bbox 827 633 1080 717; x_wconf 86' lang='lat' dir='ltr'>publicationem</span> <span class='ocrx_word' id='word_1_35' title='bbox 1111 632 1192 698; x_wconf 86' lang='lat' dir='ltr'>fieri.</span> <span class='ocrx_word' id='word_1_36' title='bbox 1238 630 1347 709; x_wconf 80' lang='lat' dir='ltr'>Quare</span> 
     </span>
     <span class='ocr_line' id='line_1_5' title="bbox 20 721 1347 807; baseline -0.002 -18"><span class='ocrx_word' id='word_1_37' title='bbox 20 723 101 789; x_wconf 89' lang='lat' dir='ltr'>haec</span> <span class='ocrx_word' id='word_1_38' title='bbox 124 722 323 807; x_wconf 89' lang='lat' dir='ltr'>possibilitas</span> <span class='ocrx_word' id='word_1_39' title='bbox 345 743 432 788; x_wconf 91' lang='lat' dir='ltr'>nunc</span> <span class='ocrx_word' id='word_1_40' title='bbox 455 722 526 788; x_wconf 89' lang='lat' dir='ltr'>dari</span> <span class='ocrx_word' id='word_1_41' title='bbox 550 722 689 789; x_wconf 83' lang='lat' dir='ltr'>debete</span> <span class='ocrx_word' id='word_1_42' title='bbox 712 721 884 806; x_wconf 87' lang='lat' dir='ltr'>Caprasio;</span> <span class='ocrx_word' id='word_1_43' title='bbox 915 721 989 788; x_wconf 88' lang='lat' dir='ltr'>aliis</span> <span class='ocrx_word' id='word_1_44' title='bbox 1010 721 1137 787; x_wconf 85' lang='lat' dir='ltr'>verbis:</span> <span class='ocrx_word' id='word_1_45' title='bbox 1168 721 1347 788; x_wconf 85' lang='lat' dir='ltr'>curandum</span> 
     </span>
     <span class='ocr_line' id='line_1_6' title="bbox 22 810 1348 896; baseline -0.002 -19"><span class='ocrx_word' id='word_1_46' title='bbox 22 817 88 890; x_wconf 88' lang='lat' dir='ltr'>est,</span> <span class='ocrx_word' id='word_1_47' title='bbox 114 818 151 878; x_wconf 86' lang='lat' dir='ltr'>ut</span> <span class='ocrx_word' id='word_1_48' title='bbox 173 811 394 878; x_wconf 80' lang='lat' dir='ltr'>reconciliatio</span> <span class='ocrx_word' id='word_1_49' title='bbox 417 813 476 877; x_wconf 88' lang='lat' dir='ltr'>fiat</span> <span class='ocrx_word' id='word_1_50' title='bbox 499 812 608 894; x_wconf 89' lang='lat' dir='ltr'>aliquo</span> <span class='ocrx_word' id='word_1_51' title='bbox 631 811 727 876; x_wconf 90' lang='lat' dir='ltr'>mode</span> <span class='ocrx_word' id='word_1_52' title='bbox 750 832 809 895; x_wconf 91' lang='lat' dir='ltr'>pro</span> <span class='ocrx_word' id='word_1_53' title='bbox 839 812 912 896; x_wconf 83' lang='lat' dir='ltr'>foro</span> <span class='ocrx_word' id='word_1_54' title='bbox 937 820 1071 877; x_wconf 70' lang='lat' dir='ltr'>rotano.</span> <span class='ocrx_word' id='word_1_55' title='bbox 1118 810 1213 876; x_wconf 88' lang='lat' dir='ltr'>Hanc</span> <span class='ocrx_word' id='word_1_56' title='bbox 1236 815 1348 876; x_wconf 89' lang='lat' dir='ltr'>autem</span> 
     </span>
     <span class='ocr_line' id='line_1_7' title="bbox 19 898 1346 987; baseline -0.002 -20"><span class='ocrx_word' id='word_1_57' title='bbox 19 904 194 987; x_wconf 71' lang='lat' dir='ltr'>pererrem</span> <span class='ocrx_word' id='word_1_58' title='bbox 223 900 294 966; x_wconf 88' lang='lat' dir='ltr'>fieri</span> <span class='ocrx_word' id='word_1_59' title='bbox 323 921 419 984; x_wconf 86' lang='lat' dir='ltr'>posse</span> <span class='ocrx_word' id='word_1_60' title='bbox 449 900 519 965; x_wconf 84' lang='lat' dir='ltr'>sine</span> <span class='ocrx_word' id='word_1_61' title='bbox 549 899 705 984; x_wconf 87' lang='lat' dir='ltr'>strepitu,</span> <span class='ocrx_word' id='word_1_62' title='bbox 736 900 839 966; x_wconf 90' lang='lat' dir='ltr'>multo</span> <span class='ocrx_word' id='word_1_63' title='bbox 862 899 969 982; x_wconf 85' lang='lat' dir='ltr'>magis</span> <span class='ocrx_word' id='word_1_64' title='bbox 998 900 1032 965; x_wconf 92' lang='lat' dir='ltr'>iu</span> <span class='ocrx_word' id='word_1_65' title='bbox 1058 898 1197 966; x_wconf 86' lang='lat' dir='ltr'>articulo</span> <span class='ocrx_word' id='word_1_66' title='bbox 1220 899 1346 976; x_wconf 81' lang='lat' dir='ltr'>mortis,</span> 
     </span>
    </p>
   </div>
   <div class='ocr_carea' id='block_1_3' title="bbox 21 987 1347 1163">
    <p class='ocr_par' dir='ltr' id='par_1_3' title="bbox 21 987 1347 1163">
     <span class='ocr_line' id='line_1_8' title="bbox 21 987 1347 1161; baseline -0.001 -106"><span class='ocrx_word' id='word_1_67' title='bbox 21 990 122 1143; x_wconf 49' lang='lat' dir='ltr'>ipeplpps</span> <span class='ocrx_word' id='word_1_68' title='bbox 153 989 356 1161; x_wconf 56' lang='lat' dir='ltr'>errwdpcreto</span> <span class='ocrx_word' id='word_1_69' title='bbox 386 990 418 1056; x_wconf 89' lang='lat' dir='ltr'>S.</span> <span class='ocrx_word' id='word_1_70' title='bbox 444 988 595 1056; x_wconf 83' lang='lat' dir='ltr'>Officii</span> <span class='ocrx_word' id='word_1_71' title='bbox 626 990 657 1056; x_wconf 87' lang='lat' dir='ltr'>d.</span> <span class='ocrx_word' id='word_1_72' title='bbox 681 989 711 1055; x_wconf 90' lang='lat' dir='ltr'>d.</span> <span class='ocrx_word' id='word_1_73' title='bbox 741 991 784 1055; x_wconf 81' lang='lat'>28</span> <span class='ocrx_word' id='word_1_74' title='bbox 806 989 918 1056; x_wconf 86' lang='lat' dir='ltr'>Martii</span> <span class='ocrx_word' id='word_1_75' title='bbox 944 991 1029 1056; x_wconf 82' lang='lat'>1900</span> <span class='ocrx_word' id='word_1_76' title='bbox 1060 987 1106 1071; x_wconf 87' lang='lat' dir='ltr'>(v.</span> <span class='ocrx_word' id='word_1_77' title='bbox 1128 990 1250 1055; x_wconf 73' lang='grc' dir='ltr'>Αηηαί.</span> <span class='ocrx_word' id='word_1_78' title='bbox 1276 990 1347 1054; x_wconf 83' lang='lat' dir='ltr'>cccl.</span> 
     </span>
     <span class='ocr_line' id='line_1_9' title="bbox 104 1100 282 1163; baseline 0.034 -6"><span class='ocrx_word' id='word_1_79' title='bbox 104 1129 110 1157; x_wconf 66' lang='lat'><em>2</em></span> <span class='ocrx_word' id='word_1_80' title='bbox 134 1100 165 1163; x_wconf 84' lang='lat' dir='ltr'>P·</span> <span class='ocrx_word' id='word_1_81' title='bbox 275 1101 282 1143; x_wconf 80' lang='lat'>²</span> 
     </span>
    </p>
   </div>
   <div class='ocr_carea' id='block_1_4' title="bbox 23 1181 1352 2172">
    <p class='ocr_par' dir='ltr' id='par_1_4' title="bbox 23 1181 1351 1822">
     <span class='ocr_line' id='line_1_10' title="bbox 114 1181 1348 1260; baseline 0 -19"><span class='ocrx_word' id='word_1_82' title='bbox 114 1182 286 1255; x_wconf 79' lang='lat' dir='ltr'>„Abiuratio</span> <span class='ocrx_word' id='word_1_83' title='bbox 300 1182 363 1241; x_wconf 89' lang='lat' dir='ltr'>fieri</span> <span class='ocrx_word' id='word_1_84' title='bbox 384 1187 485 1259; x_wconf 85' lang='lat' dir='ltr'>potest</span> <span class='ocrx_word' id='word_1_85' title='bbox 506 1201 605 1241; x_wconf 88' lang='lat' dir='ltr'>coram</span> <span class='ocrx_word' id='word_1_86' title='bbox 626 1185 771 1260; x_wconf 82' lang='lat' dir='ltr'>quopiam,</span> <span class='ocrx_word' id='word_1_87' title='bbox 792 1183 830 1242; x_wconf 86' lang='lat' dir='ltr'>ab</span> <span class='ocrx_word' id='word_1_88' title='bbox 851 1181 991 1260; x_wconf 85' lang='lat' dir='ltr'>episcopo</span> <span class='ocrx_word' id='word_1_89' title='bbox 1010 1181 1146 1258; x_wconf 81' lang='lat' dir='ltr'>delegato</span> <span class='ocrx_word' id='word_1_90' title='bbox 1166 1188 1201 1242; x_wconf 88' lang='lat' dir='ltr'>ut</span> <span class='ocrx_word' id='word_1_91' title='bbox 1220 1181 1348 1250; x_wconf 86' lang='lat' dir='ltr'>notario,</span> 
     </span>
     <span class='ocr_line' id='line_1_11' title="bbox 23 1262 1349 1341; baseline -0.002 -18"><span class='ocrx_word' id='word_1_92' title='bbox 23 1271 48 1323; x_wconf 85' lang='lat' dir='ltr'>et</span> <span class='ocrx_word' id='word_1_93' title='bbox 75 1265 219 1341; x_wconf 77' lang='lat' dir='ltr'>aliquibus</span> <span class='ocrx_word' id='word_1_94' title='bbox 247 1264 363 1323; x_wconf 76' lang='lat' dir='ltr'>testibus</span> <span class='ocrx_word' id='word_1_95' title='bbox 391 1263 509 1336; x_wconf 88' lang='lat' dir='ltr'>[saltem</span> <span class='ocrx_word' id='word_1_96' title='bbox 536 1262 658 1337; x_wconf 82' lang='lat' dir='ltr'>duobus]</span> <span class='ocrx_word' id='word_1_97' title='bbox 668 1284 680 1338; x_wconf 89' lang='lat'><em>;</em></span> <span class='ocrx_word' id='word_1_98' title='bbox 710 1267 740 1322; x_wconf 88' lang='lat' dir='ltr'>et</span> <span class='ocrx_word' id='word_1_99' title='bbox 770 1263 855 1321; x_wconf 88' lang='lat' dir='ltr'>detur</span> <span class='ocrx_word' id='word_1_100' title='bbox 884 1262 1042 1322; x_wconf 74' lang='lat' dir='ltr'>instructio</span> <span class='ocrx_word' id='word_1_101' title='bbox 1071 1263 1181 1338; x_wconf 88' lang='lat' dir='ltr'>8Apr.</span> <span class='ocrx_word' id='word_1_102' title='bbox 1206 1263 1283 1322; x_wconf 88' lang='grc'>1786</span> <span class='ocrx_word' id='word_1_103' title='bbox 1311 1262 1349 1320; x_wconf 86' lang='lat' dir='ltr'>ad</span> 
     </span>
     <span class='ocr_line' id='line_1_12' title="bbox 23 1341 1349 1421; baseline -0.001 -19"><span class='ocrx_word' id='word_1_104' title='bbox 23 1342 193 1421; x_wconf 85' lang='lat' dir='ltr'>episcopum</span> <span class='ocrx_word' id='word_1_105' title='bbox 207 1342 356 1402; x_wconf 89' lang='lat' dir='ltr'>Limeric.:</span> <span class='ocrx_word' id='word_1_106' title='bbox 382 1341 458 1413; x_wconf 92' lang='lat' dir='ltr'>,Non</span> <span class='ocrx_word' id='word_1_107' title='bbox 478 1346 524 1402; x_wconf 90' lang='lat' dir='ltr'>eet</span> <span class='ocrx_word' id='word_1_108' title='bbox 545 1361 678 1414; x_wconf 88' lang='lat' dir='ltr'>necesse,</span> <span class='ocrx_word' id='word_1_109' title='bbox 699 1347 741 1414; x_wconf 89' lang='lat' dir='ltr'>ut,</span> <span class='ocrx_word' id='word_1_110' title='bbox 763 1342 811 1418; x_wconf 91' lang='lat' dir='ltr'>qui</span> <span class='ocrx_word' id='word_1_111' title='bbox 833 1361 852 1401; x_wconf 85' lang='lat' dir='ltr'>a</span> <span class='ocrx_word' id='word_1_112' title='bbox 873 1342 1020 1401; x_wconf 88' lang='lat' dir='ltr'>catholica</span> <span class='ocrx_word' id='word_1_113' title='bbox 1040 1341 1097 1400; x_wconf 90' lang='lat' dir='ltr'>fide</span> <span class='ocrx_word' id='word_1_114' title='bbox 1118 1342 1291 1401; x_wconf 86' lang='lat' dir='ltr'>defecerunt</span> <span class='ocrx_word' id='word_1_115' title='bbox 1311 1343 1349 1402; x_wconf 90' lang='lat' dir='ltr'>ad</span> 
     </span>
     <span class='ocr_line' id='line_1_13' title="bbox 23 1421 1349 1501; baseline -0.001 -19"><span class='ocrx_word' id='word_1_116' title='bbox 23 1442 145 1501; x_wconf 88' lang='lat' dir='ltr'>eamque</span> <span class='ocrx_word' id='word_1_117' title='bbox 165 1423 351 1500; x_wconf 84' lang='lat' dir='ltr'>postmodum</span> <span class='ocrx_word' id='word_1_118' title='bbox 371 1423 481 1482; x_wconf 88' lang='lat' dir='ltr'>reverti</span> <span class='ocrx_word' id='word_1_119' title='bbox 503 1421 637 1499; x_wconf 87' lang='lat' dir='ltr'>cupiunt,</span> <span class='ocrx_word' id='word_1_120' title='bbox 654 1423 799 1498; x_wconf 77' lang='lat' dir='ltr'>prcblicom</span> <span class='ocrx_word' id='word_1_121' title='bbox 821 1421 1036 1482; x_wconf 87' lang='lat' dir='ltr'>abiurationem</span> <span class='ocrx_word' id='word_1_122' title='bbox 1056 1421 1268 1499; x_wconf 85' lang='lat' dir='ltr'>praemittant,</span> <span class='ocrx_word' id='word_1_123' title='bbox 1297 1422 1349 1481; x_wconf 92' lang='lat' dir='ltr'>sed</span> 
     </span>
     <span class='ocr_line' id='line_1_14' title="bbox 23 1501 1349 1581; baseline -0.001 -18"><span class='ocrx_word' id='word_1_124' title='bbox 23 1505 98 1563; x_wconf 86' lang='lat' dir='ltr'>satis</span> <span class='ocrx_word' id='word_1_125' title='bbox 120 1508 181 1575; x_wconf 88' lang='lat' dir='ltr'>est,</span> <span class='ocrx_word' id='word_1_126' title='bbox 205 1509 239 1562; x_wconf 92' lang='lat' dir='ltr'>nt</span> <span class='ocrx_word' id='word_1_127' title='bbox 255 1505 394 1581; x_wconf 69' lang='lat' dir='ltr'>privatim</span> <span class='ocrx_word' id='word_1_128' title='bbox 415 1522 511 1562; x_wconf 87' lang='lat' dir='ltr'>coram</span> <span class='ocrx_word' id='word_1_129' title='bbox 527 1507 632 1580; x_wconf 78' lang='lat' dir='ltr'>paucis</span> <span class='ocrx_word' id='word_1_130' title='bbox 653 1501 804 1575; x_wconf 88' lang='lat' dir='ltr'>abiurent,</span> <span class='ocrx_word' id='word_1_131' title='bbox 827 1502 980 1562; x_wconf 87' lang='lat' dir='ltr'>dummodo</span> <span class='ocrx_word' id='word_1_132' title='bbox 1001 1510 1101 1563; x_wconf 88' lang='lat' dir='ltr'>tamen</span> <span class='ocrx_word' id='word_1_133' title='bbox 1122 1502 1270 1580; x_wconf 83' lang='lat' dir='ltr'>promissa</span> <span class='ocrx_word' id='word_1_134' title='bbox 1290 1521 1349 1562; x_wconf 89' lang='lat' dir='ltr'>ser·</span> 
     </span>
     <span class='ocr_line' id='line_1_15' title="bbox 24 1582 1350 1659; baseline -0.002 -16"><span class='ocrx_word' id='word_1_135' title='bbox 24 1591 95 1643; x_wconf 79' lang='lat' dir='ltr'>vent</span> <span class='ocrx_word' id='word_1_136' title='bbox 123 1602 159 1642; x_wconf 89' lang='lat' dir='ltr'>ac</span> <span class='ocrx_word' id='word_1_137' title='bbox 186 1602 291 1642; x_wconf 88' lang='lat' dir='ltr'>revera</span> <span class='ocrx_word' id='word_1_138' title='bbox 319 1582 490 1641; x_wconf 86' lang='lat' dir='ltr'>abstineant</span> <span class='ocrx_word' id='word_1_139' title='bbox 510 1582 725 1642; x_wconf 87' lang='lat' dir='ltr'>communicare</span> <span class='ocrx_word' id='word_1_140' title='bbox 747 1601 813 1641; x_wconf 90' lang='lat' dir='ltr'>cum</span> <span class='ocrx_word' id='word_1_141' title='bbox 833 1582 994 1642; x_wconf 82' lang='lat' dir='ltr'>haereticis</span> <span class='ocrx_word' id='word_1_142' title='bbox 1020 1582 1052 1641; x_wconf 91' lang='lat' dir='ltr'>in</span> <span class='ocrx_word' id='word_1_143' title='bbox 1073 1582 1278 1659; x_wconf 80' lang='lat' dir='ltr'>spiritualibus</span> <span class='ocrx_word' id='word_1_144' title='bbox 1298 1588 1350 1641; x_wconf 88' lang='lat' dir='ltr'>aut</span> 
     </span>
     <span class='ocr_line' id='line_1_16' title="bbox 24 1663 1351 1739; baseline -0.001 -16"><span class='ocrx_word' id='word_1_145' title='bbox 24 1664 180 1739; x_wconf 87' lang='lat' dir='ltr'>quidquam</span> <span class='ocrx_word' id='word_1_146' title='bbox 201 1665 317 1734; x_wconf 82' lang='lat' dir='ltr'>facere,</span> <span class='ocrx_word' id='word_1_147' title='bbox 346 1663 422 1738; x_wconf 92' lang='lat' dir='ltr'>quod</span> <span class='ocrx_word' id='word_1_148' title='bbox 449 1663 582 1722; x_wconf 88' lang='lat' dir='ltr'>haeresis</span> <span class='ocrx_word' id='word_1_149' title='bbox 610 1663 836 1739; x_wconf 83' lang='lat' dir='ltr'>protestatirunr</span> <span class='ocrx_word' id='word_1_150' title='bbox 857 1663 905 1723; x_wconf 88' lang='lat' dir='ltr'>sit.</span> <span class='ocrx_word' id='word_1_151' title='bbox 946 1663 1028 1723; x_wconf 77' lang='lat' dir='ltr'>Idem</span> <span class='ocrx_word' id='word_1_152' title='bbox 1048 1665 1227 1722; x_wconf 78' lang='lat' dir='ltr'>sentiendum</span> <span class='ocrx_word' id='word_1_153' title='bbox 1247 1664 1283 1723; x_wconf 85' lang='lat' dir='ltr'>de</span> <span class='ocrx_word' id='word_1_154' title='bbox 1302 1667 1351 1739; x_wconf 80' lang='lat' dir='ltr'>iis,</span> 
     </span>
     <span class='ocr_line' id='line_1_17' title="bbox 25 1743 1221 1822; baseline 0 -20"><span class='ocrx_word' id='word_1_155' title='bbox 25 1749 75 1822; x_wconf 81' lang='lat' dir='ltr'>qui</span> <span class='ocrx_word' id='word_1_156' title='bbox 94 1747 245 1818; x_wconf 79' lang='lat' dir='ltr'>baeresim,</span> <span class='ocrx_word' id='word_1_157' title='bbox 265 1747 297 1803; x_wconf 84' lang='lat' dir='ltr'>in</span> <span class='ocrx_word' id='word_1_158' title='bbox 318 1763 376 1820; x_wconf 82' lang='lat' dir='ltr'>quo</span> <span class='ocrx_word' id='word_1_159' title='bbox 396 1763 487 1821; x_wconf 78' lang='lat' dir='ltr'>usque</span> <span class='ocrx_word' id='word_1_160' title='bbox 506 1745 541 1802; x_wconf 85' lang='lat' dir='ltr'>ab</span> <span class='ocrx_word' id='word_1_161' title='bbox 562 1747 645 1802; x_wconf 80' lang='lat' dir='ltr'>initio</span> <span class='ocrx_word' id='word_1_162' title='bbox 665 1745 778 1803; x_wconf 81' lang='lat' dir='ltr'>educati</span> <span class='ocrx_word' id='word_1_163' title='bbox 795 1746 888 1820; x_wconf 77' lang='lat' dir='ltr'>fuere,</span> <span class='ocrx_word' id='word_1_164' title='bbox 903 1747 1045 1820; x_wconf 78' lang='lat' dir='ltr'>privatim</span> <span class='ocrx_word' id='word_1_165' title='bbox 1066 1743 1221 1804; x_wconf 79' lang='lat' dir='ltr'>abiurant·</span> 
     </span>
    </p>

    <p class='ocr_par' dir='ltr' id='par_1_5' title="bbox 26 1822 1351 1980">
     <span class='ocr_line' id='line_1_18' title="bbox 113 1822 1351 1900; baseline 0 -18"><span class='ocrx_word' id='word_1_166' title='bbox 113 1823 254 1900; x_wconf 81' lang='lat' dir='ltr'>Sequenti</span> <span class='ocrx_word' id='word_1_167' title='bbox 274 1823 349 1882; x_wconf 85' lang='lat' dir='ltr'>feria</span> <span class='ocrx_word' id='word_1_168' title='bbox 371 1823 413 1880; x_wconf 89' lang='lat' dir='ltr'>Vl</span> <span class='ocrx_word' id='word_1_169' title='bbox 435 1823 481 1882; x_wconf 89' lang='lat' dir='ltr'>die</span> <span class='ocrx_word' id='word_1_170' title='bbox 502 1825 541 1882; x_wconf 84' lang='lat'>30</span> <span class='ocrx_word' id='word_1_171' title='bbox 563 1823 654 1883; x_wconf 86' lang='lat' dir='ltr'>eiusd.</span> <span class='ocrx_word' id='word_1_172' title='bbox 675 1823 785 1882; x_wconf 87' lang='lat' dir='ltr'>mensis</span> <span class='ocrx_word' id='word_1_173' title='bbox 807 1828 837 1883; x_wconf 90' lang='lat' dir='ltr'>et</span> <span class='ocrx_word' id='word_1_174' title='bbox 857 1823 928 1882; x_wconf 88' lang='lat' dir='ltr'>anni</span> <span class='ocrx_word' id='word_1_175' title='bbox 949 1869 956 1884; x_wconf 93' lang='lat'><strong>.</strong></span> <span class='ocrx_word' id='word_1_176' title='bbox 978 1869 985 1883; x_wconf 90' lang='lat'>.</span> <span class='ocrx_word' id='word_1_177' title='bbox 1007 1870 1014 1883; x_wconf 94' lang='lat'>.</span> <span class='ocrx_word' id='word_1_178' title='bbox 1035 1822 1096 1882; x_wconf 89' lang='lat' dir='ltr'>Leo</span> <span class='ocrx_word' id='word_1_179' title='bbox 1117 1822 1194 1882; x_wconf 88' lang='lat' dir='ltr'>XIII</span> <span class='ocrx_word' id='word_1_180' title='bbox 1215 1869 1221 1885; x_wconf 93' lang='lat'><strong><em>.</em></strong></span> <span class='ocrx_word' id='word_1_181' title='bbox 1244 1870 1251 1882; x_wconf 90' lang='lat'><strong>.</strong></span> <span class='ocrx_word' id='word_1_182' title='bbox 1272 1870 1279 1883; x_wconf 91' lang='lat'><strong><em>.</em></strong></span> <span class='ocrx_word' id='word_1_183' title='bbox 1301 1842 1351 1900; x_wconf 85' lang='lat' dir='ltr'>cp·</span> 
     </span>
     <span class='ocr_line' id='line_1_19' title="bbox 26 1904 188 1980; baseline 0.006 -19"><span class='ocrx_word' id='word_1_184' title='bbox 26 1904 188 1980; x_wconf 84' lang='lat' dir='ltr'>probavit.“</span> 
     </span>
    </p>

    <p class='ocr_par' dir='ltr' id='par_1_6' title="bbox 26 1998 1352 2172">
     <span class='ocr_line' id='line_1_20' title="bbox 114 1998 1352 2083; baseline -0.001 -17"><span class='ocrx_word' id='word_1_185' title='bbox 114 2000 193 2066; x_wconf 81' lang='lat' dir='ltr'>Ourn</span> <span class='ocrx_word' id='word_1_186' title='bbox 221 2004 314 2066; x_wconf 86' lang='lat' dir='ltr'>actus</span> <span class='ocrx_word' id='word_1_187' title='bbox 343 1999 520 2083; x_wconf 86' lang='lat' dir='ltr'>publicatio</span> <span class='ocrx_word' id='word_1_188' title='bbox 550 2021 614 2064; x_wconf 90' lang='lat' dir='ltr'>non</span> <span class='ocrx_word' id='word_1_189' title='bbox 645 2003 929 2079; x_wconf 86' lang='lat' dir='ltr'>commemoretur,</span> <span class='ocrx_word' id='word_1_190' title='bbox 961 1999 1153 2065; x_wconf 89' lang='lat' dir='ltr'>concludere</span> <span class='ocrx_word' id='word_1_191' title='bbox 1181 1998 1277 2079; x_wconf 83' lang='lat' dir='ltr'>licet,</span> <span class='ocrx_word' id='word_1_192' title='bbox 1310 2020 1352 2066; x_wconf 84' lang='lat' dir='ltr'>ex</span> 
     </span>
     <span class='ocr_line' id='line_1_21' title="bbox 26 2088 1352 2172; baseline 0 -18"><span class='ocrx_word' id='word_1_193' title='bbox 26 2089 125 2155; x_wconf 90' lang='lat' dir='ltr'>variis</span> <span class='ocrx_word' id='word_1_194' title='bbox 149 2088 401 2155; x_wconf 85' lang='lat' dir='ltr'>circumstantiis</span> <span class='ocrx_word' id='word_1_195' title='bbox 425 2089 656 2155; x_wconf 86' lang='lat' dir='ltr'>desumendum</span> <span class='ocrx_word' id='word_1_196' title='bbox 681 2109 763 2169; x_wconf 89' lang='lat' dir='ltr'>esse,</span> <span class='ocrx_word' id='word_1_197' title='bbox 793 2110 870 2154; x_wconf 92' lang='lat' dir='ltr'>num</span> <span class='ocrx_word' id='word_1_198' title='bbox 901 2095 935 2156; x_wconf 88' lang='lat' dir='ltr'>et</span> <span class='ocrx_word' id='word_1_199' title='bbox 962 2089 1090 2172; x_wconf 87' lang='lat' dir='ltr'>quando</span> <span class='ocrx_word' id='word_1_200' title='bbox 1115 2109 1187 2154; x_wconf 89' lang='lat' dir='ltr'>eam</span> <span class='ocrx_word' id='word_1_201' title='bbox 1210 2088 1352 2155; x_wconf 88' lang='lat' dir='ltr'>faciendi</span> 
     </span>
    </p>
   </div>
   <div class='ocr_carea' id='block_1_5' title="bbox 27 2177 357 2260">
    <p class='ocr_par' dir='ltr' id='par_1_7' title="bbox 27 2177 357 2260">
     <span class='ocr_line' id='line_1_22' title="bbox 27 2177 357 2260; baseline -0.003 -15"><span class='ocrx_word' id='word_1_202' title='bbox 27 2179 168 2245; x_wconf 87' lang='lat' dir='ltr'>exsistat</span> <span class='ocrx_word' id='word_1_203' title='bbox 190 2177 357 2260; x_wconf 81' lang='lat' dir='ltr'>obligatio.</span> 
     </span>
    </p>
   </div>
   <div class='ocr_carea' id='block_1_6' title="bbox 26 2291 1362 3354">
    <p class='ocr_par' dir='ltr' id='par_1_8' title="bbox 26 2291 1362 3354">
     <span class='ocr_line' id='line_1_23' title="bbox 115 2291 1352 2376; baseline -0.001 -19"><span class='ocrx_word' id='word_1_204' title='bbox 115 2292 154 2359; x_wconf 80' lang='lat' dir='ltr'>It.</span> <span class='ocrx_word' id='word_1_205' title='bbox 179 2295 208 2357; x_wconf 84' lang='lat'>2.</span> <span class='ocrx_word' id='word_1_206' title='bbox 255 2291 289 2358; x_wconf 90' lang='lat' dir='ltr'>Si</span> <span class='ocrx_word' id='word_1_207' title='bbox 313 2291 487 2374; x_wconf 81' lang='lat' dir='ltr'>Caprasiae</span> <span class='ocrx_word' id='word_1_208' title='bbox 517 2291 566 2357; x_wconf 89' lang='lat' dir='ltr'>ita</span> <span class='ocrx_word' id='word_1_209' title='bbox 596 2311 696 2373; x_wconf 81' lang='lat' dir='ltr'>egere</span> <span class='ocrx_word' id='word_1_210' title='bbox 726 2296 864 2374; x_wconf 89' lang='lat' dir='ltr'>paratus</span> <span class='ocrx_word' id='word_1_211' title='bbox 893 2296 959 2370; x_wconf 85' lang='lat' dir='ltr'>est,</span> <span class='ocrx_word' id='word_1_212' title='bbox 990 2291 1103 2375; x_wconf 88' lang='lat' dir='ltr'>quaeri</span> <span class='ocrx_word' id='word_1_213' title='bbox 1127 2295 1247 2376; x_wconf 86' lang='lat' dir='ltr'>potest,</span> <span class='ocrx_word' id='word_1_214' title='bbox 1276 2312 1352 2356; x_wconf 92' lang='lat' dir='ltr'>num</span> 
     </span>
     <span class='ocr_line' id='line_1_24' title="bbox 26 2379 1352 2471; baseline 0.001 -25"><span class='ocrx_word' id='word_1_215' title='bbox 26 2383 124 2448; x_wconf 90' lang='lat' dir='ltr'>liceat</span> <span class='ocrx_word' id='word_1_216' title='bbox 143 2402 206 2471; x_wconf 85' lang='lat' dir='ltr'>pro</span> <span class='ocrx_word' id='word_1_217' title='bbox 230 2401 308 2446; x_wconf 84' lang='lat' dir='ltr'>casu</span> <span class='ocrx_word' id='word_1_218' title='bbox 331 2380 574 2463; x_wconf 89' lang='lat' dir='ltr'>recuperandae</span> <span class='ocrx_word' id='word_1_219' title='bbox 593 2379 791 2447; x_wconf 90' lang='lat' dir='ltr'>valetudinis</span> <span class='ocrx_word' id='word_1_220' title='bbox 814 2381 856 2445; x_wconf 90' lang='lat' dir='ltr'>ad</span> <span class='ocrx_word' id='word_1_221' title='bbox 879 2386 1009 2464; x_wconf 87' lang='lat' dir='ltr'>tempus</span> <span class='ocrx_word' id='word_1_222' title='bbox 1025 2381 1120 2446; x_wconf 88' lang='lat' dir='ltr'>fidem</span> <span class='ocrx_word' id='word_1_223' title='bbox 1138 2380 1352 2447; x_wconf 89' lang='lat' dir='ltr'>dissimulare.</span> 
     </span>
     <span class='ocr_line' id='line_1_25' title="bbox 27 2468 1353 2553; baseline -0.002 -17"><span class='ocrx_word' id='word_1_224' title='bbox 27 2471 62 2536; x_wconf 93' lang='lat' dir='ltr'>ld</span> <span class='ocrx_word' id='word_1_225' title='bbox 92 2491 157 2535; x_wconf 93' lang='lat' dir='ltr'>non</span> <span class='ocrx_word' id='word_1_226' title='bbox 188 2474 240 2535; x_wconf 86' lang='lat' dir='ltr'>est</span> <span class='ocrx_word' id='word_1_227' title='bbox 270 2469 419 2535; x_wconf 86' lang='lat' dir='ltr'>absolute</span> <span class='ocrx_word' id='word_1_228' title='bbox 444 2469 638 2552; x_wconf 84' lang='lat' dir='ltr'>negandum.</span> <span class='ocrx_word' id='word_1_229' title='bbox 686 2469 807 2534; x_wconf 83' lang='lat' dir='ltr'>Elbel</span> <span class='ocrx_word' id='word_1_230' title='bbox 829 2491 861 2553; x_wconf 92' lang='lat' dir='ltr'>p.</span> <span class='ocrx_word' id='word_1_231' title='bbox 882 2469 923 2548; x_wconf 86' lang='lat' dir='ltr'>II,</span> <span class='ocrx_word' id='word_1_232' title='bbox 948 2491 978 2536; x_wconf 92' lang='lat' dir='ltr'>n.</span> <span class='ocrx_word' id='word_1_233' title='bbox 998 2473 1050 2537; x_wconf 84' lang='lat'>70.</span> <span class='ocrx_word' id='word_1_234' title='bbox 1097 2468 1218 2536; x_wconf 88' lang='lat' dir='ltr'>Notari</span> <span class='ocrx_word' id='word_1_235' title='bbox 1241 2473 1353 2536; x_wconf 85' lang='lat' dir='ltr'>tamen</span> 
     </span>
     <span class='ocr_line' id='line_1_26' title="bbox 26 2557 1352 2642; baseline -0.002 -16"><span class='ocrx_word' id='word_1_236' title='bbox 26 2560 140 2626; x_wconf 87' lang='lat' dir='ltr'>debet:</span> <span class='ocrx_word' id='word_1_237' title='bbox 175 2559 206 2641; x_wconf 92' lang='lat' dir='ltr'>l)</span> <span class='ocrx_word' id='word_1_238' title='bbox 230 2557 420 2641; x_wconf 86' lang='lat' dir='ltr'>Caprasium</span> <span class='ocrx_word' id='word_1_239' title='bbox 443 2557 521 2623; x_wconf 89' lang='lat' dir='ltr'>nihil</span> <span class='ocrx_word' id='word_1_240' title='bbox 545 2579 698 2641; x_wconf 87' lang='lat' dir='ltr'>umquam</span> <span class='ocrx_word' id='word_1_241' title='bbox 722 2557 832 2624; x_wconf 86' lang='lat' dir='ltr'>facere</span> <span class='ocrx_word' id='word_1_242' title='bbox 855 2579 967 2642; x_wconf 85' lang='lat' dir='ltr'>posse,</span> <span class='ocrx_word' id='word_1_243' title='bbox 998 2580 1061 2641; x_wconf 88' lang='lat' dir='ltr'>quo</span> <span class='ocrx_word' id='word_1_244' title='bbox 1085 2559 1205 2624; x_wconf 84' lang='lat' dir='ltr'>falsam</span> <span class='ocrx_word' id='word_1_245' title='bbox 1227 2563 1352 2627; x_wconf 85' lang='lat' dir='ltr'>sectam</span> 
     </span>
     <span class='ocr_line' id='line_1_27' title="bbox 27 2646 1353 2733; baseline -0.002 -19"><span class='ocrx_word' id='word_1_246' title='bbox 27 2651 236 2733; x_wconf 88' lang='lat' dir='ltr'>profiteatur;</span> <span class='ocrx_word' id='word_1_247' title='bbox 261 2647 407 2728; x_wconf 82' lang='lat' dir='ltr'>adeoque</span> <span class='ocrx_word' id='word_1_248' title='bbox 430 2646 463 2711; x_wconf 91' lang='lat' dir='ltr'>in</span> <span class='ocrx_word' id='word_1_249' title='bbox 487 2668 620 2712; x_wconf 90' lang='lat' dir='ltr'>munere</span> <span class='ocrx_word' id='word_1_250' title='bbox 643 2668 701 2712; x_wconf 89' lang='lat' dir='ltr'>sno</span> <span class='ocrx_word' id='word_1_251' title='bbox 726 2667 799 2712; x_wconf 91' lang='lat' dir='ltr'>eum</span> <span class='ocrx_word' id='word_1_252' title='bbox 822 2668 955 2713; x_wconf 89' lang='lat' dir='ltr'>manere</span> <span class='ocrx_word' id='word_1_253' title='bbox 978 2669 1042 2713; x_wconf 93' lang='lat' dir='ltr'>non</span> <span class='ocrx_word' id='word_1_254' title='bbox 1066 2668 1162 2732; x_wconf 87' lang='lat' dir='ltr'>posse</span> <span class='ocrx_word' id='word_1_255' title='bbox 1186 2668 1291 2730; x_wconf 90' lang='lat' dir='ltr'>neque</span> <span class='ocrx_word' id='word_1_256' title='bbox 1315 2668 1353 2712; x_wconf 93' lang='lat' dir='ltr'>eo</span> 
     </span>
     <span class='ocr_line' id='line_1_28' title="bbox 27 2735 1352 2820; baseline -0.001 -17"><span class='ocrx_word' id='word_1_257' title='bbox 27 2735 305 2820; x_wconf 79' lang='lat' dir='ltr'>umquamfung13</span> <span class='ocrx_word' id='word_1_258' title='bbox 329 2735 404 2801; x_wconf 88' lang='lat' dir='ltr'>hinc</span> <span class='ocrx_word' id='word_1_259' title='bbox 422 2756 463 2801; x_wconf 88' lang='lat' dir='ltr'>ne</span> <span class='ocrx_word' id='word_1_260' title='bbox 479 2736 689 2819; x_wconf 89' lang='lat' dir='ltr'>praedicandi</span> <span class='ocrx_word' id='word_1_261' title='bbox 706 2736 833 2818; x_wconf 90' lang='lat' dir='ltr'>quidem</span> <span class='ocrx_word' id='word_1_262' title='bbox 851 2757 984 2802; x_wconf 90' lang='lat' dir='ltr'>munere</span> <span class='ocrx_word' id='word_1_263' title='bbox 1001 2735 1140 2820; x_wconf 85' lang='lat' dir='ltr'>amplius</span> <span class='ocrx_word' id='word_1_264' title='bbox 1156 2736 1250 2819; x_wconf 86' lang='lat' dir='ltr'>fungi</span> <span class='ocrx_word' id='word_1_265' title='bbox 1265 2737 1352 2815; x_wconf 84' lang='lat' dir='ltr'>licet,</span> 
     </span>
     <span class='ocr_line' id='line_1_29' title="bbox 27 2824 1353 2909; baseline -0.002 -17"><span class='ocrx_word' id='word_1_266' title='bbox 27 2826 88 2893; x_wconf 88' lang='lat' dir='ltr'>etsi</span> <span class='ocrx_word' id='word_1_267' title='bbox 112 2825 191 2890; x_wconf 92' lang='lat' dir='ltr'>nihil</span> <span class='ocrx_word' id='word_1_268' title='bbox 217 2824 305 2890; x_wconf 88' lang='lat' dir='ltr'>dicat</span> <span class='ocrx_word' id='word_1_269' title='bbox 327 2825 545 2902; x_wconf 82' lang='lat' dir='ltr'>haereticum3</span> <span class='ocrx_word' id='word_1_270' title='bbox 578 2827 611 2906; x_wconf 83' lang='lat'>2)</span> <span class='ocrx_word' id='word_1_271' title='bbox 642 2825 669 2890; x_wconf 89' lang='lat' dir='ltr'>si</span> <span class='ocrx_word' id='word_1_272' title='bbox 701 2826 829 2890; x_wconf 87' lang='lat' dir='ltr'>evitans</span> <span class='ocrx_word' id='word_1_273' title='bbox 853 2846 980 2890; x_wconf 88' lang='lat' dir='ltr'>omnem</span> <span class='ocrx_word' id='word_1_274' title='bbox 1004 2825 1109 2891; x_wconf 88' lang='lat' dir='ltr'>falsae</span> <span class='ocrx_word' id='word_1_275' title='bbox 1139 2830 1251 2892; x_wconf 85' lang='lat' dir='ltr'>sectae</span> <span class='ocrx_word' id='word_1_276' title='bbox 1279 2847 1353 2909; x_wconf 90' lang='lat' dir='ltr'>pro·</span> 
     </span>
     <span class='ocr_line' id='line_1_30' title="bbox 27 2913 1354 2997; baseline 0 -17"><span class='ocrx_word' id='word_1_277' title='bbox 27 2915 202 2981; x_wconf 82' lang='lat' dir='ltr'>tassionem</span> <span class='ocrx_word' id='word_1_278' title='bbox 225 2914 318 2979; x_wconf 89' lang='lat' dir='ltr'>brevi</span> <span class='ocrx_word' id='word_1_279' title='bbox 346 2935 400 2978; x_wconf 92' lang='lat' dir='ltr'>res</span> <span class='ocrx_word' id='word_1_280' title='bbox 428 2913 477 2979; x_wconf 90' lang='lat' dir='ltr'>ita</span> <span class='ocrx_word' id='word_1_281' title='bbox 501 2934 694 2997; x_wconf 90' lang='lat' dir='ltr'>componere</span> <span class='ocrx_word' id='word_1_282' title='bbox 724 2914 844 2997; x_wconf 87' lang='lat' dir='ltr'>possit,</span> <span class='ocrx_word' id='word_1_283' title='bbox 879 2920 915 2980; x_wconf 88' lang='lat' dir='ltr'>ut</span> <span class='ocrx_word' id='word_1_284' title='bbox 945 2914 1006 2979; x_wconf 90' lang='lat' dir='ltr'>sibi</span> <span class='ocrx_word' id='word_1_285' title='bbox 1036 2935 1179 2997; x_wconf 88' lang='lat' dir='ltr'>suaeque</span> <span class='ocrx_word' id='word_1_286' title='bbox 1209 2914 1354 2980; x_wconf 86' lang='lat' dir='ltr'>familiae</span> 
     </span>
     <span class='ocr_line' id='line_1_31' title="bbox 27 3002 1353 3088; baseline -0.001 -19"><span class='ocrx_word' id='word_1_287' title='bbox 27 3003 215 3088; x_wconf 86' lang='lat' dir='ltr'>provideat,</span> <span class='ocrx_word' id='word_1_288' title='bbox 246 3003 328 3068; x_wconf 90' lang='lat' dir='ltr'>haec</span> <span class='ocrx_word' id='word_1_289' title='bbox 358 3002 468 3068; x_wconf 90' lang='lat' dir='ltr'>brevis</span> <span class='ocrx_word' id='word_1_290' title='bbox 492 3002 605 3068; x_wconf 87' lang='lat' dir='ltr'>dilatio</span> <span class='ocrx_word' id='word_1_291' title='bbox 636 3024 699 3068; x_wconf 90' lang='lat' dir='ltr'>non</span> <span class='ocrx_word' id='word_1_292' title='bbox 730 3002 830 3069; x_wconf 86' lang='lat' dir='ltr'>fuerit</span> <span class='ocrx_word' id='word_1_293' title='bbox 858 3003 983 3070; x_wconf 87' lang='lat' dir='ltr'>illicita.</span> <span class='ocrx_word' id='word_1_294' title='bbox 1030 3004 1217 3069; x_wconf 84' lang='lat' dir='ltr'>Cavendum</span> <span class='ocrx_word' id='word_1_295' title='bbox 1242 3009 1353 3069; x_wconf 87' lang='lat' dir='ltr'>tamen</span> 
     </span>
     <span class='ocr_line' id='line_1_32' title="bbox 28 3091 1362 3176; baseline -0.002 -16"><span class='ocrx_word' id='word_1_296' title='bbox 28 3099 94 3170; x_wconf 85' lang='lat' dir='ltr'>est,</span> <span class='ocrx_word' id='word_1_297' title='bbox 128 3114 169 3158; x_wconf 90' lang='lat' dir='ltr'>ne</span> <span class='ocrx_word' id='word_1_298' title='bbox 196 3092 318 3159; x_wconf 89' lang='lat' dir='ltr'>diutius</span> <span class='ocrx_word' id='word_1_299' title='bbox 347 3092 476 3176; x_wconf 89' lang='lat' dir='ltr'>publica</span> <span class='ocrx_word' id='word_1_300' title='bbox 506 3092 581 3157; x_wconf 90' lang='lat' dir='ltr'>fidei</span> <span class='ocrx_word' id='word_1_301' title='bbox 610 3091 770 3175; x_wconf 87' lang='lat' dir='ltr'>professio</span> <span class='ocrx_word' id='word_1_302' title='bbox 800 3092 1028 3175; x_wconf 86' lang='lat' dir='ltr'>protrahatur,</span> <span class='ocrx_word' id='word_1_303' title='bbox 1060 3098 1128 3159; x_wconf 87' lang='lat' dir='ltr'>tum</span> <span class='ocrx_word' id='word_1_304' title='bbox 1153 3092 1230 3174; x_wconf 86' lang='lat' dir='ltr'>quia</span> <span class='ocrx_word' id='word_1_305' title='bbox 1259 3096 1362 3159; x_wconf 80' lang='lat' dir='ltr'>secus</span> 
     </span>
     <span class='ocr_line' id='line_1_33' title="bbox 27 3181 1354 3268; baseline 0 -20"><span class='ocrx_word' id='word_1_306' title='bbox 27 3183 206 3268; x_wconf 84' lang='lat' dir='ltr'>periculum</span> <span class='ocrx_word' id='word_1_307' title='bbox 225 3181 394 3247; x_wconf 89' lang='lat' dir='ltr'>deficiendi</span> <span class='ocrx_word' id='word_1_308' title='bbox 416 3181 543 3259; x_wconf 86' lang='lat' dir='ltr'>crescit,</span> <span class='ocrx_word' id='word_1_309' title='bbox 568 3185 638 3246; x_wconf 86' lang='lat' dir='ltr'>tum</span> <span class='ocrx_word' id='word_1_310' title='bbox 662 3181 738 3262; x_wconf 90' lang='lat' dir='ltr'>qnia</span> <span class='ocrx_word' id='word_1_311' title='bbox 760 3181 950 3247; x_wconf 89' lang='lat' dir='ltr'>scandalum</span> <span class='ocrx_word' id='word_1_312' title='bbox 974 3182 1047 3247; x_wconf 87' lang='lat' dir='ltr'>aliis</span> <span class='ocrx_word' id='word_1_313' title='bbox 1064 3182 1176 3248; x_wconf 89' lang='lat' dir='ltr'>datum</span> <span class='ocrx_word' id='word_1_314' title='bbox 1200 3186 1234 3248; x_wconf 87' lang='lat' dir='ltr'>et</span> <span class='ocrx_word' id='word_1_315' title='bbox 1257 3202 1354 3266; x_wconf 88' lang='lat' dir='ltr'>repa·</span> 
     </span>
     <span class='ocr_line' id='line_1_34' title="bbox 27 3270 643 3354; baseline -0.005 -16"><span class='ocrx_word' id='word_1_316' title='bbox 27 3272 164 3338; x_wconf 90' lang='lat' dir='ltr'>randum</span> <span class='ocrx_word' id='word_1_317' title='bbox 188 3270 241 3335; x_wconf 92' lang='lat' dir='ltr'>diu</span> <span class='ocrx_word' id='word_1_318' title='bbox 265 3271 413 3354; x_wconf 83' lang='lat' dir='ltr'>protrahi</span> <span class='ocrx_word' id='word_1_319' title='bbox 437 3291 500 3335; x_wconf 91' lang='lat' dir='ltr'>non</span> <span class='ocrx_word' id='word_1_320' title='bbox 524 3274 643 3354; x_wconf 88' lang='lat' dir='ltr'>potest.</span> 
     </span>
    </p>
   </div>
   <div class='ocr_carea' id='block_1_7' title="bbox 3 3383 1359 4627">
    <p class='ocr_par' dir='ltr' id='par_1_9' title="bbox 3 3383 1359 4627">
     <span class='ocr_line' id='line_1_35' title="bbox 3 3383 1356 3470; baseline -0.001 -18"><span class='ocrx_word' id='word_1_321' title='bbox 3 3400 18 3452; x_wconf 83' lang='lat'>6</span> <span class='ocrx_word' id='word_1_322' title='bbox 117 3388 155 3452; x_wconf 83' lang='lat' dir='ltr'>Il.</span> <span class='ocrx_word' id='word_1_323' title='bbox 181 3390 211 3452; x_wconf 84' lang='lat'>3.</span> <span class='ocrx_word' id='word_1_324' title='bbox 259 3387 292 3452; x_wconf 87' lang='lat' dir='ltr'>Si</span> <span class='ocrx_word' id='word_1_325' title='bbox 316 3385 489 3470; x_wconf 83' lang='lat' dir='ltr'>Caprasius</span> <span class='ocrx_word' id='word_1_326' title='bbox 512 3385 577 3450; x_wconf 90' lang='lat' dir='ltr'>iam</span> <span class='ocrx_word' id='word_1_327' title='bbox 608 3385 640 3449; x_wconf 92' lang='lat' dir='ltr'>in</span> <span class='ocrx_word' id='word_1_328' title='bbox 671 3383 827 3449; x_wconf 82' lang='lat' dir='ltr'>extremis</span> <span class='ocrx_word' id='word_1_329' title='bbox 850 3388 1049 3462; x_wconf 85' lang='lat' dir='ltr'>versaretur,</span> <span class='ocrx_word' id='word_1_330' title='bbox 1080 3384 1151 3450; x_wconf 88' lang='lat' dir='ltr'>sine</span> <span class='ocrx_word' id='word_1_331' title='bbox 1175 3385 1271 3451; x_wconf 90' lang='lat' dir='ltr'>dubio</span> <span class='ocrx_word' id='word_1_332' title='bbox 1295 3385 1356 3450; x_wconf 87' lang='lat' dir='ltr'>sub</span> 
     </span>
     <span class='ocr_line' id='line_1_36' title="bbox 29 3472 1355 3557; baseline -0.002 -17"><span class='ocrx_word' id='word_1_333' title='bbox 29 3475 216 3540; x_wconf 87' lang='lat' dir='ltr'>condicione</span> <span class='ocrx_word' id='word_1_334' title='bbox 243 3477 360 3540; x_wconf 87' lang='lat' dir='ltr'>saltem</span> <span class='ocrx_word' id='word_1_335' title='bbox 393 3474 611 3541; x_wconf 90' lang='lat' dir='ltr'>absolvendus</span> <span class='ocrx_word' id='word_1_336' title='bbox 641 3477 745 3550; x_wconf 87' lang='lat' dir='ltr'>esset,</span> <span class='ocrx_word' id='word_1_337' title='bbox 776 3473 804 3537; x_wconf 89' lang='lat' dir='ltr'>si</span> <span class='ocrx_word' id='word_1_338' title='bbox 834 3472 904 3556; x_wconf 90' lang='lat' dir='ltr'>ipse</span> <span class='ocrx_word' id='word_1_339' title='bbox 933 3472 1089 3557; x_wconf 90' lang='lat' dir='ltr'>privatim</span> <span class='ocrx_word' id='word_1_340' title='bbox 1118 3473 1215 3539; x_wconf 90' lang='lat' dir='ltr'>fidem</span> <span class='ocrx_word' id='word_1_341' title='bbox 1242 3495 1355 3540; x_wconf 90' lang='lat' dir='ltr'>veram</span> 
     </span>
     <span class='ocr_line' id='line_1_37' title="bbox 30 3561 1354 3646; baseline -0.002 -17"><span class='ocrx_word' id='word_1_342' title='bbox 30 3567 224 3646; x_wconf 83' lang='lat' dir='ltr'>agnosceret</span> <span class='ocrx_word' id='word_1_343' title='bbox 263 3584 367 3646; x_wconf 89' lang='lat' dir='ltr'>neque</span> <span class='ocrx_word' id='word_1_344' title='bbox 404 3568 571 3629; x_wconf 84' lang='lat' dir='ltr'>constaret</span> <span class='ocrx_word' id='word_1_345' title='bbox 611 3583 685 3627; x_wconf 90' lang='lat' dir='ltr'>eum</span> <span class='ocrx_word' id='word_1_346' title='bbox 722 3561 910 3628; x_wconf 89' lang='lat' dir='ltr'>ulteriorem</span> <span class='ocrx_word' id='word_1_347' title='bbox 947 3583 1084 3644; x_wconf 85' lang='lat' dir='ltr'>gravem</span> <span class='ocrx_word' id='word_1_348' title='bbox 1122 3562 1354 3645; x_wconf 84' lang='lat' dir='ltr'>obligationem</span> 
     </span>
     <span class='ocr_line' id='line_1_38' title="bbox 30 3650 1354 3736; baseline 0.001 -19"><span class='ocrx_word' id='word_1_349' title='bbox 30 3653 289 3736; x_wconf 87' lang='lat' dir='ltr'>apprehendere,</span> <span class='ocrx_word' id='word_1_350' title='bbox 322 3658 357 3718; x_wconf 89' lang='lat' dir='ltr'>at</span> <span class='ocrx_word' id='word_1_351' title='bbox 380 3674 423 3717; x_wconf 83' lang='lat' dir='ltr'>ex</span> <span class='ocrx_word' id='word_1_352' title='bbox 446 3654 552 3718; x_wconf 91' lang='lat' dir='ltr'>altera</span> <span class='ocrx_word' id='word_1_353' title='bbox 575 3656 669 3734; x_wconf 88' lang='lat' dir='ltr'>parte</span> <span class='ocrx_word' id='word_1_354' title='bbox 692 3650 872 3717; x_wconf 90' lang='lat' dir='ltr'>timendum</span> <span class='ocrx_word' id='word_1_355' title='bbox 896 3656 1000 3729; x_wconf 87' lang='lat' dir='ltr'>esset,</span> <span class='ocrx_word' id='word_1_356' title='bbox 1030 3672 1070 3717; x_wconf 90' lang='lat' dir='ltr'>ne</span> <span class='ocrx_word' id='word_1_357' title='bbox 1094 3651 1250 3718; x_wconf 91' lang='lat' dir='ltr'>ulteriore</span> <span class='ocrx_word' id='word_1_358' title='bbox 1274 3652 1354 3718; x_wconf 93' lang='lat' dir='ltr'>obli·</span> 
     </span>
     <span class='ocr_line' id='line_1_39' title="bbox 30 3740 1356 3826; baseline 0.001 -20"><span class='ocrx_word' id='word_1_359' title='bbox 30 3742 163 3823; x_wconf 84' lang='lat' dir='ltr'>gatione</span> <span class='ocrx_word' id='word_1_360' title='bbox 186 3742 309 3823; x_wconf 85' lang='lat' dir='ltr'>negotii</span> <span class='ocrx_word' id='word_1_361' title='bbox 331 3742 364 3805; x_wconf 91' lang='lat' dir='ltr'>in</span> <span class='ocrx_word' id='word_1_362' title='bbox 381 3742 452 3806; x_wconf 87' lang='lat' dir='ltr'>foro</span> <span class='ocrx_word' id='word_1_363' title='bbox 469 3746 605 3806; x_wconf 85' lang='lat' dir='ltr'>externo</span> <span class='ocrx_word' id='word_1_364' title='bbox 622 3740 785 3806; x_wconf 86' lang='lat' dir='ltr'>tractandi</span> <span class='ocrx_word' id='word_1_365' title='bbox 803 3740 1033 3806; x_wconf 85' lang='lat' dir='ltr'>deterreretur.</span> <span class='ocrx_word' id='word_1_366' title='bbox 1054 3777 1097 3785; x_wconf 90' lang='lat'><em>-</em></span> <span class='ocrx_word' id='word_1_367' title='bbox 1117 3740 1204 3806; x_wconf 89' lang='lat' dir='ltr'>Loco</span> <span class='ocrx_word' id='word_1_368' title='bbox 1221 3745 1356 3826; x_wconf 86' lang='lat' dir='ltr'>apertae</span> 
     </span>
     <span class='ocr_line' id='line_1_40' title="bbox 31 3829 1356 3914; baseline 0.001 -19"><span class='ocrx_word' id='word_1_369' title='bbox 31 3830 260 3896; x_wconf 88' lang='lat' dir='ltr'>declarationis</span> <span class='ocrx_word' id='word_1_370' title='bbox 285 3852 395 3896; x_wconf 89' lang='lat' dir='ltr'>coram</span> <span class='ocrx_word' id='word_1_371' title='bbox 419 3831 559 3896; x_wconf 86' lang='lat' dir='ltr'>testibus</span> <span class='ocrx_word' id='word_1_372' title='bbox 588 3829 758 3894; x_wconf 82' lang='lat' dir='ltr'>faciendae</span> <span class='ocrx_word' id='word_1_373' title='bbox 787 3829 909 3894; x_wconf 85' lang='lat' dir='ltr'>Elbel</span> <span class='ocrx_word' id='word_1_374' title='bbox 939 3829 1095 3895; x_wconf 91' lang='lat' dir='ltr'>leviorem</span> <span class='ocrx_word' id='word_1_375' title='bbox 1124 3830 1257 3895; x_wconf 89' lang='lat' dir='ltr'>modurn</span> <span class='ocrx_word' id='word_1_376' title='bbox 1280 3852 1356 3914; x_wconf 92' lang='lat' dir='ltr'>pro·</span> 
     </span>
     <span class='ocr_line' id='line_1_41' title="bbox 30 3918 1357 4003; baseline 0.002 -20"><span class='ocrx_word' id='word_1_377' title='bbox 30 3919 131 4003; x_wconf 87' lang='lat' dir='ltr'>ponit,</span> <span class='ocrx_word' id='word_1_378' title='bbox 150 3919 302 3986; x_wconf 88' lang='lat' dir='ltr'>videlicet</span> <span class='ocrx_word' id='word_1_379' title='bbox 325 3920 350 3984; x_wconf 87' lang='lat' dir='ltr'>si</span> <span class='ocrx_word' id='word_1_380' title='bbox 374 3919 513 4003; x_wconf 87' lang='lat' dir='ltr'>amplius</span> <span class='ocrx_word' id='word_1_381' title='bbox 530 3919 605 4000; x_wconf 92' lang='lat' dir='ltr'>quid</span> <span class='ocrx_word' id='word_1_382' title='bbox 629 3919 819 4001; x_wconf 86' lang='lat' dir='ltr'>aCaprasio</span> <span class='ocrx_word' id='word_1_383' title='bbox 837 3919 893 3983; x_wconf 86' lang='lat' dir='ltr'>vix</span> <span class='ocrx_word' id='word_1_384' title='bbox 912 3918 1051 3985; x_wconf 90' lang='lat' dir='ltr'>obtineri</span> <span class='ocrx_word' id='word_1_385' title='bbox 1068 3919 1182 4002; x_wconf 88' lang='lat' dir='ltr'>possit,</span> <span class='ocrx_word' id='word_1_386' title='bbox 1207 3920 1357 3986; x_wconf 90' lang='lat' dir='ltr'>absolute</span> 
     </span>
     <span class='ocr_line' id='line_1_42' title="bbox 30 4007 1355 4092; baseline 0.002 -20"><span class='ocrx_word' id='word_1_387' title='bbox 30 4008 62 4073; x_wconf 94' lang='lat' dir='ltr'>id</span> <span class='ocrx_word' id='word_1_388' title='bbox 79 4008 229 4073; x_wconf 86' lang='lat' dir='ltr'>sufficere</span> <span class='ocrx_word' id='word_1_389' title='bbox 245 4029 351 4091; x_wconf 87' lang='lat' dir='ltr'>posse,</span> <span class='ocrx_word' id='word_1_390' title='bbox 382 4014 444 4085; x_wconf 70' lang='lat' dir='ltr'>„ut</span> <span class='ocrx_word' id='word_1_391' title='bbox 469 4009 497 4073; x_wconf 89' lang='lat' dir='ltr'>si</span> <span class='ocrx_word' id='word_1_392' title='bbox 521 4014 649 4092; x_wconf 86' lang='lat' dir='ltr'>tempus</span> <span class='ocrx_word' id='word_1_393' title='bbox 665 4010 717 4072; x_wconf 89' lang='lat' dir='ltr'>vel</span> <span class='ocrx_word' id='word_1_394' title='bbox 742 4012 850 4073; x_wconf 86' lang='lat' dir='ltr'>status</span> <span class='ocrx_word' id='word_1_395' title='bbox 872 4007 1072 4074; x_wconf 86' lang='lat' dir='ltr'>infirmitatis</span> <span class='ocrx_word' id='word_1_396' title='bbox 1095 4008 1128 4073; x_wconf 93' lang='lat' dir='ltr'>id</span> <span class='ocrx_word' id='word_1_397' title='bbox 1151 4008 1355 4091; x_wconf 85' lang='lat' dir='ltr'>permittant,</span> 
     </span>
     <span class='ocr_line' id='line_1_43' title="bbox 31 4097 1358 4180; baseline 0 -18"><span class='ocrx_word' id='word_1_398' title='bbox 31 4119 140 4163; x_wconf 80' lang='lat' dir='ltr'>cerani</span> <span class='ocrx_word' id='word_1_399' title='bbox 157 4097 282 4163; x_wconf 88' lang='lat' dir='ltr'>duobus</span> <span class='ocrx_word' id='word_1_400' title='bbox 298 4098 351 4163; x_wconf 89' lang='lat' dir='ltr'>vel</span> <span class='ocrx_word' id='word_1_401' title='bbox 375 4098 479 4162; x_wconf 89' lang='lat' dir='ltr'>tribus</span> <span class='ocrx_word' id='word_1_402' title='bbox 497 4097 638 4163; x_wconf 85' lang='lat' dir='ltr'>testibus</span> <span class='ocrx_word' id='word_1_403' title='bbox 654 4102 856 4180; x_wconf 84' lang='lat' dir='ltr'>protestetur</span> <span class='ocrx_word' id='word_1_404' title='bbox 878 4118 914 4162; x_wconf 88' lang='lat' dir='ltr'>se</span> <span class='ocrx_word' id='word_1_405' title='bbox 937 4098 1011 4161; x_wconf 92' lang='lat' dir='ltr'>huic</span> <span class='ocrx_word' id='word_1_406' title='bbox 1035 4097 1156 4162; x_wconf 88' lang='lat' dir='ltr'>homini</span> <span class='ocrx_word' id='word_1_407' title='bbox 1179 4097 1358 4180; x_wconf 87' lang='lat' dir='ltr'>(sacerdoti</span> 
     </span>
     <span class='ocr_line' id='line_1_44' title="bbox 32 4186 1357 4270; baseline 0.001 -19"><span class='ocrx_word' id='word_1_408' title='bbox 32 4187 157 4251; x_wconf 87' lang='lat' dir='ltr'>scilicet</span> <span class='ocrx_word' id='word_1_409' title='bbox 173 4187 348 4270; x_wconf 87' lang='lat' dir='ltr'>catholico)</span> <span class='ocrx_word' id='word_1_410' title='bbox 372 4186 493 4269; x_wconf 90' lang='lat' dir='ltr'>aliquid</span> <span class='ocrx_word' id='word_1_411' title='bbox 518 4186 706 4268; x_wconf 86' lang='lat' dir='ltr'>religionem</span> <span class='ocrx_word' id='word_1_412' title='bbox 731 4192 764 4252; x_wconf 87' lang='lat' dir='ltr'>ot</span> <span class='ocrx_word' id='word_1_413' title='bbox 788 4186 970 4252; x_wconf 89' lang='lat' dir='ltr'>animarum</span> <span class='ocrx_word' id='word_1_414' title='bbox 994 4187 1135 4251; x_wconf 89' lang='lat' dir='ltr'>salutem</span> <span class='ocrx_word' id='word_1_415' title='bbox 1159 4207 1357 4252; x_wconf 89' lang='lat' dir='ltr'>concernens</span> 
     </span>
     <span class='ocr_line' id='line_1_45' title="bbox 32 4275 1357 4360; baseline -0.001 -18"><span class='ocrx_word' id='word_1_416' title='bbox 32 4275 286 4354; x_wconf 89' lang='lat' dir='ltr'>concredidisse,</span> <span class='ocrx_word' id='word_1_417' title='bbox 317 4276 403 4358; x_wconf 86' lang='lat' dir='ltr'>quod</span> <span class='ocrx_word' id='word_1_418' title='bbox 433 4280 508 4360; x_wconf 86' lang='lat' dir='ltr'>post</span> <span class='ocrx_word' id='word_1_419' title='bbox 538 4276 660 4340; x_wconf 88' lang='lat' dir='ltr'>obitum</span> <span class='ocrx_word' id='word_1_420' title='bbox 691 4297 784 4340; x_wconf 89' lang='lat' dir='ltr'>suurn</span> <span class='ocrx_word' id='word_1_421' title='bbox 814 4275 894 4358; x_wconf 88' lang='lat' dir='ltr'>ipsis</span> <span class='ocrx_word' id='word_1_422' title='bbox 918 4276 1000 4341; x_wconf 90' lang='lat' dir='ltr'>velit</span> <span class='ocrx_word' id='word_1_423' title='bbox 1029 4275 1113 4340; x_wconf 88' lang='lat' dir='ltr'>serio</span> <span class='ocrx_word' id='word_1_424' title='bbox 1141 4275 1357 4352; x_wconf 89' lang='lat' dir='ltr'>inculcatum;</span> 
     </span>
     <span class='ocr_line' id='line_1_46' title="bbox 33 4365 1358 4449; baseline 0 -19"><span class='ocrx_word' id='word_1_425' title='bbox 33 4387 173 4448; x_wconf 81' lang='lat' dir='ltr'>moxque</span> <span class='ocrx_word' id='word_1_426' title='bbox 206 4365 240 4429; x_wconf 92' lang='lat' dir='ltr'>in</span> <span class='ocrx_word' id='word_1_427' title='bbox 272 4366 459 4448; x_wconf 88' lang='lat' dir='ltr'>praesentia</span> <span class='ocrx_word' id='word_1_428' title='bbox 492 4365 623 4431; x_wconf 86' lang='lat' dir='ltr'>testium</span> <span class='ocrx_word' id='word_1_429' title='bbox 660 4369 756 4446; x_wconf 89' lang='lat' dir='ltr'>roget</span> <span class='ocrx_word' id='word_1_430' title='bbox 790 4365 993 4429; x_wconf 84' lang='lat' dir='ltr'>sacerdotem</span> <span class='ocrx_word' id='word_1_431' title='bbox 1026 4365 1241 4444; x_wconf 86' lang='lat' dir='ltr'>catholicum,</span> <span class='ocrx_word' id='word_1_432' title='bbox 1278 4387 1358 4449; x_wconf 91' lang='lat' dir='ltr'>qua·</span> 
     </span>
     <span class='ocr_line' id='line_1_47' title="bbox 32 4453 1359 4538; baseline 0 -19"><span class='ocrx_word' id='word_1_433' title='bbox 32 4460 128 4520; x_wconf 89' lang='lat' dir='ltr'>tenus</span> <span class='ocrx_word' id='word_1_434' title='bbox 159 4460 234 4538; x_wconf 87' lang='lat' dir='ltr'>post</span> <span class='ocrx_word' id='word_1_435' title='bbox 264 4476 358 4520; x_wconf 87' lang='lat' dir='ltr'>suum</span> <span class='ocrx_word' id='word_1_436' title='bbox 389 4455 510 4521; x_wconf 86' lang='lat' dir='ltr'>obitum</span> <span class='ocrx_word' id='word_1_437' title='bbox 536 4455 616 4519; x_wconf 87' lang='lat' dir='ltr'>velit</span> <span class='ocrx_word' id='word_1_438' title='bbox 646 4453 779 4535; x_wconf 89' lang='lat' dir='ltr'>reliquis</span> <span class='ocrx_word' id='word_1_439' title='bbox 803 4473 861 4517; x_wconf 90' lang='lat' dir='ltr'>suo</span> <span class='ocrx_word' id='word_1_440' title='bbox 885 4454 1014 4518; x_wconf 89' lang='lat' dir='ltr'>nomine</span> <span class='ocrx_word' id='word_1_441' title='bbox 1038 4474 1220 4538; x_wconf 90' lang='lat' dir='ltr'>proponere</span> <span class='ocrx_word' id='word_1_442' title='bbox 1251 4460 1286 4521; x_wconf 87' lang='lat' dir='ltr'>et</span> <span class='ocrx_word' id='word_1_443' title='bbox 1310 4455 1359 4519; x_wconf 92' lang='lat' dir='ltr'>in-</span> 
     </span>
     <span class='ocr_line' id='line_1_48' title="bbox 33 4542 1354 4627; baseline -0.001 -18"><span class='ocrx_word' id='word_1_444' title='bbox 33 4545 170 4610; x_wconf 82' lang='lat' dir='ltr'>culcare.</span> <span class='ocrx_word' id='word_1_445' title='bbox 217 4544 288 4609; x_wconf 90' lang='lat' dir='ltr'>Hoc</span> <span class='ocrx_word' id='word_1_446' title='bbox 319 4542 404 4608; x_wconf 90' lang='lat' dir='ltr'>enirn</span> <span class='ocrx_word' id='word_1_447' title='bbox 435 4543 529 4609; x_wconf 88' lang='lat' dir='ltr'>modo</span> <span class='ocrx_word' id='word_1_448' title='bbox 560 4543 772 4626; x_wconf 89' lang='lat' dir='ltr'>probabiliter</span> <span class='ocrx_word' id='word_1_449' title='bbox 802 4542 1011 4609; x_wconf 88' lang='lat' dir='ltr'>satisfaceret</span> <span class='ocrx_word' id='word_1_450' title='bbox 1040 4565 1120 4609; x_wconf 88' lang='lat' dir='ltr'>suae</span> <span class='ocrx_word' id='word_1_451' title='bbox 1144 4544 1354 4627; x_wconf 87' lang='lat' dir='ltr'>obligationi“</span> 
     </span>
    </p>
   </div>
   <div class='ocr_carea' id='block_1_8' title="bbox 34 4633 269 4715">
    <p class='ocr_par' dir='ltr' id='par_1_10' title="bbox 34 4633 269 4715">
     <span class='ocr_line' id='line_1_49' title="bbox 34 4633 269 4715; baseline 0.017 -19"><span class='ocrx_word' id='word_1_452' title='bbox 34 4633 68 4714; x_wconf 78' lang='grc' dir='ltr'>(ι.</span> <span class='ocrx_word' id='word_1_453' title='bbox 94 4655 120 4699; x_wconf 78' lang='lat'>0.</span> <span class='ocrx_word' id='word_1_454' title='bbox 146 4655 175 4699; x_wconf 80' lang='lat' dir='ltr'>n.</span> <span class='ocrx_word' id='word_1_455' title='bbox 203 4633 269 4715; x_wconf 84' lang='lat' dir='ltr'>es).</span> 
     </span>
    </p>
   </div>
   <div class='ocr_carea' id='block_1_9' title="bbox 0 0 1575 5168">
    <p class='ocr_par' dir='ltr' id='par_1_11' title="bbox 0 0 1575 5168">
     <span class='ocr_line' id='line_1_50' title="bbox 0 0 1575 5168; baseline 0 0"><span class='ocrx_word' id='word_1_456' title='bbox 0 0 1575 5168; x_wconf 95' lang='lat' dir='ltr'> </span> 
     </span>
    </p>
   </div>
  </div>
 </body>
</html>
