3106 5168
181 279 246 343 366
318 272 358 327 De
377 273 525 328 virtutibus
544 277 573 328 ct
590 273 687 328 officiis
706 290 771 342 erga
789 272 919 328 homines.
940 302 972 312 --
992 272 1044 328 Off.
1063 274 1136 328 circa
1152 275 1223 329 bona
1240 277 1365 330 externa.

270 451 308 517 R.
341 454 370 517 2.
424 450 632 518 solummodo
662 450 774 533 quaeri
803 454 929 534 potest,
960 471 1037 514 num
1066 449 1193 516 Rictius
1222 451 1345 518 babeat
1375 472 1505 534 regres-

180 561 252 604 sum
287 541 329 605 ad
364 539 535 606 officialem
570 540 661 604 illum
696 539 875 623 postulem,
912 538 966 620 qui
1000 539 1211 622 neglegentia
1244 561 1305 605 sua
1338 539 1373 604 in
1407 561 1505 607 causa

181 629 259 707 fuit,
291 651 348 695 cur
371 629 518 695 mandati
547 628 740 694 retractatio
770 649 834 693 non
858 628 1016 693 evaderet
1038 627 1173 704 efficax,
1204 633 1237 694 ct
1267 651 1326 696 cur
1349 629 1505 695 damnum

180 718 310 802 reipsa
333 717 518 784 inferretur.
565 717 656 795 Dico,
680 739 757 782 uum
780 717 901 782 babeat
923 737 1107 793 recursum
1131 738 1207 784 nam
1231 717 1377 784 Rictium
1401 717 1504 802 primo

181 807 252 872 loco
286 806 424 890 obligari
458 806 529 872 viro
564 807 616 872 cui
650 827 671 873 a
703 806 826 872 famulo
861 806 1014 871 damnum
1048 805 1176 874 illatum
1211 812 1280 885 est,
1320 810 1373 872 est
1411 811 1505 873 extra

181 895 322 962 dubium.

268 992 436 1059 Eiusmodi
451 1013 603 1058 recursus
620 1013 661 1058 ex
684 1013 723 1057 eo
746 996 877 1058 tantum
898 990 985 1060 iuste
1007 996 1119 1076 potest
1141 992 1263 1072 haberi,
1287 992 1376 1074 quod
1392 993 1504 1076 negle-

179 1081 292 1165 gentia
314 1081 402 1148 illius
425 1080 575 1148 officialis
596 1081 697 1148 fuerit
723 1081 754 1164 1)
778 1080 926 1163 graviter
949 1080 1128 1165 culpabilis,
1152 1081 1249 1164 idque
1273 1081 1308 1164 2)
1331 1081 1366 1147 iu
1392 1083 1504 1148 ordine

180 1171 222 1237 ad
251 1172 403 1237 effectum
431 1172 633 1238 damnosum.
679 1171 801 1236 Verum
834 1169 866 1252 1)
895 1191 972 1235 raro
1001 1170 1159 1236 eiusmodi
1187 1170 1301 1238 dilatio
1332 1170 1504 1238 constituit

179 1280 314 1342 gravem
332 1259 575 1343 neglegentiam
591 1259 795 1335 obiectivam,
815 1259 918 1324 multo
933 1259 1040 1324 minue
1055 1259 1284 1336 subiectivam;
1310 1260 1345 1343 2)
1361 1261 1502 1344 suspicio

180 1353 289 1415 autem
313 1352 458 1415 tulisset
481 1351 595 1414 similis
619 1351 732 1414 damni
762 1369 803 1414 ex
827 1348 982 1414 dilatione
1011 1349 1098 1414 forte
1124 1348 1240 1414 orituri
1263 1348 1321 1413 vix
1345 1353 1400 1415 est
1429 1371 1502 1434 pos·

178 1437 291 1516 sibilie,
316 1458 421 1520 neque
444 1436 524 1503 haec
547 1437 630 1502 sumi
653 1441 773 1521 potest,
797 1437 855 1503 sed
871 1437 968 1502 debet
983 1436 1126 1521 probari.
1157 1438 1264 1515 Quare
1278 1438 1335 1504 ille
1351 1458 1503 1504 recursus

178 1526 286 1593 Rictio
310 1526 520 1610 denegandus
543 1531 610 1601 est,
635 1547 692 1591 seu
716 1526 865 1592 officialis
887 1526 942 1591 ille
964 1525 998 1590 in
1014 1526 1215 1593 conscientia
1237 1547 1280 1592 ex
1304 1547 1341 1592 se
1364 1549 1432 1593 non
1447 1529 1501 1593 ob

180 1615 304 1698 ligatur
327 1615 368 1681 ad
392 1615 533 1681 Riotium
558 1614 742 1680 faciendum
764 1615 957 1681 indemnem.

268 1712 388 1789 Quodsi
411 1713 466 1778 lex
490 1713 543 1778 vel
565 1712 681 1778 iudicis
697 1713 861 1779 sententia
877 1714 918 1778 ob
942 1712 1070 1796 culpam
1086 1711 1149 1778 viri
1165 1712 1316 1779 officialis
1331 1712 1501 1779 iuridicam

179 1800 326 1867 severius
350 1805 465 1868 contra
488 1823 561 1867 cum
584 1802 718 1881 iudicat,
741 1801 773 1866 id
798 1806 874 1885 post
889 1801 1086 1867 seutentiam
1106 1800 1291 1867 iudicialem
1315 1801 1447 1868 demum
1469 1802 1501 1868 in

179 1890 377 1957 conscientia
400 1891 540 1973 obligat;
566 1895 602 1957 at
624 1890 763 1956 iudicem
787 1891 913 1956 Rictius
935 1911 1015 1956 sane
1038 1911 1103 1956 non
1127 1890 1318 1975 appellabit.

352 2133 589 2200 CONSILIUM
612 2134 729 2200 DANS
754 2133 1066 2200 RESTITUTIONI
1090 2133 1325 2201 OBNOXIUS.

733 2300 843 2366 Casus
870 2307 946 2376 (224)

264 2449 439 2507 Rembertus
459 2448 587 2507 famulus
608 2449 705 2507 Titum
727 2449 852 2508 amioum
873 2448 960 2508 docet
980 2453 1112 2507 secretas
1133 2447 1199 2507 vias
1221 2453 1251 2506 et
1272 2452 1369 2520 artes,
1397 2449 1499 2525 quibus

177 2527 277 2586 invadi
304 2529 401 2605 possit
422 2548 491 2587 arca
513 2528 636 2599 domini,
666 2548 788 2605 eumque
816 2529 964 2599 stimulat,
993 2534 1026 2587 ut
1047 2529 1117 2588 data
1137 2528 1294 2587 occasione
1315 2529 1390 2587 furti
1410 2529 1499 2588 iaciat

177 2608 423 2684 experimentum,
444 2608 520 2667 inita
540 2609 686 2685 pactione,
708 2616 741 2668 ut
761 2609 873 2687 praeda
894 2609 1058 2668 dividatur.
1090 2608 1201 2668 Verum
1222 2613 1329 2685 postea
1350 2611 1498 2669 conscien-

177 2688 236 2748 tiae
258 2688 385 2747 stimulis
405 2695 491 2747 actus
512 2694 599 2764 urget
619 2689 732 2760 Titum,
761 2695 794 2748 ut
815 2689 941 2748 desistat
960 2694 1049 2764 utque
1072 2689 1129 2748 sibi
1157 2687 1312 2764 promittat
1331 2708 1366 2748 se
1387 2690 1499 2749 artibus

176 2768 236 2827 illis
264 2788 421 2844 numquam
449 2788 568 2827 usurum
597 2789 677 2839 esse,
707 2770 732 2827 si
755 2770 869 2828 demum
890 2769 962 2828 velit
986 2768 1094 2839 furari,
1123 2775 1155 2827 ut
1178 2788 1227 2827 res
1249 2768 1365 2844 aliquas
1387 2770 1500 2829 furetur

177 2869 195 2906 a
216 2849 325 2907 Iudaeo
347 2848 491 2907 ditissimo
520 2855 550 2907 et
577 2854 647 2907 noto
668 2850 781 2924 potius,
810 2869 896 2924 quam
925 2852 961 2908 ab
988 2849 1060 2907 hero
1087 2869 1157 2919 suo,
1185 2848 1234 2924 qui
1262 2849 1352 2923 longe
1378 2851 1498 2925 gravius

177 2929 254 2988 ferre
276 2930 382 2988 debeat
403 2928 545 2988 eiusmodi
566 2931 684 2988 furtum.
727 2930 810 2988 Titus
832 2929 948 3005 quidem
970 2929 1124 3005 promittit,
1146 2929 1198 2987 sed
1219 2934 1360 2988 accurate
1381 2931 1499 2989 instruit

177 3009 296 3081 socium,
319 3009 369 3085 qui
390 3015 458 3085 post
478 3029 588 3086 paucos
603 3010 665 3068 dies
680 3010 796 3084 insigne
810 3010 921 3068 furtum
938 3012 1015 3068 5000
1030 3028 1085 3068 mc.
1107 3016 1211 3067 contra
1224 3009 1378 3068 Remberti
1400 3011 1498 3069 herum

177 3090 362 3166 exsequitur3
386 3109 481 3165 neque
503 3110 573 3148 vero
595 3089 680 3149 Titus
701 3090 765 3166 ipse
786 3090 896 3148 furtum
919 3095 1022 3148 contra
1043 3089 1183 3147 Iudaeum
1205 3088 1324 3147 omittit.

177 3203 352 3274 Quaerimus
374 3208 403 3262 1⁰
428 3223 572 3279 quaenam
592 3205 652 3263 sint
671 3204 867 3279 obligationes
882 3203 1036 3263 consilium
1052 3202 1150 3262 dantis
1166 3203 1262 3278 quoad
1281 3203 1498 3264 restitutionem

429 3285 609 3344 damnorum.

373 3384 402 3439 2ο
428 3389 603 3441 teneaturne
626 3382 799 3440 Rembertus
822 3382 857 3439 ad
880 3382 987 3440 damna
1006 3382 1057 3439 illa
1079 3381 1254 3457 reparanda.

768 3582 902 3649 Solntio.

114 3738 165 3790 726
264 3721 316 3785 Ao
340 3743 530 3796 Quuasrrmu
557 3727 593 3786 lm
617 3724 654 3789 R.
684 3726 711 3789 1.
759 3721 932 3788 Consilium
956 3721 1116 3786 inferendi
1146 3721 1223 3786 mali
1248 3721 1337 3787 aliud
1361 3729 1497 3790 vocatur

177 3810 306 3894 ranulam,
340 3811 427 3876 aliud
453 3817 602 3894 restitum,
627 3812 779 3877 videlicet
803 3815 924 3875 irretiris
947 3812 1088 3890 edulium
1112 3811 1153 3875 ab
1177 3814 1317 3893 utroque
1342 3811 1495 3895 distingui

175 3899 272 3964 debet
296 3901 552 3966 subministratio
577 3901 764 3979 mediorum,
790 3901 905 3982 quibus
929 3900 1059 3964 iuvetur
1082 3899 1259 3965 exsecutio.

264 4005 302 4071 R.
321 4009 350 4071 2.
397 4006 572 4071 Consilium
603 4011 654 4071 est
686 4028 785 4071 causa
808 4005 940 4070 moralis
964 4010 1092 4070 tantum
1117 4006 1326 4083 damnorum,
1359 4029 1400 4072 ac
1424 4030 1495 4091 sup·

175 4094 265 4178 ponit
289 4095 387 4160 aliam
412 4116 544 4159 causam
568 4095 734 4178 physicam
760 4100 793 4160 et
822 4095 1060 4171 immediatam,
1092 4100 1328 4161 exsecutorem.
1378 4096 1416 4162 In
1440 4097 1495 4161 hoc

175 4184 303 4265 quidem
336 4184 488 4249 convenit
521 4207 592 4248 oum
625 4185 766 4249 iussione
800 4189 833 4249 et
865 4184 1038 4252 mandato:
1073 4190 1108 4249 at
1140 4186 1180 4248 ab
1213 4185 1253 4248 iis
1286 4184 1495 4269 distinguitur

175 4273 237 4350 ita,
270 4278 307 4338 ut
339 4274 452 4337 iubens
483 4274 533 4336 vel
565 4275 723 4337 mandans
754 4274 797 4337 sit
829 4273 981 4355 primarie
1013 4293 1130 4353 agens,
1165 4295 1238 4337 cunr
1272 4277 1340 4339 circs
1375 4279 1494 4340 ›zorur’uc

174 4364 232 4427 fiat
265 4363 450 4436 exsecuti03
485 4363 687 4426 consiliarius
720 4384 797 4426 vero
830 4384 893 4425 uou
926 4362 988 4437 ita,
1023 4362 1080 4425 sed
1113 4363 1205 4443 quia,
1239 4363 1294 4443 qui
1328 4366 1493 4429 consilium

175 4451 261 4534 capit
285 4453 338 4515 vel
369 4451 530 4532 sequitur,
563 4452 693 4534 proprio
718 4453 846 4515 nomine
870 4451 955 4532 agit,
987 4451 1013 4513 is
1044 4450 1217 4531 primarius
1248 4474 1353 4534 agens
1384 4459 1435 4519 est
1463 4458 1494 4516 et

175 4541 326 4620 primarie
350 4542 389 4605 ad
414 4543 596 4622 reparanda
620 4541 737 4604 damna
762 4545 908 4615 tenetur,
942 4541 1142 4604 consiliarius
1166 4542 1361 4607 secundarie
1384 4565 1442 4609 seu
1463 4542 1492 4605 in

175 4628 303 4693 defectu
327 4630 454 4712 prioris,
