3106 5168
317 281 481 337 Scandalum
499 281 608 338 caritati
626 284 787 354 oppositum.
809 312 840 321 —
861 285 1016 352 Spectacula
1035 286 1143 340 lasciua.
1325 289 1388 354 211

65 457 237 538 videlicet,
267 479 309 524 ne
339 459 521 543 complures
549 458 786 525 absolutionem
809 459 903 542 quasi
931 459 1082 526 furentur
1105 464 1139 528 et
1165 460 1391 530 fraudulenter

65 547 247 626 obtineant,
272 548 388 630 quibus
412 548 550 615 choreae
573 548 640 615 sint
662 547 811 632 proxima
835 549 971 616 occasio.

156 653 195 720 lt.
221 657 251 720 2.
290 653 325 721 Si
349 654 403 736 qui
426 675 504 720 vero
528 657 605 720 sunt
628 653 683 737 qui
706 675 782 720 raro
805 657 840 720 et
863 674 905 720 ex
928 655 1039 737 aliqua
1062 675 1161 722 causa
1185 655 1391 724 necessitatis

65 743 266 810 accesserint
289 743 332 809 ad
355 743 491 810 choreas
514 744 651 809 aliorum
674 764 833 827 pagorum
855 764 962 827 neque
982 743 1159 828 periculum
1182 744 1257 811 inde
1279 767 1390 832 sump-

64 832 179 910 serint,
203 831 237 897 hi
259 838 348 900 recte
371 833 540 911 siluerunt,
565 832 641 915 quia
664 853 728 897 non
747 833 978 900 commiserunt
1001 839 1172 917 peccatum
1195 835 1258 899 hac
1280 835 1314 900 in
1336 856 1390 912 re;

65 926 167 1004 atque
190 921 290 987 etiam
309 921 504 1004 interrogati
525 926 615 988 recte
638 922 877 1006 responderunt
899 944 936 988 se
957 921 1019 988 hac
1041 922 1075 988 in
1097 943 1134 989 re
1157 922 1236 988 nihil
1258 923 1389 1005 habere,

65 1011 153 1092 quod
176 1010 237 1076 eibi
260 1011 389 1076 obicere
412 1011 562 1077 debeant.

155 1100 275 1177 lrnmo,
308 1099 337 1165 si
366 1120 483 1165 revera
505 1100 629 1166 fuerint
651 1099 814 1178 homines,
845 1098 900 1182 qui
928 1105 1019 1167 recte
1042 1099 1273 1167 conscientiam
1296 1122 1389 1167 suam

64 1189 209 1256 formare
231 1193 331 1271 atque
361 1189 401 1255 de
431 1188 655 1255 occasionibus
685 1188 813 1273 peccati
842 1188 987 1254 iudicare
1009 1189 1155 1273 possint:
1184 1189 1208 1254 ii
1237 1194 1391 1274 poterant

65 1299 146 1343 sane
175 1278 373 1362 respondere
403 1278 510 1360 quoad
540 1279 676 1343 choreas
705 1299 741 1344 se
771 1277 833 1343 sibi
862 1278 941 1343 nibil
972 1278 1118 1344 conscios
1145 1299 1234 1358 esse,
1265 1279 1391 1346 scilicet

64 1367 191 1452 peccati
208 1366 381 1434 commissi.
415 1367 527 1433 Videri
543 1367 640 1432 alicui
655 1367 779 1451 poterit
799 1367 928 1433 licuisse
943 1366 992 1444 iis,
1017 1369 1045 1433 si
1061 1367 1281 1435 confessarius
1295 1368 1390 1434 insti·
1447 1426 1452 1441 ,

64 1456 154 1534 terit,
171 1478 243 1522 cum
256 1456 474 1534 restrictione,
491 1456 520 1521 si
535 1477 669 1522 necesse
681 1456 791 1533 fuerit,
807 1456 1005 1540 respondere
1018 1477 1053 1522 se
1066 1456 1194 1522 choreis
1210 1478 1273 1523 non
1287 1456 1390 1523 inter·

64 1546 176 1622 fuisse,
201 1545 500 1629 subintellegendo:
531 1545 676 1622 ,choreis
699 1546 759 1610 sibi
783 1544 937 1622 illicitis“‚
962 1545 1038 1628 quia
1062 1546 1102 1611 de
1124 1545 1164 1611 iis
1187 1546 1265 1612 solis
1288 1546 1390 1613 inter·

64 1634 202 1717 rogandi
227 1634 427 1700 confessario
450 1635 517 1712 ius,
541 1633 722 1718 paenitenti
746 1639 798 1700 est
820 1634 979 1718 obligatio
1001 1634 1227 1719 respondendi.
1267 1636 1391 1702 Verum

64 1724 247 1806 generatim
264 1724 296 1788 id
312 1723 554 1807 paenitentibus
569 1723 714 1807 practice
732 1744 797 1788 non
815 1728 926 1807 potest
943 1722 1052 1800 licere,
1077 1746 1149 1789 cum
1165 1724 1228 1807 ipsi
1243 1725 1392 1792 nesciant

63 1818 153 1880 reate
178 1813 218 1878 de
240 1812 385 1897 periculo
401 1812 614 1896 proximaque
633 1812 788 1897 peccandi
806 1812 975 1878 occasione
994 1812 1145 1879 iudicare.
1182 1813 1288 1890 Quare
1305 1814 1391 1882 circa

64 1924 134 1981 res,
167 1923 251 1984 quae
273 1902 451 1986 periculum
475 1921 584 1968 secum
608 1901 695 1966 ferre
718 1907 870 1986 possunt,
901 1905 939 1967 ut
968 1922 1047 1968 sane
1077 1905 1154 1968 sunt
1177 1903 1331 1980 choreae,
1362 1903 1391 1969 si

63 1993 321 2074 interrogantur,
346 1991 509 2056 ordinarie
532 1991 657 2056 sincere
686 1997 720 2058 et
751 1991 838 2056 clare
862 1991 982 2058 debent
1008 1992 1216 2075 respondere.
1263 1991 1390 2058 Nihilo·

64 2081 171 2146 minus
194 2080 222 2145 si
246 2079 301 2162 qui
324 2085 441 2163 putent
463 2079 703 2145 rationabiliter
726 2080 960 2146 confessarium
980 2101 1089 2146 secum
1112 2080 1259 2146 severius
1279 2103 1389 2165 agere,

63 2172 113 2236 ius
130 2169 231 2235 habet
246 2169 344 2235 alium
362 2169 606 2247 confessarium,
628 2169 728 2234 etiam
745 2169 832 2248 alibi,
854 2169 993 2235 adeundi
1010 2169 1143 2252 eiusque
1159 2171 1391 2238 sacramentali

63 2259 181 2324 iudicio
205 2280 241 2323 se
264 2279 388 2340 suaque
412 2263 548 2343 peccata
570 2258 758 2325 subiciendi.

272 2493 550 2560 SPECTACULA
575 2530 615 2538 -
645 2493 896 2562 SPEGTATOR
919 2495 979 2561 EX
1002 2494 1179 2562 OFFICIO.

620 2658 730 2725 Casus.
757 2666 834 2734 (116)

152 2799 268 2859 Drusus
296 2818 333 2858 ex
361 2799 475 2866 officio,
512 2805 545 2858 ut
573 2799 668 2859 ordini
699 2801 846 2860 servando
873 2799 1026 2874 invigilet,
1055 2800 1181 2859 interest
1209 2800 1389 2877 spectaculis

60 2880 157 2955 iisque
179 2880 254 2939 satis
275 2879 404 2938 lascivis.
448 2880 572 2939 Fatetur
593 2900 624 2939 se
646 2900 705 2938 non
726 2900 794 2939 raro
816 2880 958 2939 eiusmodi
980 2900 1028 2938 res
1051 2900 1116 2939 cum
1138 2880 1201 2939 risu
1223 2881 1387 2957 excepisse,

62 2966 151 3035 atque
173 2960 263 3018 etiam
284 2960 412 3019 stimulis
434 2960 533 3020 carnis
555 2980 587 3019 ee
609 2979 699 3036 saepe
720 2961 837 3035 agitari,
860 2966 921 3019 tum
944 2961 1059 3036 quando
1082 2967 1150 3019 actu
1171 2966 1303 3037 spectat,
1324 2967 1388 3019 tum

62 3048 168 3117 postea
193 3059 232 3130 ,ex
262 3040 467 3100 recordatione
495 3060 595 3099 eorum
623 3060 698 3116 quae
726 3048 794 3099 acta
823 3046 908 3112 sunt;
937 3047 1025 3116 atque
1054 3040 1209 3116 aliquoties
1238 3060 1270 3099 se
1298 3040 1387 3099 etiam

61 3139 260 3179 consensrsee.

61 3224 240 3295 Querarrur
263 3228 291 3284 1⁰
316 3226 393 3284 sitne
421 3227 497 3285 ratio
520 3226 610 3285 officii
632 3246 669 3285 ex
691 3246 722 3285 se
745 3246 836 3285 causa
858 3245 1020 3295 excusans,
1051 3245 1102 3284 cur
1129 3225 1219 3284 liceat
1244 3225 1388 3284 eiusmodi

315 3307 494 3382 spectaculis
514 3307 669 3366 interesse.

262 3397 291 3453 2⁰
317 3396 460 3455 debeatne
487 3397 604 3455 Drusus
632 3396 748 3455 ratione
775 3394 900 3472 periculi
928 3414 993 3453 cum
1022 3394 1193 3454 dimissione
1222 3394 1312 3453 officii
1340 3393 1387 3454 sui

316 3484 361 3534 ea'
371 3477 477 3536 vitare.

658 3604 793 3671 Salutio.

151 3749 204 3814 An
230 3768 419 3823 aurneinan
447 3751 483 3813 lm
513 3748 551 3813 R.
580 3752 608 3813 1.
662 3747 815 3813 Praestat
849 3747 972 3812 referre
1007 3767 1091 3830 quae
1126 3748 1157 3813 S.
1189 3748 1448 3832 Alpbons.415

61 3838 119 3916 ΙΙΙ,
145 3840 208 3903 427
235 3838 333 3903 habet
358 3838 397 3901 de
420 3836 476 3915 iis,
501 3837 555 3919 qui
579 3836 667 3901 nullo
691 3838 786 3902 modo
810 3837 949 3902 influunt
979 3835 1011 3900 in
1035 3837 1224 3920 spectacula
1248 3837 1305 3903 illa
1328 3859 1385 3902 ex-

61 3926 202 3992 hibenda
218 3926 271 3991 vel
290 3926 512 4010 promovenda
535 3947 592 3991 seu
616 3925 836 4009 approbanda,
861 3926 919 3990 sed
935 3930 1139 4009 spectatores
1154 3930 1283 3992 tantum
1299 3933 1386 4004 sunt,

61 4016 131 4082 sine
155 4014 272 4098 quibus
295 4015 484 4098 spectacula
507 4015 565 4080 illa
587 4014 793 4080 nihilominus
812 4014 1059 4080 exhiberentur:
1087 4014 1140 4093 ,Si
1163 4015 1195 4080 in
1220 4016 1386 4082 comoedia

60 4108 350 4190 repraesententur
372 4125 425 4169 res
449 4104 637 4169 notabiliter
652 4109 765 4187 turpes
783 4105 836 4169 vel
860 4104 947 4187 turpi
970 4104 1076 4181 modo,
1100 4104 1239 4170 mortale
1256 4105 1385 4187 quidem

61 4200 165 4271 esset,
196 4193 286 4259 illam
310 4197 461 4278 spectare
491 4195 532 4258 ob
562 4193 813 4258 delectationem
844 4198 1075 4274 exsurgentem
1109 4214 1151 4258 ex
1180 4193 1259 4276 ipsis
1290 4193 1385 4258 rebus

61 4283 226 4368 turpibus;
253 4282 379 4348 veniale
404 4287 514 4348 autem
538 4284 578 4348 ob
603 4283 825 4348 curiositatem
848 4286 977 4349 tuntum
1001 4286 1060 4348 aut
1090 4282 1130 4348 ob
1154 4304 1274 4347 vanum
1297 4283 1384 4347 sola-

60 4373 159 4450 tium,
191 4372 317 4437 secluso
340 4372 483 4455 periculo
507 4393 683 4437 consensus
705 4372 739 4437 in
762 4372 1049 4448 delectationem“;
1084 4377 1118 4438 et
1144 4392 1256 4454 porro:
1293 4372 1384 4447 ,Non

60 4462 251 4528 damnarem
277 4483 356 4526 vero
386 4462 426 4527 de
456 4461 588 4526 mortali
617 4461 780 4544 simplices
810 4464 1031 4544 spectatores,
1063 4461 1211 4543 praeciso
1240 4460 1385 4542 periculo

61 4550 166 4635 turpis
190 4550 426 4627 delectationis
453 4603 510 4615 ...
537 4551 606 4615 sina
630 4551 746 4632 quibus
769 4550 935 4615 comoedia
959 4549 1057 4613 etiam
1081 4552 1175 4616 tieret
1200 4602 1258 4615 ...
1284 4549 1384 4614 Nullo

60 4646 171 4707 autem
195 4639 291 4704 modo
314 4661 335 4704 a
358 4641 488 4706 mortali
512 4660 703 4705 excusarem
727 4640 982 4717 adulescentem,
1013 4637 1067 4720 qui
1098 4640 1220 4720 absque
1243 4638 1385 4704 necessi-

1116 4757 1171 4809 14*
