3106 5168
457 293 552 350 Status
569 294 729 362 religiosus:
754 296 892 364 discessus,
910 296 1038 350 dimissio.
1347 299 1410 364 155

83 471 232 557 superior
254 471 447 555 cognoverit
469 471 630 538 rationem
654 470 809 537 Herberti
831 492 896 536 non
919 492 992 537 esse
1015 492 1129 537 veram
1153 472 1207 538 vel
1225 493 1290 538 non
1315 472 1411 557 plene

83 582 207 641 veram,
231 562 290 628 sed
312 560 540 638 tentationem,
564 565 601 626 at
623 564 758 644 propter
773 560 928 627 Herberti
944 561 1111 643 ignaviam
1135 582 1227 645 spem
1250 583 1314 626 non
1338 583 1411 628 esse

82 651 153 718 fore
176 655 215 717 ut
236 649 453 717 tentationem
476 649 605 727 vincat,
635 670 709 714 eum
733 653 767 716 et
789 649 849 715 sibi
873 653 909 716 et
936 649 1039 715 ordini
1064 650 1135 715 fore
1158 650 1267 716 oneri:
1297 651 1411 717 habuit

80 741 153 825 ipse
183 760 316 807 causam
345 739 467 805 iustam
497 738 694 804 dimissionis
724 737 910 816 faciendae,
944 739 1007 806 etsi
1036 739 1198 823 petendae
1228 740 1411 806 Herbertus

82 849 218 896 causam
240 849 306 894 non
320 827 435 893 habuit
449 828 580 893 iustam.
616 826 723 904 Quare
746 848 789 892 ex
811 827 872 893 hoc
888 828 996 912 capite
1012 827 1156 894 dimissio
1176 833 1265 895 esset
1281 829 1410 905 valida;

81 923 232 985 attamen
255 916 438 983 Herbertus
460 916 494 981 in
517 915 718 982 couscientia
739 936 875 982 securus
904 938 970 982 non
993 920 1095 994 esset,
1126 918 1184 983 sed
1207 939 1316 984 coram
1341 918 1411 984 Deo

81 1010 253 1073 teneretur
274 1010 447 1091 peccatum
469 1005 615 1089 expiare.
662 1004 754 1082 Quod
783 1004 816 1071 in
846 1005 907 1072 teli
930 1027 1009 1071 casu
1032 1005 1155 1090 optime
1177 1008 1215 1073 nt
1241 1028 1280 1073 eo
1303 1008 1410 1083 modo,

80 1100 119 1163 ut
150 1094 305 1161 dimissus
338 1116 374 1160 se
407 1095 512 1160 denuo
547 1095 589 1160 ad
622 1093 811 1176 religiosam
844 1094 946 1160 vitam
978 1095 1158 1162 ducendam
1192 1097 1261 1162 Deo
1294 1097 1412 1162 offerat

81 1189 183 1268 atque
206 1188 375 1252 tentamen
399 1182 511 1260 faciat,
536 1205 613 1249 num
636 1182 755 1249 alicubi
778 1183 883 1249 denuo
907 1184 1112 1251 admittatur.

172 1290 238 1357 Sed
261 1291 296 1373 2)
319 1289 352 1356 in
376 1288 533 1356 eiusmodi
550 1288 679 1355 casibus
694 1288 884 1371 frequenter
899 1289 1028 1369 accidit,
1053 1295 1091 1356 ut
1109 1311 1210 1356 causa
1227 1311 1291 1356 nou
1307 1291 1412 1374 possit

81 1379 145 1446 dici
176 1383 292 1464 aperte
322 1379 425 1456 falsa,
456 1398 562 1460 neque
592 1384 704 1445 tamen
734 1379 804 1443 sine
834 1378 996 1445 diabolica
1023 1380 1224 1464 deceptione.
1271 1379 1334 1446 Est
1361 1381 1412 1446 iu·

80 1469 222 1536 firmitas
245 1469 416 1551 quaedem,
440 1488 525 1551 quae
549 1488 569 1533 a
592 1467 663 1532 viro
686 1472 821 1533 strenuo
845 1471 880 1534 et
903 1468 1008 1534 bonae
1030 1468 1212 1536 voluntatis
1236 1469 1411 1552 spernitur,

80 1558 140 1625 sed
164 1579 184 1624 a
208 1557 279 1623 viro
295 1557 486 1642 disciplinae
501 1555 675 1638 religiosae
698 1561 851 1640 pertaeso
875 1577 947 1622 cum
965 1557 1117 1623 oneribus
1132 1557 1307 1641 religiosae
1323 1558 1412 1624 vitae

80 1646 300 1714 intolerabilis
322 1646 472 1713 habetur.
508 1645 623 1726 Neque
645 1644 679 1710 id
703 1666 723 1710 a
747 1646 778 1711 S.
801 1645 884 1711 Sede
908 1646 961 1711 vel
985 1647 1206 1731 superioribus
1228 1647 1411 1729 ignoratur.

81 1736 192 1814 Quare
215 1736 245 1801 si
266 1735 352 1802 ratio
376 1739 578 1822 aliquetenus
601 1755 681 1799 vera
704 1737 786 1812 erat,
811 1735 996 1818 putaverim
1013 1736 1206 1803 facultatem
1228 1736 1413 1803 dimittendi

81 1825 229 1891 adfuisse
252 1825 413 1902 validam,
445 1823 508 1890 etsi
537 1829 653 1908 postea
676 1828 789 1889 orator
811 1823 923 1890 videat
952 1846 1010 1890 seu
1033 1825 1181 1892 fateatur
1209 1847 1245 1892 se
1268 1825 1369 1891 fuisse
1393 1845 1413 1890 a

81 1914 212 1980 diabolo
237 1913 493 1980 circumventum
526 1917 560 1980 et
583 1913 765 1997 deceptum.
812 1913 1019 1998 Quapropter
1041 1935 1084 1980 ex
1107 1914 1238 1981 defectu
1261 1914 1413 1981 veritatis

80 2093 192 2194 quoad
222 2091 442 2158 conscientiae
470 2090 744 2173 tranquillitatem
776 2112 835 2175 pro
867 2091 999 2157 dimisso
1028 2092 1169 2170 valebit,
1200 2092 1286 2175 quod
1317 2092 1412 2158 modo

81 2183 152 2247 dm
172 2202 295 2335 {7110ng
318 2269 352 2334 in
376 2289 454 2334 casu
477 2267 633 2333 Herberti
655 2267 744 2333 aliud
766 2267 1003 2336 intervenerat.
1046 2269 1195 2336 Cessavit
1217 2269 1369 2335 nimirum
1392 2291 1412 2334 a

79 2359 243 2445 petitione
266 2379 336 2435 sua,
359 2357 458 2423 immo
481 2378 555 2423 eam
578 2357 785 2435 retractavit,
809 2362 985 2440 antequam
1005 2358 1148 2425 dimissio
1166 2358 1230 2424 fuit
1253 2358 1412 2442 perfecta.

80 2450 162 2514 Cum
194 2451 305 2514 autern
335 2446 479 2512 dimissio
503 2446 638 2513 daretur
666 2447 772 2511 solum
803 2448 847 2511 acl
871 2451 1068 2533 petitionem,
1094 2448 1204 2514 valida
1234 2470 1298 2514 non
1328 2451 1411 2526 erat,

81 2537 238 2620 quoniam
261 2535 516 2620 adpetitionem
542 2556 614 2601 eam
638 2535 708 2600 fieri
731 2540 804 2602 erat
826 2536 1036 2620 impossibile.

173 2643 212 2708 R.
242 2645 272 2708 3.
325 2640 499 2707 Difficilior
531 2662 583 2706 res
616 2640 695 2719 erit,
729 2640 755 2706 si
789 2640 945 2706 sumimus
978 2642 1176 2707 Herbertum
1208 2643 1474 2711 voluntatem310

80 2752 176 2797 suam
200 2734 410 2807 retractasse,
435 2735 608 2813 postquam
633 2729 780 2815 superior
795 2730 925 2813 quidem
945 2731 1198 2798 instrumentum
1218 2731 1414 2797 dimissionis

81 2820 288 2898 confecerat,
319 2820 377 2884 sed
407 2822 583 2902 antequam
614 2818 685 2903 ipse
714 2819 795 2884 illud
824 2820 958 2905 recepit.
1005 2820 1042 2885 In
1066 2842 1129 2903 quo
1154 2841 1231 2886 casu
1262 2824 1413 2886 teneret

80 2910 199 2976 modus
214 2908 424 2975 instrumenti
440 2909 494 2973 vel
510 2908 696 2974 litterarum
712 2907 913 2974 adiectamm
930 2909 1185 2976 considerandus
1206 2913 1266 2977 est.
1302 2909 1414 2975 Potuit

81 2999 169 3065 enim
194 2997 342 3083 superior
360 2997 475 3061 statim
491 2997 711 3062 dimissionem
727 2999 894 3081 perficere,
918 2998 1027 3083 potuit
1050 2999 1150 3064 etiam
1174 3020 1238 3063 non
1262 2999 1414 3063 obstante

79 3089 302 3154 instrumento
325 3085 533 3151 nihilominus
557 3086 775 3151 dimissionem
800 3087 936 3152 arbitrio
960 3088 1100 3153 oratoris
1125 3087 1339 3163 committere,
1366 3086 1414 3151 ita

81 3181 119 3243 ut
142 3177 215 3261 ipse
239 3175 456 3241 dimissionem
481 3197 547 3241 non
570 3177 752 3259 perficeret,
776 3176 834 3241 sed
851 3176 973 3242 oratori
990 3178 1132 3242 offerret.
1171 3176 1209 3240 ln
1232 3175 1413 3259 posteriore

81 3265 269 3350 sumptione
285 3264 428 3330 dimissio
445 3265 593 3349 perfecta
616 3286 680 3330 non
704 3270 777 3331 eret
799 3265 862 3329 nisi
884 3270 960 3348 post
976 3265 1234 3349 acceptationem
1258 3286 1300 3329 ex
1319 3268 1414 3347 parte

80 3354 256 3430 Herberti;
288 3354 322 3419 in
352 3353 459 3438 priore
481 3354 630 3438 perfecta
661 3360 749 3431 erat,
781 3375 854 3419 cum
885 3353 1023 3438 primum
1053 3354 1306 3420 instrumentum
1337 3374 1413 3418 con·

82 3444 207 3510 fectum
231 3448 266 3509 et
289 3463 307 3509 e
329 3442 479 3508 manibus
503 3442 679 3527 superioris
703 3442 869 3508 dimissum
893 3442 966 3519 fuit,
991 3446 1027 3508 ut
1051 3464 1124 3508 cum
1144 3442 1307 3509 Herberto
1326 3462 1413 3508 com·

82 3533 317 3607 municarotur,
342 3553 539 3614 quamquam
563 3532 615 3597 hic
639 3553 675 3596 se
698 3554 718 3597 a
742 3530 829 3598 votis
844 3531 982 3597 liberum
997 3552 1113 3614 gerere
1137 3553 1202 3597 non
1221 3531 1329 3616 potuit
1352 3531 1414 3596 nisi

83 3626 160 3708 post
183 3626 338 3705 acceptas
361 3621 502 3687 litteras.
549 3620 655 3696 Quare
679 3621 707 3686 si
730 3620 937 3685 nihilominus
962 3621 1073 3686 dolore
1095 3620 1176 3687 facti
1206 3626 1315 3686 motus
1338 3621 1414 3686 reli-

81 3712 195 3796 giosus
211 3731 345 3776 manere
360 3709 451 3787 velit,
477 3710 606 3792 quando
627 3710 756 3776 litteras
774 3709 910 3793 accipit:
933 3709 966 3775 id
989 3709 1061 3775 fieri
1084 3709 1206 3792 nequit,
1230 3710 1292 3776 nisi
1309 3710 1414 3775 denuo

82 3801 146 3868 rite
170 3799 348 3883 recipiatur
371 3803 514 3881 votaque
538 3799 657 3865 iterum
681 3799 782 3864 libere
806 3798 946 3865 emittat.

172 3897 260 3963 Hinc
288 3901 368 3982 puto
398 3899 495 3982 plane
526 3896 697 3981 expedire,
729 3900 766 3962 ut
795 3895 953 3961 eiusmodi
983 3894 1145 3972 dimissio,
1174 3916 1257 3978 quae
1287 3897 1346 3962 fiat
1373 3896 1415 3961 ad

83 3987 277 4073 petitionem
300 3986 460 4070 religiosi,
491 3986 674 4069 posteriore
704 3985 759 4051 illo
782 3986 878 4051 modo
902 3984 1105 4051 exsecutioni
1129 3985 1234 4061 detur,
1265 3984 1414 4049 nimirum

83 4078 131 4146 ita
155 4080 194 4142 ut
217 4076 270 4142 vel
294 4079 448 4141 oretenus
464 4076 517 4141 vel
541 4097 600 4161 per
622 4076 762 4152 litteras,
785 4079 862 4159 post
881 4072 1073 4142 facultatem
1089 4073 1246 4150 habitam,
1271 4073 1415 4138 dimissio

84 4168 216 4233 demum
240 4164 396 4248 offeretur
418 4169 517 4246 atque
548 4186 650 4248 nsque
681 4165 722 4230 sd
752 4162 1011 4249 acceptationem
1041 4164 1127 4247 epud
1152 4168 1314 4229 oratorem
1339 4161 1415 4226 reli·

84 4256 212 4339 giosrnn
237 4253 282 4320 sit
304 4253 496 4338 petitionem
521 4255 574 4319 vel
598 4253 759 4319 sustinere
783 4253 835 4317 vel
859 4273 1026 4318 revocare.

174 4369 222 4436 Cf.
247 4373 329 4435 Acte
352 4371 386 4436 S.
409 4370 503 4435 Sedis
526 4368 643 4447 XXVI,
669 4370 743 4446 320,
769 4367 824 4433 ubi
847 4367 961 4433 similis
985 4387 1081 4432 casus
1104 4366 1136 4432 S.
1162 4362 1414 4447 congregationi

86 4481 183 4545 super
206 4458 331 4543 discipl.
355 4458 472 4540 Regul.
498 4457 683 4541 propositus
707 4462 774 4523 est:

174 4566 228 4633 Fr.
259 4564 302 4631 N.
334 4564 517 4648 postulavit
549 4563 825 4646 dispensationem
858 4583 956 4646 snper
985 4561 1073 4626 votis
1105 4558 1303 4642 simplicibus
1328 4608 1335 4621 .
1361 4608 1368 4620 .
1395 4607 1414 4630 .,

89 4675 238 4721 assereus
261 4674 297 4719 se
327 4654 368 4719 ob
395 4655 556 4718 infirmam
581 4653 802 4719 valetudinem
827 4673 891 4717 non
915 4670 1011 4735 posse
1041 4648 1074 4712 in
1099 4646 1211 4711 ordine
1234 4664 1413 4709 remanere.
