3106 5168
178 283 241 347 154
387 277 428 333 De
446 278 595 335 virtutibus
613 282 642 334 et
660 278 758 334 officiis
776 295 843 348 erga
861 280 957 334 Deum.
976 308 1012 319 -
1027 237 1122 335 Virtus
1140 279 1288 349 religionis.

176 456 342 524 acciderit.
389 455 449 534 Qui
473 455 559 521 enim
582 453 766 537 aliquoties,
798 455 855 521 sed
879 476 955 521 raro
978 455 1077 533 cadit,
1108 456 1310 540 resurgendo
1333 455 1504 540 pristinam

176 545 379 613 tendentium
403 546 446 611 ad
468 544 703 630 perfectionem
727 564 932 611 reassumere
955 549 1116 611 censetur.

265 651 304 718 R.
330 654 360 717 2.
407 650 448 716 In
468 649 606 733 singulis
629 649 1018 732 regulaeviolationibus
1038 672 1098 736 per
1120 670 1154 715 se
1176 648 1319 731 quidem,
1344 654 1383 717 ut
1407 670 1505 736 supra

177 740 255 818 dixi,
279 760 320 806 ns
343 740 416 805 leve
439 739 569 822 quidem
592 743 764 823 peccatum
787 738 947 814 consistit,
975 739 1003 804 si
1025 777 1070 786 -—
1093 742 1130 805 ut
1152 737 1205 804 hic
1227 738 1440 822 supponimus
1463 778 1505 790 -—

177 831 312 911 regulae
335 828 394 894 sub
418 833 554 913 peccato
577 849 643 893 nou
666 827 830 910 ohligant;
854 848 969 894 verum
993 848 1065 894 cum
1088 847 1148 912 per
1170 826 1321 894 accidens
1344 849 1421 894 raro
1436 828 1504 895 vio·

177 918 264 984 letur
286 917 354 983 ulla
376 918 492 1002 regula
515 917 586 983 sine
608 922 745 1001 peccato
769 916 877 1000 aliquo
899 916 1037 995 veniali,
1067 916 1172 983 multe
1199 915 1305 982 minus
1327 915 1505 985 habitualis

177 1027 234 1072 seu
257 1006 413 1090 frequens
435 1004 657 1088 transgressio
687 1028 709 1072 a
737 1011 873 1090 peceato
896 1005 1049 1072 immunis
1071 1009 1133 1074 est.
1179 1005 1290 1072 Grave
1313 1010 1426 1073 autem
1448 1028 1504 1072 seu

177 1096 316 1163 mortuis
338 1099 510 1180 peceatum
539 1116 604 1160 non
633 1115 676 1160 ex
705 1116 745 1161 eo
767 1096 952 1161 Herbertus
974 1095 1151 1172 commisit,
1182 1094 1268 1177 quod
1291 1096 1424 1177 regulas
1447 1117 1505 1180 pro

177 1205 213 1251 re
236 1184 301 1250 levi
325 1188 359 1251 et
380 1185 508 1252 minuta
530 1183 654 1251 habuit.
700 1183 801 1250 Aliud
822 1189 925 1261 esset,
949 1183 978 1251 si
1001 1186 1219 1250 seueritatem
1241 1184 1374 1267 regulas
1397 1188 1506 1251 statu·

177 1279 286 1340 entem
310 1281 517 1340 contemneret
539 1273 612 1339 eive
633 1273 803 1339 subiacere
825 1274 944 1352 nollet3
970 1273 1028 1339 sed
1051 1272 1209 1339 eiusmodi
1233 1277 1440 1358 contemptus
1464 1294 1506 1339 ex

177 1363 296 1446 agendi
318 1363 446 1429 ratione
475 1383 540 1428 non
564 1366 712 1448 apparet.
759 1362 819 1428 Ille
842 1367 1049 1447 contemptus
1071 1362 1204 1429 adesset
1226 1383 1258 1428 v.
1282 1382 1330 1444 g.,
1360 1362 1390 1428 si
1420 1362 1506 1428 Her·

177 1452 289 1518 bertus
319 1452 367 1517 ita
397 1456 607 1536 comparatus
636 1456 740 1530 esset,
772 1455 809 1517 ut
838 1473 902 1518 uon
932 1451 1038 1517 solum
1067 1451 1213 1536 ipsarum
1235 1451 1424 1534 regularum
1447 1453 1506 1518 ob·

176 1540 397 1607 servationem
419 1540 515 1625 parvi
537 1541 710 1625 penderet,
741 1541 799 1606 sed
822 1561 976 1624 poenam,
1006 1540 1034 1606 si
1057 1561 1078 1606 a
1099 1539 1267 1624 superiore
1289 1540 1505 1625 infligeretur,

177 1629 362 1696 obstinatus
385 1630 487 1696 vellet
510 1629 712 1708 detrectare;
745 1651 847 1712 quare
869 1629 930 1697 tali
960 1629 1079 1713 agendi
1108 1629 1236 1695 ratione
1266 1628 1366 1695 etiam
1394 1635 1507 1697 osten·

177 1719 270 1784 deret
293 1740 329 1784 se
352 1740 464 1784 curam
487 1718 699 1803 perfectionis
722 1740 801 1784 vere
824 1718 992 1786 abiecisse.

265 1825 306 1893 R.
325 1829 356 1892 3.
395 1824 536 1890 Facilius
559 1828 670 1891 autem
692 1825 726 1890 in
741 1829 914 1908 peccatum
929 1824 1069 1891 mortale
1091 1823 1273 1907 impingere
1295 1823 1404 1908 potuit
1419 1824 1507 1890 Her·

177 1913 300 1992 bertus,
324 1914 353 1979 si
374 1914 501 1980 laxiore
524 1935 585 1979 sua
608 1913 679 1980 vita
701 1914 763 1979 sibi
785 1934 889 1996 grave
911 1913 1092 1998 periculum
1115 1913 1219 1979 creari
1243 1912 1435 1992 adverterit,
1465 1935 1508 1980 ns

177 2001 408 2069 dimitteretur.
455 2002 612 2070 Similiter
634 2002 842 2068 iudicandum
866 2006 927 2082 est,
951 2002 980 2068 si
1003 2001 1160 2068 solutiore
1183 2001 1255 2069 vita
1277 2005 1312 2068 et
1333 2002 1422 2068 malo
1444 2024 1507 2069 suo

177 2093 327 2175 exemplo
350 2092 533 2157 Herbertus
563 2113 599 2157 se
629 2113 761 2158 causam
792 2112 865 2158 esse
887 2091 1004 2158 timere
1027 2090 1155 2169 debuit,
1185 2111 1227 2156 ne
1256 2089 1412 2173 religiosa
1434 2091 1508 2159 vita

176 2181 209 2246 in
233 2181 431 2247 monasterio
454 2180 644 2247 notabiliter
665 2182 883 2249 relaxaretur.
928 2182 1049 2246 Verum
1080 2180 1162 2246 haec
1192 2201 1266 2245 oum
1296 2178 1404 2263 priore
1427 2201 1507 2246 oon-

177 2269 392 2347 sideratione,
423 2269 558 2354 periculi
587 2270 714 2336 scilicet
743 2270 956 2348 dimissionis,
989 2269 1060 2335 fere
1091 2269 1314 2346 confunditur,
1346 2268 1506 2351 siquidem

50 2424 54 2429 .
178 2363 313 2443 propter
346 2358 523 2442 periculum
558 2359 759 2425 relaxandae
790 2359 880 2426 vitae
913 2358 1088 2441 religiosas
1122 2357 1267 2424 dimissio
1301 2357 1507 2442 potissimum

178 2449 285 2513 locum
313 2447 457 2515 habebit.
481 2485 526 2494 —
554 2450 681 2530 Atque,
712 2452 750 2514 ut
771 2468 887 2514 verum
909 2447 1033 2526 fatear,
1066 2447 1228 2530 posterior
1250 2447 1308 2513 illa
1337 2446 1424 2514 ratio
1454 2469 1508 2515 re-

177 2537 341 2603 laxandae
364 2537 555 2620 disciplinae
577 2537 751 2620 religiosas
774 2536 872 2619 longe
895 2536 1024 2602 facilins
1046 2536 1128 2603 facit
1150 2541 1323 2621 peccatum
1345 2557 1450 2619 grave
1474 2538 1507 2603 in

178 2626 345 2709 superiore
360 2626 492 2709 impune
507 2626 729 2710 permittente,
751 2647 849 2709 quam
864 2625 897 2691 in
914 2626 1043 2692 subdite
1060 2625 1285 2693 committente
1300 2624 1507 2709 frequentem

179 2715 366 2798 regularum
390 2715 697 2798 transgressionem.

116 2835 168 2890 308
268 2829 306 2895 B.
333 2831 446 2909 Quoad
461 2830 612 2895 Herberti
628 2831 853 2895 dimissionem.
893 2830 930 2895 lt.
950 2831 978 2895 l.
1003 2828 1094 2905 Quod
1119 2828 1160 2893 ad
1184 2827 1376 2910 petitionem
1395 2827 1507 2895 dimis-

179 2917 280 2983 sionis
303 2917 439 2996 attinet,
464 2917 568 2983 videri
592 2919 706 2996 debet,
737 2940 816 2983 num
838 2939 938 2984 causa
968 2917 1012 2983 sit
1035 2937 1123 2984 vera.
1170 2916 1257 2982 Nam
1288 2917 1316 2981 si
1339 2938 1420 2983 vera
1443 2940 1506 2983 non

180 3011 249 3085 est,
284 3007 357 3091 ipsa
388 3007 546 3091 petitione
578 3008 669 3074 iacta
702 3008 885 3073 Herbertus
917 3007 1065 3089 graviter
1096 3006 1247 3089 peccavit
1280 3009 1396 3072 contra
1428 3013 1507 3074 vota

179 3118 249 3162 sua.
279 3132 324 3141 —
354 3097 388 3162 Si
417 3117 516 3162 eausa
547 3097 675 3179 quidem
707 3097 913 3179 aliquatenus
943 3116 1023 3161 vera
1053 3099 1122 3174 est,
1154 3095 1175 3161 i.
1207 3115 1235 3160 e.
1266 3095 1294 3160 si
1324 3095 1508 3163 Herbertus

179 3185 284 3252 utitur
306 3207 343 3252 re
365 3206 446 3252 vera
467 3185 596 3252 infirma
620 3186 824 3263 valetudine,
850 3205 934 3268 quae
957 3184 1177 3251 molestiorem
1200 3184 1305 3250 faciat
1328 3186 1431 3251 vitam
1456 3206 1507 3251 re·

179 3275 339 3356 ligiosam,
364 3296 560 3358 quamquam
585 3276 771 3341 nullatenus
793 3275 1045 3351 intolerabilem,
1070 3295 1089 3339 a
1112 3272 1207 3355 gravi
1230 3279 1367 3356 peccato
1391 3279 1505 3341 contra

180 3368 259 3430 vota
283 3365 433 3429 excusari
456 3369 567 3449 potest
590 3365 650 3429 suh
674 3364 799 3429 duabus
822 3363 1080 3429 condicionibus:
1108 3363 1139 3442 1)
1163 3364 1249 3445 quod
1270 3367 1394 3429 statum
1414 3385 1505 3428 suum

179 3453 341 3517 infirmum
365 3474 429 3518 non
453 3458 636 3535 exaggeret
658 3453 764 3519 sciens
787 3454 876 3519 ultra
898 3453 1090 3528 veritatem
1123 3453 1156 3534 2)
1181 3452 1267 3533 quod
1297 3455 1434 3537 paratus
1465 3453 1507 3519 sit

180 3540 347 3606 advitam
372 3542 559 3623 religiosam
583 3543 849 3620 continuandam,
880 3542 907 3607 si
931 3542 1095 3626 repulsam
1119 3541 1243 3607 tulerit.
1290 3541 1384 3607 Alias
1407 3542 1504 3608 etiam

180 3634 249 3695 tum
273 3630 421 3711 graviter
443 3635 574 3716 peceat3
598 3653 674 3696 nam
699 3632 784 3713 quod
805 3632 973 3697 molestior
991 3631 1148 3695 reddatur
1163 3631 1234 3696 vita
1254 3630 1419 3713 religiosa,
1444 3653 1505 3696 non

181 3723 232 3783 est
255 3719 356 3797 ratio,
388 3741 446 3784 cur
475 3721 625 3787 absolute
655 3721 760 3803 possit
782 3720 885 3787 statui
915 3741 973 3785 suo
996 3718 1190 3786 valedicere.
1215 3756 1259 3764 —
1288 3719 1506 3785 Nihilominus

181 3809 224 3873 8⁸⁰
249 3808 322 3873 Sedi
353 3817 452 3893 polest
481 3809 538 3874 illa
561 3830 668 3874 rerum
693 3809 838 3874 condicio
869 3814 969 3892 atque
1000 3809 1099 3874 etiam
1122 3809 1230 3887 timor,
1261 3829 1303 3874 ne
1334 3830 1387 3874 res
1417 3810 1507 3893 peior

179 3899 249 3974 fiat,
272 3897 357 3963 ratio
382 3919 464 3975 esse,
489 3920 547 3963 eur
570 3898 765 3964 solutionem
789 3919 809 3963 a
832 3896 919 3965 votis
942 3898 1111 3963 concedat.

117 4012 169 4067 309
269 4003 307 4067 R.
338 4006 368 4068 2.
419 4004 627 4088 Dispensatio
663 4024 705 4067 ex
739 4003 872 4088 speciali
907 4003 1067 4069 facultate
1102 4024 1122 4068 a
1156 4002 1322 4086 superiore
1357 4003 1506 4070 confecta

180 4095 280 4174 atque
303 4091 467 4159 Herberto
496 4093 690 4158 transmissa
719 4114 760 4158 cx
784 4092 923 4157 diversis
953 4093 1134 4158 rationibus
1163 4096 1274 4175 polest
1304 4113 1377 4157 esse
1407 4094 1506 4158 nulla.

183 4182 216 4263 1)
247 4180 280 4246 Si
310 4202 426 4265 reapse
456 4182 610 4248 Herberti
641 4181 725 4246 ratio
754 4184 867 4265 fictitio
897 4185 986 4247 erat:
1017 4203 1131 4265 preces
1161 4203 1225 4245 non
1255 4181 1446 4248 nitebantur
1475 4182 1506 4246 in

181 4270 331 4336 veritate.
369 4271 512 4355 Supponi
535 4276 644 4337 autem
670 4271 766 4336 debet
791 4272 821 4336 S.
840 4271 955 4336 Sedem
980 4271 1108 4337 dedisse
1130 4274 1328 4354 potestatem
1353 4272 1505 4337 Herberti

181 4359 364 4426 dimittendi
389 4381 430 4425 ex
454 4382 554 4426 causa
582 4361 616 4426 in
643 4357 802 4443 petitione
825 4361 938 4426 allata.
985 4362 1091 4426 Causa
1114 4359 1217 4442 igitur
1239 4360 1301 4426 hac
1325 4360 1505 4435 deficiente,

180 4449 289 4514 deficit
302 4450 395 4514 valor
408 4450 578 4516 facultatis
594 4449 753 4533 superiori
770 4470 925 4515 concessa
942 4471 980 4515 ac
996 4450 1089 4533 proin
1106 4449 1175 4533 ipse
1191 4451 1285 4515 valor
1301 4450 1505 4516 dimissionis.

270 4546 376 4613 Aliter
399 4547 585 4624 dicendum,
609 4547 637 4612 si
661 4547 809 4630 superior
832 4548 996 4631 acceperit
1019 4547 1203 4613 absolutam
1227 4548 1438 4626 facultatem,
1467 4569 1505 4613 ex

181 4656 281 4701 causa
302 4657 386 4719 quae
409 4637 470 4703 sibi
487 4637 638 4704 videatur
659 4637 747 4704 iusta
770 4637 964 4703 dimittendi.
1003 4637 1123 4713 Quodsi
1146 4637 1178 4701 in
1202 4637 1261 4703 tali
1285 4638 1507 4721 suppositione
