3106 5168
166 309 230 374 518
658 303 698 358 De
716 303 823 372 legibus
842 303 988 358 Ecclesiae.

255 483 376 548 Verum
401 482 532 548 additur
555 483 693 549 alterum
717 483 913 547 membrum:
949 502 1092 560 „necnon
1118 482 1219 547 libros
1243 483 1388 548 cuiusvis
1410 504 1482 548 auc-

165 571 247 638 toris
276 592 336 654 per
359 571 556 655 apostolicas
588 572 718 638 litteras
746 572 937 636 nominatim
967 571 1179 655 prohibitos“.
1226 571 1352 638 Notum
1377 577 1483 638 autem

163 667 217 726 est
242 660 597 742 GregoriumXVl
621 661 800 744 perbreve
828 660 930 737 ,Dum
955 660 1199 727 acerbissimas¹⁴
1227 661 1257 726 d.
1275 662 1305 727 d.
1331 664 1375 726 26
1397 661 1482 744 Sept.

167 750 252 814 1835
284 770 383 833 opera
407 750 444 814 G.
470 751 609 814 Hermes
639 749 830 814 nominatim
855 748 1063 814 damnavisse
1095 757 1129 814 et
1161 750 1365 833 prohibuisse
1388 755 1483 832 atque

164 838 198 902 in
218 837 355 904 indicem
379 839 533 903 librorum
550 838 785 921 prohibitorum
809 838 923 903 referri
947 837 1090 904 iussisse.
1126 839 1236 903 Videri
1259 838 1363 921 igitur
1377 844 1485 922 potest

164 927 386 1009 Leodegarius
409 948 451 991 ex
475 928 535 992 hoc
559 927 656 993 titulo
679 926 886 992 nihilominus
909 927 1277 993 excommunicationem
1301 928 1483 994 incurrisse.

165 1015 286 1081 Verum
311 1016 438 1082 attendi
462 1016 558 1082 debet
583 1016 776 1097 Gregorium
799 1015 876 1080 XVI
897 1016 1102 1100 prohibuisse
1126 1016 1254 1097 quidem
1278 1016 1354 1082 illos
1377 1016 1483 1093 libros,

164 1108 360 1170 nontamen
383 1105 441 1182 ita,
466 1109 503 1171 ut
520 1104 656 1172 adderet
679 1125 817 1188 poenam
834 1104 1193 1182 excommunicationis;
1219 1105 1483 1172 constitutionem

165 1198 275 1259 autem
298 1197 408 1278 Apoat.
433 1196 506 1261 Sed.
531 1214 685 1258 censuras
709 1195 923 1270 contraxisse,
952 1215 1016 1258 non
1040 1193 1237 1259 extendisse.
1280 1194 1389 1271 Quare
1412 1216 1484 1278 pro·

164 1282 281 1347 babilis
304 1287 356 1348 est
385 1283 613 1365 interpretatio
636 1283 736 1348 libros
760 1282 888 1364 quidem
912 1282 1029 1347 abhinc
1053 1303 1112 1365 per
1134 1282 1263 1348 litteras
1287 1284 1484 1366 apostolicas

164 1371 355 1437 nominatim
378 1371 558 1454 prohibitos
581 1392 654 1436 esse
678 1392 716 1435 eo
739 1372 810 1454 ipso
833 1372 894 1436 sub
916 1391 1021 1454 poena
1044 1371 1391 1437 excommunicationis
1414 1393 1484 1456 spe

164 1459 240 1525 ciali
263 1460 358 1525 modo
381 1463 571 1525 reservatae
594 1460 774 1542 prohibitos
797 1459 1009 1541 (quamquam
1032 1481 1068 1525 re
1091 1481 1154 1524 non
1172 1460 1302 1527 videtur
1324 1483 1397 1526 mos
1416 1482 1484 1526 esse

163 1548 197 1613 in
227 1548 299 1630 ipso
326 1550 458 1615 decreto
488 1548 713 1631 prohibitionis
742 1549 840 1614 istam
871 1570 995 1631 poenae
1024 1549 1197 1631 specialem
1228 1551 1484 1615 reservationem

164 1637 342 1718 omittere),
366 1638 424 1702 sed
447 1637 547 1701 libros
571 1643 669 1702 antea
693 1637 881 1702 nominatim
906 1639 954 1702 ita
977 1638 1157 1722 prohibitos
1179 1641 1249 1703 tum
1273 1639 1405 1703 demum
1429 1641 1484 1704 hoc

81 1799 83 1809 p
164 1725 498 1791 excommunicatione
516 1727 618 1809 tangi,
643 1727 681 1804 si,
706 1748 778 1792 cum
795 1727 1054 1810 prohiberentur,
1078 1727 1287 1810 prohibitioni
1306 1729 1422 1794 addita
1444 1727 1484 1793 sit

164 1814 457 1881 excommunicatio
489 1836 592 1897 eaque
624 1816 770 1880 Romano
803 1815 951 1881 Pontifici
987 1820 1175 1885 reservata:
1215 1816 1299 1880 alias
1332 1816 1484 1899 prohibiti

163 1908 242 1968 sunt
264 1924 349 1968 nunc
372 1905 442 1968 sine
465 1904 532 1968 ulla
556 1925 661 1986 poena
682 1904 912 1971 ecclesiastiea.
952 1905 1004 1970 lta
1029 1904 1212 1970 D'Annib.
1230 1926 1260 1970 n.
1278 1907 1322 1970 40
1339 1913 1409 1973 not.
1427 1909 1481 1979 343

163 1991 417 2071 Pennacchi‚
443 1995 610 2059 Cerament.
635 2015 710 2077 app.
735 1993 791 2070 ΙΙΙ,
819 1996 897 2070 127;
923 1994 964 2059 of.
994 1995 1049 2060 Th.
1074 2017 1114 2060 111.
1139 1994 1179 2069 ΙΙ,
1204 1996 1279 2061 923.

253 2097 406 2162 Gonoludi
430 2098 545 2165 debet:
573 2099 792 2181 Leodegarius
815 2098 929 2179 legens
952 2119 1052 2179 opera
1075 2098 1236 2163 Hermesii
1259 2099 1331 2163 sine
1355 2100 1483 2165 licentia

162 2186 314 2270 peccavit
337 2187 467 2269 quidem
495 2192 529 2253 et
559 2191 674 2253 contra
697 2189 803 2269 legem
827 2188 1027 2264 naturalem,
1058 2208 1129 2252 cum
1157 2207 1286 2252 sumere
1310 2188 1483 2254 debeamus

164 2297 239 2341 eum
262 2296 283 2340 a
306 2276 449 2358 periculo
473 2276 641 2341 hauriendi
665 2297 793 2342 errores
816 2276 904 2342 circa
926 2277 1022 2341 fidem
1046 2297 1110 2340 non
1133 2297 1205 2340 esse
1227 2276 1423 2354 immunem,
1452 2282 1483 2343 et

164 2368 283 2429 contra
304 2365 409 2447 legem
434 2365 706 2442 ecclesiastieam;
732 2365 1099 2430 excommunicationem
1116 2370 1225 2430 autem
1246 2366 1367 2432 exhor
1391 2367 1482 2433 titulo

165 2475 230 2518 non
253 2453 398 2520 incurrit.

255 2574 293 2640 R.
311 2576 340 2640 5.
380 2575 489 2656 Opera
511 2575 680 2658 polemica‚
705 2596 788 2658 quae
811 2575 901 2640 Hase
925 2575 1045 2641 nostris
1067 2573 1269 2657 temporibus
1293 2581 1410 2642 contra
1433 2598 1483 2643 ca·

163 2663 304 2729 thelicae
335 2663 499 2728 doctrinas
529 2663 675 2747 scripsit,
706 2665 776 2729 sine
806 2664 872 2728 ullo
900 2665 996 2729 dubio
1027 2668 1103 2730 suut
1132 2663 1207 2728 libri
1237 2663 1301 2728 viri
1330 2665 1482 2731 haeretici

165 2752 326 2816 haeresim
357 2757 617 2835 propugnantes;
647 2753 784 2835 ideoque
815 2774 856 2817 ex
886 2754 947 2817 hoc
977 2753 1083 2836 capite
1107 2753 1328 2834 Leodegarius
1358 2776 1482 2820 excom-

165 2840 484 2905 municatione1n2²¹ln
507 2842 602 2906 seul
626 2842 732 2906 bullae
753 2846 861 2927 Apost.
884 2845 957 2909 Sed.
981 2842 1126 2918 incurrit,
1151 2864 1255 2924 neque
1279 2842 1310 2905 id
1335 2843 1482 2925 ignorare

165 2929 287 3013 potuit,
311 2930 340 2994 si
363 2931 538 3012 quidquam
563 2932 602 2994 de
626 2931 771 2995 censuris
795 2931 965 3012 cognovit,
994 2936 1092 3012 atque
1115 2952 1153 2994 eo
1177 2931 1312 3012 gravius
1336 2933 1399 2997 hae
1422 2934 1482 2998 lec·

165 3019 254 3084 tione
269 3021 429 3101 peccavit,
455 3042 517 3101 quo
534 3020 745 3102 periculosior
761 3025 811 3086 est
834 3021 931 3085 lectio
948 3020 1060 3083 horum
1085 3019 1249 3095 librorum,
1276 3041 1357 3101 quos
1374 3029 1483 3088 auctor

164 3108 242 3173 stilo
266 3109 408 3191 eleganti
433 3109 625 3191 conscripsit
648 3115 747 3190 atque
770 3108 895 3174 artibus
919 3113 953 3173 et
976 3108 1110 3171 curiosis
1126 3109 1349 3190 fabulosisque
1372 3133 1482 3176 narra·

165 3197 318 3262 tiunoulis
342 3197 445 3273 auxit,
471 3219 522 3262 res
547 3198 727 3263 catholicas
750 3218 814 3262 non
838 3219 912 3262 raro
937 3202 1069 3261 vertens
1093 3198 1125 3260 in
1149 3197 1259 3262 risum.

87 3323 156 3378 1014
254 3320 293 3386 R.
312 3324 341 3387 6.
381 3321 494 3385 Diaria
517 3321 843 3385 excommunicationi
867 3322 974 3385 bullae
995 3323 1103 3405 Apost.
1122 3322 1194 3386 Sed.
1220 3342 1284 3385 non
1301 3323 1481 3395 subiacent;

166 3409 268 3473 subici
299 3414 436 3492 possunt
460 3410 605 3473 censuris
635 3410 676 3473 ab
701 3410 863 3474 ordinario
888 3410 1029 3474 ferendis
1053 3446 1096 3453 —
1120 3409 1203 3490 quod
1229 3411 1269 3474 de
1294 3410 1406 3477 diariis
1431 3433 1482 3475 no·

166 3498 298 3562 minatis
329 3499 417 3562 ullibi
449 3498 571 3563 factum
603 3519 675 3562 esse
705 3520 767 3561 non
800 3505 877 3581 puto
909 3525 968 3570 -;
999 3498 1213 3581 prohibentur
1238 3500 1369 3580 quidem
1400 3502 1483 3566 bulla

169 3587 350 3668 officiorum
376 3612 413 3652 oc
436 3610 599 3651 nrurzerum
625 3587 698 3667 lege
715 3588 936 3652 ecclesiastica
952 3589 1021 3651 sine
1038 3608 1176 3651 censura
1196 3587 1286 3653 latae
1303 3590 1483 3654 sententiae

170 3678 317 3757 ,druria
353 3698 433 3759 quoe
463 3679 641 3761 relipioaem
674 3685 729 3741 uret
761 3677 853 3740 bonos
882 3699 982 3740 uisu-ea
1013 3677 1089 3740 (lule
1121 3698 1217 3761 opero
1250 3679 1423 3760 impelrmt“
1454 3678 1483 3741 in

167 3785 302 3844 quorum
327 3785 459 3829 numero
483 3766 723 3847 ephemeridem
749 3786 830 3845 quas
859 3765 1041 3841 ,liberales“
1071 3769 1206 3841 vocant,
1235 3786 1298 3829 non
1323 3766 1397 3839 ilico
1423 3767 1484 3831 col·

166 3852 267 3916 locari
290 3874 385 3934 posse
409 3858 497 3935 puto.
543 3855 731 3936 Complures
755 3853 839 3917 enim
864 3876 927 3916 non
950 3854 997 3918 ita
1020 3876 1094 3917 raro
1120 3853 1258 3934 quidem,
1284 3855 1483 3920 occasionem

165 3946 293 4016 nactae,
319 3942 495 4006 catholicos
519 3944 776 4024 catholicamque
800 3942 979 4006 doctrinam
1004 3944 1144 4022 aliquam
1169 3942 1354 4023 exagitant,
1384 3966 1484 4026 neque

165 4034 276 4094 tamen
294 4051 335 4093 ex
352 4030 510 4094 industria
534 4054 589 4095 seu
608 4033 685 4096 data
702 4053 800 4113 opera
824 4032 855 4095 in
880 4033 963 4095 hunc
987 4034 1081 4094 linem
1107 4031 1261 4105 tendunt;
1288 4041 1485 4117 quapropter

165 4119 313 4199 singulae
337 4124 413 4183 sunt
437 4120 681 4184 examinandae.
730 4121 835 4185 Aliter
859 4122 898 4184 de
922 4121 1179 4202 ephemeridibus
1209 4122 1417 4188 socialistieis
1440 4123 1485 4186 di·

166 4209 302 4271 cendum
327 4231 397 4272 esse
428 4230 559 4279 censeo;
592 4211 652 4271 hae
677 4210 759 4272 enim
787 4212 863 4272 (loto
888 4232 982 4293 opere
1016 4210 1230 4273 socialistieas
1264 4211 1373 4287 ideas,
1406 4233 1484 4293 quae

166 4318 230 4359 non
255 4303 391 4379 possunt
422 4320 484 4362 non
510 4298 662 4361 collidere
686 4319 756 4361 cum
782 4319 861 4361 sana
886 4305 918 4363 et
947 4299 1106 4363 catholica
1130 4298 1279 4362 doctrina
1304 4301 1344 4364 de
1369 4302 1432 4365 lide
1454 4309 1485 4365 et

167 4386 325 4461 moribus,
356 4408 562 4469 propugnare
586 4391 619 4450 et
644 4408 825 4469 propagare
851 4392 1018 4453 conantur.
1066 4388 1189 4450 Harum
1218 4388 1320 4468 igitur
1348 4391 1484 4455 lectione

166 4474 385 4555 Leodegarius
402 4476 537 4556 deliquit
554 4481 669 4540 eontra
693 4477 798 4556 legem
823 4477 921 4541 etiarn
941 4476 1211 4551 ecclesiasticam
1237 4499 1351 4542 verum
1378 4480 1483 4552 etiam,

167 4563 221 4641 qui
238 4563 346 4643 legere
363 4567 466 4629 soleat
483 4565 703 4646 ephemerides
719 4566 873 4646 liberales,
897 4568 1078 4645 generatim
1096 4588 1232 4648 peceare
1249 4574 1366 4633 contra
1383 4570 1483 4650 legem

167 4651 485 4730 divino-naturalem,
512 4676 574 4716 nou
591 4659 641 4719 est
658 4654 742 4736 quod
766 4655 875 4719 multis
899 4656 1049 4738 probem;
1074 4656 1229 4719 facillime
1246 4657 1332 4721 enim
1357 4663 1391 4723 et
1415 4680 1484 4722 sen-
