3106 5168
167 290 232 354 310
304 285 346 340 De
363 285 510 340 virtutibus
529 289 557 340 et
575 285 673 342 officiis
692 303 757 355 erga
776 285 906 341 homines.
925 316 961 325 -
979 287 1030 342 Off.
1050 287 1123 342 circa
1140 288 1210 343 bona
1228 291 1349 343 externa.

255 461 366 520 Verum
386 466 454 538 post
469 461 569 521 decem
590 480 685 521 annos
706 480 779 536 ager
798 462 964 522 ostenditur
978 482 1045 522 esse
1059 463 1171 534 Iacobi,
1192 464 1328 523 similiter
1348 483 1387 524 ex
1408 469 1490 523 uten-

167 541 271 601 silibus
293 541 391 617 aliqua
411 542 517 618 pocula
537 541 661 618 gemmis
682 548 797 602 ornata.
831 542 920 603 Petro
937 562 1007 602 vare
1029 544 1205 604 exhibentur
1226 544 1377 620 complura
1391 545 1491 604 debita

166 621 481 761 :Edffirfficffigdum
496 623 602 694 soluta,
624 622 806 698 alterumque
827 642 931 698 agrurn
952 643 1011 683 non
1030 643 1096 683 asse
1116 626 1154 687 ab
1168 624 1289 684 Andrea
1303 625 1490 700 acquisitum,

167 807 344 878 qusarrun
366 811 394 866 1ο
419 807 489 883 quid
509 807 549 866 sit
569 808 774 886 praescriptio,
797 812 827 867 θῖ
848 809 917 884 quid
939 809 977 867 ad
998 828 1063 868 eam
1084 810 1258 885 requiratur.

364 908 394 964 2ο
420 906 585 965 debeantne
606 906 716 966 Paulus
738 910 769 965 et
788 906 894 966 Petrus
921 909 1000 966 bona
1024 908 1075 966 illa
1101 927 1241 983 possessa
1263 907 1378 968 domiuo
1401 909 1491 967 recla-

419 987 513 1045 manti
533 986 655 1046 reddere
677 992 764 1062 atque
786 986 925 1046 creditori
947 986 1045 1047 debita
1066 989 1189 1047 solvere.

763 1168 898 1235 Solutio.

105 1332 158 1387 610
224 1330 227 1336 ·
256 1317 309 1382 Aa
333 1336 524 1392 ovaasrruu
545 1318 580 1380 1¹²
596 1316 635 1382 R.
654 1319 682 1382 1.
716 1315 934 1400 Praescriptio
958 1320 1095 1383 vocatur
1118 1316 1233 1383 modus
1256 1316 1320 1396 ille,
1346 1338 1410 1400 quo
1434 1339 1492 1402 per

166 1406 273 1490 ipsum
297 1403 454 1487 temporis
477 1404 604 1489 lapsum
628 1404 678 1470 ius
702 1409 827 1470 certum
843 1405 973 1487 aliquod
989 1404 1215 1472 constituitur:
1240 1407 1325 1489 quod
1341 1427 1407 1471 non
1422 1411 1491 1473 tam

167 1517 209 1561 ex
226 1498 346 1559 natura
361 1493 408 1558 rei
424 1494 471 1571 fit,
496 1495 553 1559 sed
576 1494 650 1577 legs
672 1493 815 1578 positiva
835 1499 969 1578 propter
987 1494 1106 1561 bonum
1123 1498 1343 1561 communest
1362 1516 1493 1579 posses·

86 1599 103 1625 ⁸
167 1584 294 1650 sionum
310 1583 520 1650 securitatem
536 1583 705 1648 inductum
722 1588 782 1650 est.
811 1583 939 1649 Dicitur
953 1583 1167 1667 praescriptio
1183 1585 1360 1668 liberatica,
1377 1584 1405 1650 si
1421 1584 1492 1668 ipso

166 1671 324 1756 temporis
354 1672 448 1754 lapsu
478 1671 572 1737 unius
602 1673 652 1737 ius
683 1672 804 1754 aliquid
834 1672 987 1755 exigendi
1010 1673 1062 1738 vel
1092 1673 1232 1738 habendi
1259 1673 1490 1756 exstinguitur,

168 1762 304 1828 alterius
321 1782 402 1827 onus
418 1761 565 1826 solvendi
581 1762 633 1826 vel
651 1761 772 1843 aliquid
795 1761 941 1845 patiendi
956 1762 1163 1837 sublevatur;
1188 1764 1387 1848 acquisitiva,
1412 1783 1492 1844 qua·

146 1855 263 1917 tenus
294 1850 387 1934 lapsu
415 1850 571 1934 temporis
594 1849 776 1933 legitimum
800 1850 975 1915 dominium
998 1851 1051 1916 vel
1074 1851 1125 1915 ius
1148 1849 1278 1933 aliquod
1303 1851 1491 1933 acquiritur.

256 1939 457 2022 Quamquam
475 1959 495 2004 a
510 1938 634 2005 iuristis
650 1939 823 2007 liberativa
838 1939 895 2005 illa
918 1939 1132 2023 praescriptio
1148 1938 1339 2024 simpliciter
1355 1944 1494 2007 vocatur

167 2027 381 2113 praescriptio
398 2028 614 2110 (germanicez
640 2029 865 2116 Verjot‘brunp),
890 2027 1084 2110 acquisitiva
1102 2033 1214 2096 autem
1232 2028 1388 2113 usucapio
1405 2029 1493 2112 (ger-

167 2117 309 2183 manice:
335 2115 532 2204 Ereitzunq).

106 2241 157 2295 611
256 2223 295 2290 R.
314 2226 343 2289 2.
375 2223 586 2289 Condiciones
609 2223 651 2288 ad
674 2222 964 2307 praescriptionem
987 2223 1193 2289 necessariae
1214 2222 1411 2290 exhibentur
1433 2224 1494 2288 hoc

168 2312 346 2378 versiculo:
376 2312 459 2389 ,Res
482 2311 616 2391 habilis,
641 2312 735 2391 fides,
760 2312 893 2390 titulus,
917 2311 1097 2395 possessio,
1121 2316 1279 2396 tempus.“
1330 2312 1494 2379 Nimirum

234 2461 237 2470 ·
260 2418 291 2500 1)
321 2420 386 2484 Rea
413 2419 531 2484 babilis
559 2417 761 2501 intellegitur
784 2439 840 2497 ea,
871 2438 955 2500 quae
986 2418 1135 2502 privatae
1162 2418 1377 2503 possessionis
1406 2440 1494 2485 com·

167 2507 343 2589 merciique
366 2506 487 2591 privati
510 2529 617 2590 capax
640 2513 708 2574 cst:
739 2507 821 2573 alies
845 2506 930 2572 enim
954 2508 1067 2590 nequit
1091 2508 1275 2574 ullomodo
1299 2509 1340 2573 ab
1363 2507 1494 2573 homine

166 2597 298 2680 privato
322 2595 455 2678 acquiri,
479 2597 573 2681 proin
596 2617 702 2678 neque
724 2618 784 2680 per
806 2595 1105 2681 praescriptionem.
1140 2597 1369 2663 Excluduntur
1392 2597 1494 2680 igitur

114 2694 117 2698 ’
167 2688 205 2751 ut
233 2685 407 2752 inhabiles:
438 2686 471 2768 a)
495 2709 546 2751 ree
569 2688 615 2751 ael
638 2689 712 2750 iuro
736 2708 846 2768 sacro,
879 2706 962 2768 quae
985 2687 1083 2752 vendi
1113 2707 1177 2751 non
1207 2686 1306 2760 liceat
1329 2687 1382 2752 vel
1410 2706 1493 2769 quae

168 2779 203 2840 et
226 2781 388 2858 quatenus
411 2796 475 2840 non
499 2773 621 2840 sintin
645 2774 775 2857 privato
799 2773 957 2839 dominio:
982 2775 1009 2839 si
1033 2796 1116 2857 quae
1133 2796 1211 2840 vero
1229 2795 1324 2841 sacra
1340 2775 1494 2842 utensilia

168 2864 201 2928 in
232 2863 372 2929 dominio
403 2863 533 2947 privato
561 2863 726 2930 exsistunt
749 2885 779 2929 v.
804 2884 835 2945 g.
861 2885 919 2946 pro
944 2863 1086 2930 oratorio
1110 2863 1257 2947 privato,
1288 2864 1370 2930 haec
1394 2865 1494 2931 ctiam

169 2952 425 3036 praescriptione
449 2951 570 3034 acquiri
594 2957 747 3036 possunt;
772 2951 806 3035 b)
823 2974 875 3017 res
891 2957 1010 3018 natura
1027 2974 1086 3018 sua
1102 2953 1250 3036 publicae
1266 2975 1298 3021 v.
1314 2974 1346 3036 g.
1363 2953 1494 3038 publica

168 3042 239 3120 via;
265 3040 295 3122 c)
319 3064 372 3107 res
396 3042 539 3126 positiva
561 3041 635 3123 lege
659 3040 891 3107 inalienabiles

106 3148 158 3201 612
259 3134 292 3212 2)
317 3133 414 3197 Fides
437 3133 534 3213 bono,
567 3151 650 3213 quae
674 3130 829 3196 excludat
852 3129 1082 3197 conscientiam
1107 3131 1221 3214 culpae
1245 3130 1413 3214 perfectae
1437 3153 1493 3196 seu

168 3220 297 3302 gravis,
322 3220 468 3302 adeoque
491 3218 659 3304 persuasio
683 3220 799 3286 adesse
822 3219 934 3296 debet,
960 3240 1024 3301 qua
1048 3218 1119 3300 quis
1147 3223 1258 3303 putat,
1283 3241 1318 3284 se
1341 3220 1412 3285 iure
1436 3242 1494 3285 suo

169 3329 268 3391 agere
284 3330 342 3374 seu
359 3331 394 3375 se
410 3330 502 3374 suam
519 3330 588 3373 rem
611 3308 775 3393 propriam
799 3314 921 3375 tenere.
939 3307 1127 3373 -Dicitur
1150 3310 1234 3373 bona
1257 3308 1338 3373 fides
1359 3312 1493 3393 positivo

168 3397 240 3482 ipsa
270 3398 351 3463 haec
381 3397 502 3482 proprii
532 3397 611 3462 iuris
642 3398 826 3480 persuasi03
857 3398 942 3462 bona
965 3397 1045 3462 fides
1069 3401 1214 3481 nepotioo
1239 3397 1390 3464 absentia
1419 3420 1493 3481 per-

169 3487 329 3552 suasionis
361 3487 401 3552 de
431 3487 500 3552 iure
531 3487 655 3560 alieno,
690 3487 743 3552 vel
774 3486 924 3552 absentia
954 3485 1092 3551 actionis
1122 3485 1360 3553 fraudulentae.
1409 3488 1494 3552 Hinc

170 3576 301 3640 dubium
331 3576 501 3642 fundatum
533 3575 672 3642 destruit
701 3577 819 3642 bonam
849 3575 945 3641 fidem
976 3574 1167 3658 positivam,
1199 3596 1262 3640 non
1293 3575 1493 3658 negativam.

170 3663 220 3729 Ad
246 3664 407 3730 actionem
430 3665 604 3748 positivam
629 3666 821 3747 ponendam,
846 3686 889 3729 ex
910 3684 975 3746 qua
998 3668 1105 3729 ortum
1130 3665 1248 3729 ducere
1271 3664 1375 3747 possit
1398 3686 1494 3749 prae-

170 3753 312 3837 scriptio,
337 3754 514 3837 requiritur
529 3756 613 3821 bona
629 3754 709 3818 fides
725 3753 883 3837 positiva;
908 3753 1126 3818 adactionem
1144 3752 1357 3818 omittendam
1374 3754 1495 3820 sufficit

170 3843 255 3908 bona
278 3845 358 3908 fides
382 3844 553 3925 negativa:
578 3865 691 3908 verum
714 3843 740 3906 si
763 3843 873 3924 agitur
888 3843 928 3906 de
952 3842 1171 3907 continuanda
1188 3842 1317 3907 actione
1341 3843 1494 3926 positiva,

171 3952 254 4015 quac
278 3932 448 3997 bonafide
479 3933 620 4016 positiva
645 3934 776 4015 incepta
800 3937 866 4006 est,
898 3931 1035 4008 sufficit,
1068 3936 1104 3997 ut
1128 3936 1243 3997 exorto
1268 3931 1363 3996 dubio
1389 3938 1423 3998 et
1447 3934 1495 3998 in-

171 4021 342 4103 quisitione
359 4021 449 4087 facta
464 4023 550 4086 bona
565 4022 644 4086 fides
660 4022 816 4101 negativa
832 4025 1021 4103 perseveret
1037 4042 1093 4085 seu
1111 4020 1241 4084 dubium
1266 4041 1329 4085 non
1346 4021 1496 4087 solvatur

171 4110 202 4175 in
226 4116 353 4192 partem
378 4111 593 4184 contrariam3
625 4131 687 4191 quo
718 4111 749 4173 in
775 4131 851 4174 casu
876 4114 1027 4175 censetur
1051 4109 1134 4173 bona
1158 4109 1239 4174 fides
1265 4109 1409 4193 positive
1431 4133 1496 4175 uon

171 4201 347 4265 destructa.
387 4200 536 4266 Ceterum
554 4199 729 4281 requiritur
744 4200 829 4263 bona
845 4199 925 4263 fides
950 4199 1140 4264 continuata
1163 4220 1223 4281 per
1238 4202 1343 4264 totum
1365 4205 1496 4284 tempus

170 4289 211 4352 ad
235 4289 527 4372 praescriptionem
550 4288 750 4370 requisitum,
777 4288 825 4353 ita
849 4293 884 4352 ut
909 4289 1077 4353 desinente
1101 4288 1272 4353 bonafide
1296 4309 1354 4352 ssu
1379 4295 1496 4354 exorta

170 4377 256 4441 mala
279 4379 343 4443 fide
375 4399 412 4442 co
438 4379 508 4462 ipso
539 4377 780 4461 praescribendi
803 4377 945 4442 facultas
975 4378 1007 4441 in
1032 4377 1231 4442 conscientia
1255 4382 1398 4443 corruat.
1446 4379 1496 4443 lta

171 4487 324 4547 expresse
350 4467 399 4531 ius
423 4467 613 4531 canonicum
637 4466 772 4531 statuit:
811 4467 1001 4539 ,Possessor
1024 4466 1130 4531 malae
1154 4466 1228 4531 fidei
1258 4466 1324 4531 ullo
1348 4472 1497 4551 tempore

171 4575 234 4618 non
258 4555 485 4639 praescribit“,
512 4557 532 4622 i.
557 4576 584 4622 e.
608 4555 678 4632 ille,
704 4555 759 4638 qui
782 4556 847 4619 ullo
871 4561 1018 4639 tempore
1042 4560 1093 4620 est
1116 4556 1169 4619 vel
1194 4560 1267 4620 erat
1290 4557 1399 4621 malae
1422 4558 1497 4622 fidei

172 4663 356 4724 possessor,
388 4645 644 4728 praescriptione
673 4645 721 4711 uti
753 4643 874 4726 nequit.
904 4682 948 4691 —
976 4644 1121 4709 Venialis
1145 4649 1254 4710 autem
1286 4646 1498 4729 neglegent-ia
