3106 5168
174 287 239 350 390
312 282 353 336 De
371 282 520 337 virtutibus
539 286 567 336 et
585 281 682 336 officiis
701 299 766 351 erga
785 282 914 337 homines.
935 313 967 320 -
987 281 1040 338 Off.
1058 283 1130 338 circu
1149 283 1218 338 bona
1237 288 1362 339 externa.

174 481 204 524 n.
231 459 312 533 365,
344 462 517 541 postquam
548 459 661 525 retulit
691 460 887 526 sententiam
918 465 1093 541 negantem
1119 459 1352 543 obligationem
1383 466 1499 545 postea

174 546 321 612 solvendi
350 551 384 612 et
410 547 607 614 sententiam
633 548 852 614 affirmantem
876 549 1144 627 communiorem,
1175 549 1355 615 concludit:
1393 551 1499 628 ,Usus

173 636 269 702 hodie
299 640 350 703 est
379 637 466 702 inter
494 637 735 718 negotiatoreS,
766 639 884 703 saltem
914 639 1000 720 apud
1031 639 1180 703 nationes
1202 639 1431 717 mercatrices,
1464 645 1500 706 ut

174 732 249 809 post
279 725 458 790 cessionem
489 725 664 791 admissam
695 725 917 792 infortunatus
941 726 1068 792 debitor
1097 727 1130 791 in
1161 732 1327 810 posterum
1358 729 1500 812 amplius

173 835 238 878 non
262 813 491 888 conveniatur;
523 815 609 896 quod
632 835 711 880 sane
734 816 869 898 prodest
891 816 974 880 bono
999 815 1160 881 communi
1184 817 1387 894 commercii;
1413 818 1498 900 quia,

174 924 247 968 cum
270 903 419 986 precaria
442 924 572 986 semper
594 903 638 971 sit
661 905 903 985 negotiatorum
927 904 1077 980 fortuna,
1108 927 1168 989 par
1191 911 1242 970 est
1269 926 1328 989 pro
1353 907 1500 988 quolibet

173 1013 248 1075 spes
278 991 360 1057 lucri
390 996 425 1057 et
453 993 632 1076 periculum
664 993 782 1059 damni.
839 993 957 1059 Utrum
987 999 1096 1059 autem
1128 1015 1169 1059 ex
1200 1016 1259 1058 usu
1290 994 1354 1060 isto
1385 995 1500 1060 inferri

172 1079 277 1164 possit
300 1102 380 1146 vera
404 1081 615 1160 condonatio,
647 1081 795 1146 decidere
824 1103 887 1146 non
911 1082 1024 1149 audeo.
1072 1084 1160 1148 Ulrdc
1191 1086 1224 1147 ln
1253 1086 1368 1167 prum,
1402 1087 1500 1150 donec

173 1169 213 1234 de
229 1169 466 1235 condonatione
490 1170 573 1237 satis
588 1175 727 1248 constet,
752 1171 930 1236 debitorem
952 1171 1104 1237 solutioni
1127 1171 1302 1237 obnoxium
1326 1192 1401 1237 esse
1423 1194 1500 1239 con·

172 1259 367 1324 cludendum
391 1263 470 1324 est.“

261 1373 300 1439 R.
319 1376 348 1439 2.
388 1373 474 1438 Fieri
498 1373 598 1455 igitur
622 1378 741 1456 potest,
767 1378 803 1439 ut
826 1379 961 1458 propter
976 1375 1131 1458 specialia
1148 1376 1302 1441 adiuncta
1319 1376 1499 1441 creditores

172 1462 254 1528 satis
278 1464 366 1527 clare
389 1462 601 1529 manifestent
617 1463 821 1529 voluntatem
845 1484 938 1527 suam
961 1485 1137 1546 numquam
1160 1465 1300 1547 amplius
1321 1465 1497 1546 quidquam

173 1573 193 1616 a
217 1552 364 1616 debitore
387 1551 564 1634 repetendi.
612 1552 702 1629 Quod
727 1553 753 1617 si
777 1552 830 1617 vel
855 1556 968 1635 aperte
992 1574 1048 1617 seu
1074 1553 1227 1637 explicite
1246 1554 1498 1631 declaraverint,

172 1640 226 1705 vel
250 1641 277 1705 si
304 1640 455 1723 prudenti
479 1640 596 1705 iudicio
626 1641 659 1705 id
683 1662 724 1706 ex
748 1641 843 1706 modo
867 1641 985 1723 agendi
1010 1642 1206 1707 creditorum
1229 1642 1412 1724 colligitur:
1444 1644 1499 1708 de·

173 1729 242 1794 bita
265 1729 384 1794 habeto
408 1750 467 1812 pro
493 1729 674 1797 exstinctis,

110 1853 161 1906 774
261 1844 299 1908 R.
318 1847 348 1910 3.
388 1842 473 1909 Fieri
497 1843 595 1909 etiam
612 1847 731 1927 potest,
757 1848 794 1909 ut
816 1843 850 1908 in
866 1843 976 1925 aliqua
996 1843 1129 1925 regione
1145 1844 1290 1910 evaserit
1306 1845 1496 1917 communis,

172 1931 272 1998 etiam
296 1932 422 2015 piorum
446 1933 600 2011 virorum,
625 1932 855 2016 interpretatio
879 1932 1035 1997 cessionis
1059 1934 1231 2011 bonorum,
1264 1938 1317 2011 ut,
1346 1934 1402 2016 qui
1426 1956 1495 1999 eam

171 2021 398 2088 fraudulenter
420 2043 485 2086 non
508 2022 684 2099 induxerit,
709 2043 768 2104 per
786 2043 857 2086 eam
882 2022 1031 2087 obtineat
1046 2021 1228 2088 debitorum
1251 2023 1416 2105 integram
1440 2044 1496 2088 ex·

172 2110 391 2177 stinctionem.
431 2111 521 2188 Quae
537 2111 777 2194 interpretatio,
798 2111 975 2176 scientibus
992 2111 1150 2189 omnibus,
1172 2111 1302 2193 aliquod
1318 2112 1496 2195 periculum

171 2199 309 2282 imponit
332 2200 489 2283 imprimis
513 2201 658 2282 pecuniis
681 2204 793 2266 mutuo
811 2200 913 2265 datis:
938 2199 1089 2280 quodex
1112 2221 1148 2264 se
1170 2205 1307 2267 nonest
1331 2201 1495 2276 iniustum,

171 2288 229 2353 sed
260 2289 369 2371 potius
397 2289 572 2353 hodiernae
596 2288 889 2370 quasi-fertilitatis
917 2287 1096 2353 condicioni
1127 2289 1337 2372 pecuniarum
1361 2311 1496 2354 consen-

171 2382 314 2443 taneum.
361 2377 466 2453 Quare
491 2378 544 2442 ubi
569 2378 608 2442 de
631 2379 690 2442 tali
714 2377 985 2461 interpretatione
1009 2377 1115 2442 usuali
1138 2382 1318 2458 constiterit,
1344 2379 1494 2445 existimo

172 2487 263 2544 eum,
296 2466 349 2549 qui
374 2466 615 2548 inculpabiliter
638 2488 747 2531 rerum
771 2488 902 2531 suarum
927 2467 1054 2531 ruinam
1078 2488 1193 2550 passus
1217 2467 1276 2544 sit,
1309 2488 1407 2550 posse
1437 2468 1495 2533 hac

173 2554 406 2620 consuetudine
429 2555 490 2619 sibi
514 2556 686 2621 favorabili
717 2554 765 2620 uti
793 2554 979 2620 universim.
1025 2556 1128 2619 Immo
1152 2556 1259 2637 quoad
1283 2556 1396 2623 debita
1419 2578 1496 2639 erga

172 2643 395 2725 negotiatores
427 2648 460 2709 et
490 2649 689 2710 mercatores
713 2648 883 2711 contracta
912 2644 1084 2708 hodiedum
1116 2683 1156 2692 —
1188 2651 1225 2711 ut
1255 2666 1355 2727 supra
1385 2646 1495 2712 notavi

174 2754 238 2798 cas.
265 2735 328 2797 232
354 2771 396 2778 —
420 2733 602 2813 generatim
625 2734 689 2798 iam
713 2734 831 2815 ubique
855 2733 909 2798 illc
933 2755 1011 2796 usus
1035 2733 1164 2798 videtur
1188 2734 1405 2801 convaluisse.

262 2830 382 2896 Utrum
406 2851 484 2894 vero
509 2834 542 2896 et
566 2830 697 2894 ubinam
721 2831 760 2895 de
783 2830 843 2895 tali
868 2830 1101 2895 consuetudine
1125 2832 1231 2912 quoad
1262 2835 1420 2916 quaelibet
1443 2832 1494 2896 de·

174 2918 243 2984 bita
266 2920 476 3004 quoslibetque
500 2920 677 2985 creditores
700 2920 734 2983 in
759 2920 946 2983 decoctione
970 2920 1126 2983 bonorum
1151 2924 1294 2995 constet,
1319 2921 1495 2986 diiudican-

174 3008 249 3072 dum
266 3014 318 3073 est
340 3009 517 3073 secundum
534 3010 624 3090 leges
640 3009 785 3073 locorum
802 3028 978 3089 earumque
999 3012 1173 3073 consuetas
1196 3010 1493 3092 interpretationes.

174 3096 333 3180 Crolly‚
366 3103 481 3163 auctor
504 3098 684 3175 Hibernus,
715 3098 748 3161 in
773 3119 887 3180 opere,
917 3097 1001 3179 quod
1025 3097 1213 3162 inscribitur
1238 3099 1496 3182 „Disputationes

174 3189 358 3270 tbcolopicuc
376 3189 415 3252 dc
430 3190 552 3251 iustitio
571 3196 597 3251 et
613 3185 715 3267 *iurc‘ss
735 3191 814 3251 tom.
832 3187 888 3263 III,
906 3208 936 3250 n.
953 3189 1036 3249 1232
1054 3187 1144 3266 leges
1161 3185 1318 3267 Anglicas
1335 3188 1381 3252 sic
1398 3189 1494 3252 inter·

175 3280 334 3358 pretatur,
360 3281 396 3341 ut-
419 3275 578 3340 iudicialis
602 3275 775 3351 sententia,
801 3297 865 3356 qua
889 3279 963 3357 post
987 3275 1165 3338 cessionem
1190 3276 1347 3340 bonorum
1373 3278 1495 3341 debitor

175 3366 216 3430 ab
234 3364 433 3446 obligatione
456 3364 602 3429 solvendi
627 3365 793 3441 liberetur,
823 3386 923 3441 ,eu1n,
948 3363 974 3427 si
999 3363 1164 3428 bonafide
1189 3364 1395 3430 condiciones
1419 3365 1495 3448 legis

175 3454 370 3536 impleverit,
396 3455 436 3518 ab
461 3458 546 3518 oriani
570 3453 769 3534 obligatione
794 3453 973 3536 praeterita
998 3453 1107 3517 debita
1130 3453 1216 3518 iuste
1240 3458 1412 3519 contracta
1436 3455 1495 3519 sol·

176 3543 272 3606 vendi
297 3543 453 3607 liberare“
476 3547 658 3618 censeatur,
683 3542 779 3622 idque
804 3546 896 3606 etium
921 3545 954 3606 iu
977 3542 1050 3623 foro
1073 3545 1288 3608 conscientiae.
1321 3543 1409 3608 Nam
1427 3548 1496 3627 post

176 3631 321 3696 rationes
347 3632 466 3695 allatas
497 3632 543 3696 sio
574 3631 753 3697 concludit:
789 3632 922 3712 ,ltaque
946 3631 1159 3706 sententiam,
1191 3653 1288 3713 quam
1312 3653 1495 3716 propugna-

176 3720 292 3797 vimus,
317 3721 402 3802 quod
426 3721 467 3784 ad
492 3743 584 3784 usum
606 3721 735 3799 attinet,
761 3724 885 3785 certam
910 3741 981 3783 esse
1005 3741 1183 3798 censemus,
1208 3720 1284 3801 quia
1307 3725 1420 3787 stante
1443 3720 1497 3787 tali

177 3809 272 3873 dubio
296 3830 390 3872 neruo
416 3809 488 3891 cogi
504 3810 601 3875 debet
625 3831 729 3891 neque
752 3809 784 3873 in
809 3809 1006 3874 conscientia
1030 3809 1168 3891 obligari
1192 3810 1233 3873 ad
1257 3811 1496 3876 restitutionem

177 3898 390 3964 faciendanr.“

267 4013 304 4077 u.
331 4015 360 4078 4.
397 4012 612 4095 Quapropter,
638 4013 664 4076 si
689 4012 805 4076 Castor
828 4012 860 4075 in
885 4013 1032 4076 omnibus
1056 4012 1180 4076 sincere
1204 4016 1238 4076 et
1262 4014 1400 4079 candide
1425 4015 1496 4097 egit,

177 4102 331 4182 nullaque
355 4102 446 4166 fraus
470 4101 672 4179 intercessit,
704 4101 962 4183 necquidquam
988 4101 1070 4181 quod
1099 4101 1189 4182 leges
1219 4123 1283 4165 non
1307 4106 1497 4185 permittant

178 4191 371 4257 occultando
402 4191 556 4255 retinuit:
588 4212 645 4273 pro
677 4190 746 4272 ipso
778 4190 912 4255 Castore
943 4189 1175 4270 obligationem
1205 4192 1356 4256 strictam
1388 4201 1496 4276 postea

178 4281 335 4357 solvendi,
361 4281 489 4361 quando
515 4281 556 4344 ad
579 4280 745 4343 meliorem
761 4279 927 4344 fortunam
952 4279 1116 4343 rediturus
1131 4279 1240 4354 fuerit,
1266 4281 1365 4345 facile
1382 4282 1497 4347 dixeris

179 4370 310 4434 dubiam
333 4371 386 4434 vel
410 4371 542 4434 nullam.
560 4406 603 4413 —
627 4369 793 4444 Quatenus
813 4390 890 4433 vero
915 4369 946 4431 in
971 4369 1043 4432 aliis
1066 4369 1252 4449 regionibus
1276 4371 1355 4435 talis
1379 4373 1434 4437 lex
1450 4369 1496 4434 vel

179 4460 379 4523 consuetudo
410 4459 558 4540 legitima
589 4479 652 4521 non
682 4458 777 4538 plene
805 4459 896 4538 viget
927 4457 982 4535 (cf.
1008 4457 1190 4527 Sabetti,
1218 4460 1388 4543 Compcud.
1414 4463 1495 4526 theol.

182 4570 256 4613 ruer.
287 4570 316 4612 n.
343 4548 438 4628 463),
471 4553 606 4612 catenus
631 4546 787 4626 obligatio
812 4547 978 4611 exstincta
1001 4546 1112 4609 haberi
1137 4548 1249 4626 nequit
1273 4548 1335 4611 nisi
1360 4571 1403 4614 ex
1427 4571 1496 4614 con·

181 4636 354 4701 donatione
379 4637 575 4701 creditorum
600 4635 669 4699 sive
694 4655 847 4717 expresse
872 4636 1038 4699 declarata
1066 4636 1135 4699 sive
1159 4635 1339 4717 prudenter
1362 4642 1494 4722 sumptu.
