3106 5168
236 291 390 346 Translatio
409 291 459 345 iur.
477 308 504 361 p.
523 293 679 345 contractus
699 319 732 326 -
751 293 837 344 contr.
856 290 998 346 adiunctas
1018 294 1206 346 iuramentum.
1315 297 1380 362 419

58 468 214 533 emissum
235 467 454 533 iuramentum
484 467 632 532 revocari
664 488 721 532 seu
745 467 885 532 rescindi
907 468 1045 551 amplius
1071 491 1136 534 non
1159 469 1271 553 possit,
1297 492 1379 548 cum,

58 557 243 623 iuramento
266 578 330 621 non
354 557 499 634 adiecto,
527 556 559 621 id
590 556 795 622 contrahenti
824 556 858 621 in
880 556 942 623 tali
964 562 1136 624 contractu
1159 560 1379 641 permittatur.

59 646 111 712 Ita
134 649 187 710 ius
209 647 298 711 Rom.
323 645 356 709 in
385 645 603 710 reverentiam
633 644 805 711 iuramenti
839 644 964 727 aliquot
987 650 1190 724 contractus,
1222 649 1304 713 alias
1328 670 1380 713 re-

58 734 255 813 sciudibilcS,
280 734 406 799 adiecto
429 733 613 799 iuramento
628 734 676 799 ita
698 736 809 799 firmos
826 755 898 798 esse
920 735 1035 812 voluit,
1060 741 1097 802 ut
1119 736 1378 802 rescindibilitati

58 829 149 889 esset
184 823 423 898 renuntiatum,
464 827 716 905 contractusque
755 844 794 888 eo
824 823 895 907 ipso
926 825 1039 889 firmus
1069 824 1246 890 exsisteret
1280 826 1381 891 etiam

57 934 167 978 coram
192 912 266 994 lege
289 916 324 978 et
345 911 379 976 in
402 911 529 979 iudicio.

148 1001 344 1067 Recentiora
368 1001 439 1065 iura
462 1002 542 1066 haec
565 1002 672 1065 solent
700 1000 852 1066 omittere
876 1006 975 1083 atque
989 1000 1164 1067 iuramenti
1180 1002 1283 1068 additi
1300 1003 1381 1068 obli-

57 1090 225 1173 gationem
248 1090 308 1155 soli
333 1089 550 1155 conscientiae
574 1089 766 1171 relinquere.

148 1197 187 1265 R.
212 1199 242 1263 3.
291 1196 342 1261 Ex
364 1200 485 1262 natura
507 1194 608 1275 igitur
630 1194 678 1259 rei
701 1196 919 1261 iuramentum
943 1200 1032 1261 certo
1056 1197 1166 1262 facere
1190 1200 1316 1280 potest,
1342 1201 1442 1262 ut829

58 1284 233 1350 conventio
257 1284 383 1366 aliqua,
413 1283 447 1348 in
478 1305 542 1365 qua
565 1283 740 1348 secundum
765 1284 855 1366 leges
878 1285 931 1349 vel
955 1285 1221 1352 consuetudinem
1243 1286 1380 1352 libertas

57 1374 232 1439 recedendi
254 1395 313 1457 pro
337 1377 427 1438 certo
455 1377 602 1455 tempore
626 1372 836 1454 relinquitur,
867 1373 979 1439 statim
1012 1374 1159 1441 libertati
1189 1374 1380 1441 alterutrius

58 1462 283 1529 contrahentis
306 1461 537 1538 subtrahatur,
568 1466 667 1542 atque
691 1463 760 1526 solo
784 1482 943 1526 consensu
966 1471 1073 1529 mutuo
1097 1463 1196 1530 liceat
1218 1485 1290 1529 eam
1314 1464 1381 1528 dis·

57 1553 197 1618 solvere.
244 1551 345 1633 (Nam
367 1572 409 1616 ne
432 1551 650 1616 iuramentum
675 1550 804 1632 quidem
828 1550 953 1629 obstat,
984 1551 1061 1633 quin
1084 1557 1197 1617 mutuo
1221 1573 1379 1618 consensu

57 1645 248 1707 contractus
271 1640 435 1717 solvatur,
459 1639 618 1721 siquidem
641 1639 674 1703 in
697 1640 800 1704 solum
826 1639 961 1705 alterius
985 1641 1209 1706 contrahentis
1231 1642 1380 1708 favorem

57 1731 145 1795 alter
168 1730 386 1795 iuramentum
408 1727 637 1812 praestiterit.)

147 1818 225 1883 Dixi
255 1841 318 1884 noa
347 1821 440 1884 licere
473 1817 720 1882 conventionem
751 1817 821 1882 sine
850 1821 963 1882 mutuo
996 1839 1154 1884 consensu
1185 1818 1378 1896 dissolvere;

57 1929 134 1972 nam
159 1908 191 1971 in
215 1907 324 1989 rigore
347 1908 374 1971 si
399 1928 441 1971 ex
464 1907 537 1988 lege
560 1906 604 1970 sit
626 1905 773 1970 solubilis
801 1909 900 1987 atque
924 1905 1055 1989 reipsa
1078 1912 1193 1974 contra
1215 1909 1381 1974 iuramen-

56 2002 128 2062 tum
152 1996 360 2072 dissolvatur,
377 1995 593 2060 iuramentum
611 1994 740 2076 quidem
756 1993 907 2072 violatur,
932 2000 968 2060 at
983 1996 1173 2062 dissolvitur
1196 1997 1378 2064 conventio.

57 2084 277 2150 Nihilominus
301 2083 457 2165 obligatio
482 2083 702 2149 conscientiae
725 2089 776 2150 est
792 2085 844 2148 vel
861 2083 1087 2166 redintegrare
1111 2087 1326 2162 contractum,
1351 2087 1380 2151 si

57 2173 213 2258 possibile
236 2174 296 2251 sit,
328 2175 380 2238 vel
411 2174 563 2238 damnum
597 2172 693 2237 alteri
724 2176 873 2237 exortum
898 2173 1073 2238 resarcire:
1098 2173 1242 2255 alioquin
1265 2179 1380 2241 contra

58 2264 197 2328 alterum
223 2261 437 2329 committitur
458 2260 628 2339 iniustitia,
654 2261 708 2342 qui
731 2282 789 2345 per
812 2260 1058 2345 promissionem
1081 2261 1142 2327 sibi
1166 2262 1305 2328 iuratam
1329 2263 1380 2329 ius

59 2351 243 2433 acquisivit.

147 2450 186 2515 R.
211 2451 241 2515 4.
288 2448 322 2514 si
346 2452 533 2514 contractus
556 2448 662 2513 nullus
686 2468 744 2512 seu
766 2446 929 2512 invalidus
952 2452 1004 2513 est
1026 2448 1079 2513 vel
1102 2452 1222 2514 natura
1243 2449 1297 2514 vel
1320 2471 1380 2533 po-

57 2538 157 2605 sitiva
180 2538 270 2620 lege,
301 2538 398 2619 idque
421 2538 485 2615 ita,
511 2542 547 2603 ut
571 2536 667 2602 alteri
691 2536 954 2602 contrahentium
976 2536 1027 2602 ius
1050 2537 1215 2620 obligandi
1239 2539 1380 2605 alterum

57 2628 222 2692 sublatum
246 2627 305 2693 sit:
328 2626 556 2701 iuramentum,
581 2626 608 2691 si
632 2625 720 2691 licite
744 2630 778 2690 et
802 2625 909 2691 valide
932 2626 1002 2690 fieri
1025 2627 1139 2710 possit,
1163 2626 1276 2708 nequit
1299 2628 1380 2693 obli-

57 2716 223 2799 gationem
247 2715 427 2799 producere
451 2715 513 2779 nisi
536 2716 636 2779 solius
660 2714 843 2797 religionis,
868 2736 932 2779 non
955 2714 1101 2781 iustitiae
1125 2737 1205 2798 erga
1228 2717 1378 2783 alterum.

147 2831 201 2895 Au
224 2850 415 2906 quaasrruu
446 2832 484 2893 2¹⁰
515 2829 553 2895 lt.
581 2832 608 2894 1.
656 2830 708 2894 Ex
730 2828 787 2907 iis,
819 2850 902 2911 quae
933 2829 1047 2895 ultimo
1078 2831 1150 2895 loco
1181 2831 1270 2896 dicta
1291 2835 1441 2909 sunt,830

57 2925 153 3003 patet
176 2920 252 2984 hoc:
283 2918 417 2995 Quando
441 2919 494 2983 vel
518 2923 637 2984 natura
660 2917 707 2982 rei
731 2917 782 2982 vel
807 2917 863 2983 lex
886 2918 1027 3001 positiva
1051 2919 1177 2997 obstat,
1208 2919 1379 3000 quominus

57 3009 123 3085 ille,
149 3030 285 3090 quocum
311 3006 524 3083 contrahitur,
548 3007 598 3071 ius
614 3006 700 3070 illius
716 3007 773 3080 rei,
799 3007 838 3070 de
862 3028 924 3089 quo
942 3007 974 3071 in
990 3013 1160 3074 contractu
1177 3008 1377 3086 convenitur,

57 3097 163 3182 possit
194 3097 378 3179 acquirere:
411 3096 567 3178 obligatio
599 3095 772 3161 iuramenti
803 3116 861 3179 per
891 3100 1088 3178 potestatem
1125 3096 1377 3162 ecclesiasticam

58 3209 100 3252 ex
123 3187 211 3252 iusta
234 3207 334 3251 causa
363 3185 486 3251 remitti
516 3189 635 3267 potest.
683 3184 844 3250 Videlicet
878 3189 1015 3267 possunt
1038 3185 1219 3267 generatim
1243 3184 1275 3248 in
1306 3185 1377 3249 foro

58 3275 277 3342 conscientiae
299 3275 484 3340 iuramenta
506 3275 684 3350 remittere,
709 3272 763 3355 qui
786 3278 923 3357 possunt
945 3273 978 3337 in
1002 3274 1088 3340 votis
1112 3273 1310 3357 dispensare.

147 3381 185 3447 R.
212 3384 240 3446 2.
289 3381 321 3445 Si
346 3381 474 3462 quando
498 3385 609 3445 autem
638 3379 694 3445 ille
724 3401 861 3462 quocum
886 3380 1089 3445 contrahitur
1120 3383 1170 3446 ius
1200 3383 1376 3467 acquisivit,

57 3471 259 3535 solummodo
283 3491 326 3534 ex
348 3469 501 3551 graviore
525 3490 639 3546 causa,
672 3490 714 3533 ex
737 3490 801 3550 qua
830 3469 935 3553 possit
964 3469 1144 3534 auctoritas
1174 3470 1304 3553 publica
1326 3469 1378 3534 ius

56 3559 223 3644 privatum
254 3559 483 3640 exstinguere,
516 3558 626 3623 licebit
649 3558 681 3623 S.
705 3558 854 3624 Pontifici
879 3580 951 3623 curn
974 3558 1069 3623 unius
1092 3559 1162 3624 iure
1184 3558 1240 3624 illo
1265 3559 1377 3641 acqui·

56 3649 121 3714 sito
155 3647 290 3713 alterius
323 3647 422 3713 etiam
454 3646 629 3712 iuramenti
664 3647 896 3728 obligationem
928 3647 1148 3730 exstinguere.
1181 3685 1225 3692 -
1257 3648 1376 3725 Quodsi

56 3741 178 3819 agatur
193 3737 233 3801 de
255 3758 301 3813 re,
325 3758 409 3818 quae
425 3736 588 3820 pertineat
613 3736 653 3801 ad
672 3739 870 3820 potestatem
887 3736 1031 3802 civilem:
1061 3737 1124 3803 duo
1140 3737 1236 3814 modi,
1261 3738 1378 3819 quibus

56 3825 231 3892 iuramenti
255 3825 410 3908 obligatio
434 3826 597 3903 solvatur,
622 3825 793 3908 possibiles
816 3829 901 3892 sunt.
949 3825 1110 3891 Videlicet
1133 3831 1191 3893 aut
1216 3827 1248 3908 1)
1273 3827 1378 3892 civilis

56 3915 239 3982 auctoritas
269 3936 341 3979 oum
365 3915 460 3979 unius
483 3914 561 3979 iuris
592 3914 743 3997 acquisiti
766 3914 984 3981 exstinctione
1014 3915 1164 3980 similiter
1194 3915 1288 3980 simul
1318 3938 1376 3980 ex-

56 4005 227 4086 stinguere
250 4009 360 4087 potest
390 4003 526 4068 alterius
555 4003 728 4069 iuramenti
760 4003 989 4086 obligationem
1021 4008 1136 4088 utpote
1160 4005 1375 4070 accessoriam

55 4093 140 4175 (fere
163 4093 249 4159 sicut
271 4093 326 4157 ille
350 4093 546 4159 contrahens
577 4093 631 4174 qni
662 4093 762 4157 libere
792 4094 960 4159 renuntiat
989 4092 1051 4157 iuri
1081 4114 1140 4176 per
1171 4097 1374 4158 contractum

55 4182 247 4265 acquisito);
279 4187 337 4247 aut
367 4183 401 4262 2)
432 4182 596 4247 exstincta
626 4182 771 4248 iustitiae
801 4182 999 4264 obligatione
1026 4203 1085 4265 per
1107 4185 1304 4264 potestatem
1330 4182 1374 4245 oi-

55 4273 172 4350 vilem,
203 4270 339 4353 quilibet
361 4271 460 4335 iudex
484 4271 723 4336 ecclesiasticus
749 4272 800 4335 vel
825 4271 1042 4337 confessarius
1065 4271 1136 4346 ille,
1167 4270 1222 4352 qui
1245 4293 1265 4334 a
1289 4270 1375 4334 votis

53 4361 161 4446 possit
183 4360 383 4444 dispensare,
408 4365 517 4443 potest
539 4359 706 4441 religionis
730 4360 960 4442 obligationem
984 4359 1161 4424 remittere.

145 4466 183 4532 R.
209 4468 240 4531 3.
286 4464 505 4530 luramentum
524 4469 633 4530 manet
649 4465 802 4529 inefficax
818 4486 838 4528 a
854 4464 1020 4548 principio,
1038 4463 1166 4545 quando
1188 4466 1375 4528 contractus

55 4577 120 4621 non
143 4556 248 4621 solum
270 4553 449 4629 invalidus,
474 4554 531 4618 sod
556 4554 653 4618 otiam
677 4555 854 4637 prohibitas
880 4558 947 4630 est,
979 4558 1037 4618 aut
1060 4552 1187 4633 quando
1212 4551 1374 4617 iuramen-

54 4650 125 4712 tum
149 4665 192 4709 ex
213 4664 323 4709 errore
338 4642 500 4726 procedit:
526 4642 624 4724 (quod
641 4642 711 4707 fieri
726 4646 845 4725 potest,
870 4642 897 4706 si
914 4641 986 4724 quis
1002 4641 1164 4706 inducitur
1188 4642 1229 4706 ad
1253 4642 1375 4708 adden·

1108 4744 1161 4798 27*
