3106 5168
178 281 220 344 22
683 275 723 329 De
741 275 848 330 actibus
866 274 1000 330 humanis.

179 453 259 520 calis
282 457 445 521 occultatio
469 476 527 520 seu
550 475 613 519 ιιοιι
635 455 743 538 polam
765 453 856 536 facto
876 453 1042 538 professio.
1090 451 1154 517 Sed
1177 452 1273 517 fidem
1296 451 1405 535 palam
1430 473 1509 535 pro·

179 543 266 610 fiteri
288 564 353 609 non
369 547 421 609 est
436 546 647 628 praeceptum
663 541 749 624 quod
772 561 901 624 semper
917 540 1056 622 obliget3
1080 540 1187 605 minus
1202 540 1303 607 etiam
1321 541 1509 624 propalatio

179 637 287 699 status
311 633 480 698 clericalis,
524 631 639 713 Neque
663 631 738 695 illae
762 629 1038 708 circumstantiae,
1063 629 1149 711 quod
1172 630 1236 695 iter
1258 629 1452 695 instituatur
1473 629 1510 695 in

178 722 312 804 regiona
336 721 600 797 acatholicorum,
623 740 683 804 pro
706 719 762 784 illo
786 724 933 802 tempore
957 738 998 784 ex
1020 739 1057 784 se
1080 719 1252 802 imponunt
1273 718 1363 784 illam
1380 719 1509 801 obliga·

179 810 310 878 tionem.
349 810 456 888 Quare
471 810 504 875 in
519 811 582 875 hac
597 808 815 874 occultatione
839 812 874 873 in
898 830 931 873 sc
953 812 1104 892 spectata
1120 808 1210 873 nulla
1225 811 1277 873 est
1295 807 1377 889 legis
1393 807 1508 886 laesio,

179 899 242 964 nisi
264 898 350 966 forte
373 899 416 966 sit
441 902 475 965 ia
498 899 589 965 modo
613 896 798 964 occultandi
821 900 855 962 ιι
877 896 911 961 in
934 896 1048 961 mediis
1072 895 1236 962 adhibitis.

268 1004 306 1071 R.
325 1008 355 1070 2.
394 1004 503 1070 Madia
518 1002 666 1069 adhibita
680 1007 773 1070 sunt:
798 1023 874 1068 esus
898 1003 1005 1068 carnis
1021 1003 1133 1068 diebus
1150 1002 1378 1081 abstinentiae,
1404 1004 1510 1070 vestis

178 1093 314 1172 laicalis,
340 1093 470 1159 omissio
494 1092 659 1159 breviarii.
701 1092 794 1157 Haec
817 1092 927 1157 omnia
949 1092 1098 1174 obligent
1121 1111 1162 1157 ιιι
1186 1092 1259 1175 legs
1282 1092 1425 1157 humana
1447 1113 1509 1177 po·

179 1182 222 1248 sit
223 1183 288 1249 iva.
335 1182 486 1265 Ideoque,
512 1181 539 1246 si
562 1202 641 1247 vere
661 1204 759 1266 proco
782 1181 961 1265 periculum
984 1181 1214 1258 Medardo,t
1177 1186 1214 1248 ιιι
1237 1186 1353 1265 postea
1376 1182 1508 1261 accidit,

178 1271 348 1337 immineat
371 1292 413 1336 ex
437 1292 476 1336 eo
500 1272 586 1354 quod
610 1276 769 1353 agnoscat
770 1292 809 1334 ur
832 1274 887 1335 cat
872 1270 1014 1335 thelicus
1037 1270 1090 1335 vel
1114 1270 1283 1348 sacerdos,
1314 1270 1406 1353 leges
1430 1271 1509 1337 illae

178 1381 244 1425 non
281 1361 438 1443 obligant.
501 1360 597 1426 Solae
632 1381 674 1425 au
676 1364 743 1426 tem
774 1358 942 1453 irrisiones
974 1361 1065 1425 leves
1096 1359 1282 1442 similesque
1312 1359 1510 1426 vexationes

179 1471 244 1515 non
269 1453 438 1516 excusant

267 1547 453 1612 Difficultas
477 1547 622 1612 solat
571 1551 622 1612 est
632 1596 639 1623 ,
663 1568 740 1611 num
764 1545 850 1612 forte
873 1566 916 1610 ex
938 1565 976 1610 eo
1001 1546 1086 1626 quod
1110 1566 1226 1610 carnes
1250 1546 1327 1612 edat
1312 1550 1343 1623 t,
1371 1567 1408 1611 ιι
1431 1568 1509 1630 pro-

179 1638 314 1702 fiteatur
336 1635 563 1702 acatholicum.
610 1635 647 1700 Id
671 1635 755 1700 enim
783 1656 959 1717 numquam
982 1635 1076 1713 licet,
1107 1656 1180 1700 cum
1204 1634 1248 1700 sit
1271 1640 1409 1702 externa
1433 1635 1508 1701 fidei

180 1725 322 1807 negatio.
370 1725 434 1791 Sed
457 1746 493 1790 re
516 1745 596 1789 vera
619 1725 741 1790 multae
765 1728 902 1808 possunt
925 1744 997 1788 esse
1021 1744 1156 1801 causae,
1185 1745 1242 1788 cur
1265 1723 1383 1807 aliquis
1407 1723 1510 1791 etiam

2 1888 3 1893 ἵ
180 1813 293 1879 diebus
317 1814 535 1880 abstinentiae
558 1833 674 1879 carnes
697 1813 774 1880 edat
798 1817 832 1879 et
855 1833 971 1878 carnes
987 1812 1083 1877 edere
1099 1812 1129 1877 ei
1153 1812 1261 1878 liceat.
1301 1812 1509 1898 Quapropter

180 1924 245 1968 non
267 1903 363 1969 adest
385 1904 453 1968 ulla
475 1902 549 1967 fidei
573 1901 723 1985 negatio;
754 1908 853 1984 atque
877 1902 962 1984 quod
992 1901 1065 1979 alii,
1097 1900 1151 1983 qui
1175 1901 1366 1968 Medardum
1391 1924 1509 1969 carnes

180 1993 331 2057 edentem
347 1992 470 2069 vident,
494 1991 734 2057 rationabiliter
756 1992 900 2057 iudicare
925 1995 1071 2074 possunt,
1095 1990 1175 2055 illud
1191 1997 1243 2058 est
1266 2012 1331 2057 non
1354 1996 1508 2060 constare

180 2081 372 2147 Medardum
395 2102 468 2146 esse
492 2080 696 2148 catholicum.

135 2195 171 2247 43
269 2186 308 2253 R.
333 2188 363 2254 3.
406 2187 529 2251 Verum
554 2208 626 2252 cum
655 2184 862 2250 nihilominus
886 2185 1003 2250 alicubi
1026 2173 1241 2251 Medardus'
1232 2207 1265 2250 ιιι
1289 2184 1508 2270 suspicionem

180 2275 326 2340 veniate
278 2274 469 2342 tetiubeat
455 2281 509 2342 tur
521 2274 603 2340 feria
619 2279 715 2340 sexta
732 2295 847 2340 carnes
864 2274 969 2354 edere,
987 2278 1024 2340 ut
1040 2276 1156 2359 probet
1172 2296 1207 2340 se
1224 2296 1288 2340 non
1304 2296 1377 2340 esse
1393 2276 1508 2342 catho-

180 2364 295 2429 licum:
328 2363 361 2428 id
393 2385 474 2430 sane
504 2363 676 2430 iubetur
667 2385 700 2428 ιιι
733 2363 841 2428 odium
865 2364 956 2442 fidei,
990 2363 1063 2430 ιι
1054 2364 1151 2429 russis
1184 2365 1412 2448 obtemperare
1445 2365 1509 2432 erit

180 2459 319 2519 externa
341 2453 415 2518 fidei
440 2453 571 2534 negatio
595 2473 653 2518 seu
677 2453 907 2536 gravissimum
930 2457 1045 2537 peccat
1047 2475 1101 2518 um
1125 2454 1224 2536 quod,
1249 2453 1395 2537 quolibet
1418 2459 1507 2520 metu

179 2563 239 2627 pos
240 2541 378 2619 thabito,
402 2562 521 2607 οινιιι
544 2542 650 2608 debet.

269 2638 345 2706 (lert
346 2638 549 2704 issimumo
514 2639 575 2722 igit
577 2661 615 2703 ιιι
639 2644 700 2718 est,
676 2639 926 2717 tM,edardum
950 2639 978 2704 si
1002 2639 1080 2705 nihil
1100 2640 1210 2705 dicens
1234 2640 1507 2724 obtemperasset,

180 2728 328 2811 graviter
350 2733 560 2812 peccaturum
583 2728 693 2795 fuisse
741 2728 804 2794 Sed
828 2749 913 2793 nunc
937 2729 1057 2810 requiri
1081 2729 1191 2805 debet,
1223 2751 1301 2794 num
1324 2728 1411 2796 forte
1435 2733 1508 2795 aret

181 2839 240 2883 sua
271 2821 305 2883 et
333 2816 578 2900 interrogantes
600 2817 740 2883 illuserit
769 2821 804 2883 et
833 2822 1003 2901 peccatum
1027 2779 1251 2884 declinaverit.
1276 2818 1396 2883 —Ex
1428 2839 1507 2884 casn

181 2912 334 2973 enarrate
299 2906 449 2973 tvidet
435 2911 490 2973 tur
512 2910 571 2990 pat
572 2927 626 2971 ere
654 2905 756 2971 fuisse
778 2906 925 2971 homines
958 2907 1104 2991 privatos
1127 2907 1200 2972 fidei
1226 2928 1354 2983 osores,
1389 2907 1508 2989 quibus

180 2996 356 3060 Medardus
380 2996 420 3061 de
443 2995 600 3077 religione
623 3016 683 3060 sua
713 3000 765 3061 rat
765 2995 872 3060 ionem
903 2995 1039 3061 reddere
1063 3017 1199 3078 eamque
1226 2997 1334 3079 palam
1359 2996 1508 3079 profiteri

180 3106 244 3150 non
261 3084 451 3158 tenebatur;
477 3105 581 3167 neque
597 3084 704 3149 locum
726 3084 779 3150 hic
800 3085 922 3150 habere
944 3085 1062 3150 thesim
1078 3086 1167 3150 illam
1189 3087 1258 3150 183¹
1274 3086 1316 3150 ab
1333 3085 1443 3151 Innoc.
1461 3085 1507 3151 XI

181 3174 386 3239 damnatam:
415 3173 467 3252 ,Si
490 3195 510 3239 ι
533 3177 700 3258 potestate
723 3173 852 3256 publica
869 3173 940 3256 quis
958 3174 1228 3257 interrogaretur,
1253 3174 1349 3239 fidem
1365 3174 1508 3256 ingenue

181 3263 338 3340 confiteri,
363 3268 400 3329 ut
415 3263 485 3328 Deo
509 3266 544 3328 et
559 3262 632 3327 fidei
652 3263 839 3344 gloriosum,
864 3265 1013 3339 consulo;
1038 3267 1158 3340 tacere,
1183 3269 1220 3330 ut
1243 3265 1508 3347 peccaminosum

180 3373 239 3436 per
261 3372 308 3430 se,
332 3373 396 3417 non
420 3352 570 3418 damno“.
610 3351 786 3417 Medardus
809 3358 919 3418 autem
943 3358 1016 3419 arte
1039 3374 1099 3418 sua
1121 3353 1212 3429 facit,
1237 3358 1275 3420 ut
1297 3373 1373 3418 esus
1397 3353 1508 3418 carnis

181 3440 222 3506 ab
246 3440 310 3505 illis
332 3440 524 3525 procacibus
548 3441 629 3506 viris
652 3443 716 3506 iam
742 3462 805 3506 non
830 3440 934 3524 possit
957 3440 1070 3506 haberi
1093 3463 1151 3526 pro
1175 3442 1269 3523 signo
1293 3442 1508 3526 professionis

181 3529 393 3607 acatholicae,
420 3534 454 3595 et
477 3535 591 3613 aperte
614 3530 761 3595 declarat
783 3551 819 3594 se
841 3551 901 3614 per
923 3551 995 3594 eum
1021 3551 1111 3596 esum
1135 3531 1417 3597 acatholicismum
1442 3553 1507 3598 non

180 3619 336 3703 profiteri.
383 3618 490 3695 Quare
514 3623 592 3702 puto
617 3639 689 3684 enm
712 3619 773 3683 hoc
796 3618 915 3700 agendi
939 3619 1032 3685 modo
1057 3641 1119 3685 non
1144 3641 1309 3704 peccasse.
