3106 5168
143 259 163 323 6
647 253 688 309 De
706 255 812 310 actibus
830 254 964 309 humanis.

231 431 383 490 Mamilius
403 430 474 490 belli
495 432 555 490 dux
582 431 720 490 hostilem
741 432 843 490 urbem
864 428 942 490 omni
963 429 994 488 vi
1015 448 1187 505 expugnare
1209 433 1349 498 conatur,
1380 434 1471 504 atque

141 516 290 571 tormenta
320 510 426 570 bellica
455 510 498 569 ita
520 511 620 585 dirigit
647 515 680 569 ut
708 510 829 588 copiosa
851 510 1007 570 multitudo
1029 510 1118 569 etiam
1139 508 1339 568 innocentium
1361 509 1472 568 civium

141 591 208 650 neci
235 591 443 650 devoveantur.
486 590 609 669 Captum
636 594 738 650 urbem
759 590 900 649 militibus
922 591 973 649 dat
1000 591 1030 648 in
1051 589 1209 667 praedam,
1237 608 1412 664 quamquam
1440 596 1473 649 et

142 671 249 731 caedes
270 676 301 730 et
322 676 425 748 stupra
446 672 597 748 complura
617 671 779 748 praevidet.

143 794 320 866 Qucumruu
342 797 371 853 1ο
396 814 471 872 quae
498 795 539 854 sit
566 795 717 854 distinctio
746 796 825 854 iuter
844 793 1042 853 voluntarium
1064 793 1205 852 directum
1231 798 1262 851 et
1284 792 1470 862 indirectum,

394 875 592 934 voluntarium
614 876 644 934 iu
666 895 698 934 se
720 875 801 934 etin
823 893 914 933 causa
934 878 1066 944 tautum,
1090 873 1289 932 voluntarium
1309 872 1470 949 positivum

396 960 428 1015 et
447 955 628 1032 negativum.

340 1054 371 1112 2ο
396 1054 539 1129 quomodo
559 1052 635 1112 haec
655 1051 824 1112 voluntaria
845 1052 1035 1129 imputentur.

341 1153 371 1210 3⁰
396 1151 465 1227 quid
487 1151 523 1209 ad
545 1151 714 1227 propositos
735 1169 824 1210 casus
845 1150 998 1209 dicendum
1021 1149 1067 1208 sir.

741 1353 876 1420 Solutio.

100 1526 134 1580 10
232 1514 285 1577 Au
308 1532 500 1588 ouausmuu
526 1516 563 1576 1¹¹¹
591 1512 630 1579 R.
657 1516 685 1577 1.
732 1513 884 1597 Nepatiee
912 1514 1127 1578 voluntarium
1157 1512 1189 1577 id
1221 1511 1353 1590 dieitur,
1385 1512 1472 1594 quod

143 1601 319 1685 praevideo
336 1609 516 1666 secuturum
533 1623 575 1666 ex
591 1604 756 1666 ornissione
771 1601 907 1667 alicuius
923 1600 1071 1680 actionis,
1088 1622 1184 1684 quam
1201 1621 1322 1684 ponere
1338 1622 1472 1685 possum

144 1695 178 1756 et
201 1691 319 1767 debe03
342 1694 472 1775 positive
486 1692 703 1756 voluntarium
725 1691 768 1768 id,
793 1691 877 1772 quod
903 1711 955 1755 me
978 1691 1102 1755 sciente
1126 1694 1160 1755 et
1175 1690 1308 1756 volente
1331 1710 1374 1755 ex
1397 1711 1473 1756 mea

143 1779 272 1845 actione
296 1779 409 1844 oritur.

233 1885 272 1952 R.
290 1889 319 1951 2.
356 1885 585 1950 Voluntarium
610 1887 646 1950 in
668 1907 701 1950 se
723 1884 804 1949 illud
827 1884 904 1948 mihi
929 1888 990 1961 est,
1015 1886 1099 1966 quod
1122 1883 1171 1951 ita
1194 1905 1214 1949 a
1237 1905 1289 1948 me
1311 1884 1471 1968 procedit,

145 1974 282 2040 utillud
307 1973 483 2039 secuudum
512 1994 548 2039 se
576 1978 610 2040 et
633 1973 819 2039 immediate
843 1979 997 2057 appetam
1020 1995 1077 2039 seu
1102 1972 1210 2050 velim,
1241 1972 1303 2039 etsi
1327 1973 1471 2040 fortasse

145 2063 210 2129 alia
234 2063 401 2148 complura
431 2061 472 2128 ad
501 2062 582 2127 illud
612 2062 822 2129 obtinendum
845 2063 931 2127 velle
962 2068 996 2129 et
1024 2061 1178 2128 adhibere
1206 2062 1342 2128 debeam
1372 2062 1471 2145 (quae

144 2151 175 2216 in
200 2152 262 2217 hoc
285 2173 362 2218 casu
386 2152 485 2218 etiam
502 2151 610 2217 omnia
625 2156 793 2233 tamquam
809 2150 917 2217 media
932 2151 1118 2218 voluntaria
1133 2155 1210 2217 sunt
1232 2151 1266 2217 in
1289 2151 1349 2234 se).
1386 2151 1471 2217 Huic

145 2240 319 2325 opponitur
333 2240 554 2306 voluntarium
575 2243 609 2306 ie
626 2262 724 2306 ceusu
741 2248 882 2305 tontum:
905 2240 951 2306 sic
970 2240 1056 2306 enim
1072 2239 1192 2305 dicitur
1207 2241 1353 2318 effectus,
1374 2261 1471 2322 quem

143 2334 276 2414 praeter
306 2329 405 2395 alium
436 2329 587 2395 effectum
618 2351 659 2394 ex
690 2350 763 2395 mea
793 2329 921 2395 actione
944 2331 997 2395 vel
1027 2329 1201 2396 omissione
1230 2334 1398 2411 tamquam
1428 2349 1470 2394 ex

145 2440 246 2484 causa
268 2423 455 2485 secuturum
472 2417 602 2501 quidem
626 2439 698 2483 esse
721 2418 914 2501 praevideo;
939 2422 976 2485 at
999 2439 1093 2500 quem
1118 2438 1179 2501 ego
1202 2438 1266 2483 non
1284 2417 1359 2483 volo
1383 2418 1471 2500 (cum

144 2507 243 2574 velim
266 2508 370 2573 solum
393 2506 485 2573 illurn
509 2507 608 2573 alium
625 2508 787 2585 effectum,
812 2508 865 2589 qui
888 2506 986 2574 etiam
1006 2528 1047 2573 ox
1066 2527 1139 2572 mee
1158 2505 1287 2572 actione
1303 2508 1356 2572 vel
1373 2507 1472 2573 omis-

144 2598 236 2663 sione
259 2597 439 2680 sequatur).

234 2695 367 2774 Verum,
385 2699 421 2760 ut
437 2715 515 2760 mox
530 2693 753 2777 explicaturus
769 2714 851 2770 sum,
871 2692 898 2758 si
915 2693 1019 2759 solam
1035 2692 1171 2758 alicuius
1187 2694 1322 2758 effectus
1338 2714 1471 2759 eausam

145 2785 230 2860 volo,
255 2805 317 2848 non
343 2784 493 2849 effectum
518 2782 551 2848 in
574 2804 620 2861 se,
644 2783 849 2848 voluntarius
872 2781 927 2847 ille
950 2781 1028 2846 mihi
1051 2788 1141 2848 recte
1165 2803 1229 2846 non
1253 2782 1381 2859 dicitur,
1409 2781 1472 2847 nisi

145 2877 279 2956 propter
301 2871 392 2937 illum
416 2873 568 2937 effectum
592 2875 789 2948 secuturum,
821 2892 894 2936 enm
917 2871 1022 2938 malus
1046 2871 1099 2949 sit,
1124 2873 1252 2938 debeam
1277 2892 1298 2936 a
1321 2871 1473 2956 ponenda

144 2962 210 3028 ista
233 2982 332 3026 eausa
356 2961 530 3026 abstinere.

56 3132 60 3141 .
103 3085 133 3138 11
234 3067 273 3133 R.
299 3070 329 3133 3.
376 3065 606 3132 Voluntarium
641 3067 795 3131 directum
827 3070 862 3130 et
892 3068 1082 3132 indirectum
1115 3087 1179 3131 non
1213 3087 1325 3132 omues
1357 3065 1472 3130 eodem

146 3155 242 3222 modo
273 3155 477 3238 distinguunt
534 3155 617 3220 Aliis
647 3156 728 3220 haec
759 3153 923 3220 distinctio
951 3155 1065 3220 eedem
1095 3160 1147 3221 est
1177 3160 1276 3238 atque
1305 3154 1472 3220 distinctio

145 3244 232 3311 iuter
255 3244 431 3329 positivum
462 3249 496 3309 et
523 3243 723 3326 negativum,
754 3243 803 3310 ita
832 3248 870 3310 ut
899 3244 1056 3311 indirecto
1085 3244 1162 3309 mihi
1187 3243 1407 3311 voluntarium
1438 3243 1472 3308 id

146 3354 241 3399 omne
265 3338 299 3399 et
320 3333 353 3398 id
376 3334 480 3398 solum
498 3333 635 3409 dicatur,
660 3332 751 3397 cuius
775 3353 817 3397 ex
840 3354 913 3398 mee
937 3333 1110 3399 omissione
1129 3355 1229 3399 causa
1247 3333 1321 3409 sim;
1347 3333 1472 3399 directo

145 3421 376 3499 voluntarium,
401 3422 486 3504 quod
510 3444 530 3488 a
558 3425 696 3508 positive
719 3442 793 3489 mea
815 3423 987 3489 voluntate
1014 3423 1170 3507 procedit.
1213 3423 1277 3488 Alii
1305 3421 1472 3507 potiusid

148 3513 264 3576 directe
292 3510 371 3577 mihi
401 3514 615 3578 uoluntarium
637 3515 767 3588 vocant,
793 3511 878 3592 quod
907 3512 940 3576 iu
970 3532 1006 3576 se
1036 3517 1201 3595 sumptum
1231 3510 1302 3592 (seu
1333 3509 1472 3592 directe)

146 3601 221 3666 volo
245 3603 344 3682 atque
368 3622 388 3666 a
410 3621 484 3666 mea
507 3600 577 3665 sive
600 3598 743 3683 positiva
764 3600 892 3666 actione
915 3600 986 3665 sive
1009 3621 1083 3665 mee
1106 3600 1279 3666 omissione
1302 3605 1472 3683 tamquam

147 3710 246 3755 causa
270 3689 448 3773 dependet3
479 3692 643 3773 indirecte,
667 3689 753 3771 quod
784 3710 847 3754 non
877 3690 952 3754 volo
981 3688 1015 3753 in
1044 3710 1090 3767 se,
1121 3689 1178 3754 sed
1208 3690 1312 3755 solum
1342 3689 1375 3753 in
1406 3689 1472 3755 alio

146 3783 314 3860 tamquam
344 3778 377 3842 in
408 3799 509 3843 causa
538 3777 608 3842 sive
638 3777 781 3861 positiva
804 3777 874 3842 sive
897 3777 1063 3860 negativa,
1088 3799 1185 3860 quam
1208 3777 1341 3845 intendo
1372 3782 1472 3845 etex

146 3889 211 3950 qua
234 3867 312 3932 illud
337 3872 524 3933 secuturum
549 3867 734 3950 praevideo.
774 3866 821 3932 Cf.
846 3866 966 3932 Frins
989 3867 1009 3933 l.
1030 3888 1057 3933 c.
1082 3889 1112 3935 u.
1140 3869 1201 3933 180
1218 3888 1305 3950 sqq.;
1331 3867 1472 3932 Walsh

146 3957 167 4023 l.
185 3978 211 4022 e.
235 3978 267 4021 u.
289 3957 331 4021 88
348 3977 418 4038 sqq.

235 4060 274 4126 R.
299 4064 329 4126 4.
377 4060 547 4126 Vocantur
577 4062 687 4124 eutem
716 4060 763 4125 illi
794 4062 944 4140 effectus,
978 4060 1077 4126 etiam
1111 4084 1131 4128 a
1163 4083 1215 4126 me
1247 4083 1311 4126 non
1342 4062 1473 4146 proprie

146 4149 264 4215 intenti
288 4150 341 4215 vel
372 4172 392 4216 a
422 4171 473 4215 me
496 4147 627 4233 proprie
657 4170 720 4213 non
745 4149 870 4215 causati
900 4150 941 4232 (si
965 4150 1118 4216 videlicet
1141 4152 1341 4216 solummodo
1372 4173 1392 4216 a
1419 4172 1472 4216 me

147 4243 350 4321 non-agente
381 4238 548 4322 pendent),
581 4236 656 4302 mihi
687 4238 895 4304 nihilominus
924 4243 1106 4323 sciciderit,
1138 4240 1214 4322 quia
1245 4242 1350 4325 aliquo
1380 4243 1474 4306 modo

147 4350 203 4394 seu
228 4327 261 4392 in
285 4327 400 4393 morali
425 4327 653 4394 aestimatione
676 4327 754 4393 mihi
777 4334 944 4411 tamquam
970 4350 1089 4395 causae
1113 4329 1247 4396 attribui
1277 4335 1415 4412 possunt
1438 4335 1473 4395 et

147 4417 408 4591 debelllidelicet
433 4513 460 4579 si
483 4513 563 4579 nihil
587 4535 659 4595 ago,
685 4536 749 4579 uon
766 4537 837 4579 sum
855 4535 954 4580 causa
969 4515 1099 4598 proprie
1116 4515 1221 4592 dicte;
1246 4515 1303 4580 sed
1322 4516 1349 4580 si
1366 4516 1474 4582 sciens

148 4606 183 4668 et
205 4603 320 4668 volens
342 4603 491 4669 abstineo
522 4603 563 4669 ab
594 4604 732 4685 agendo,
764 4624 835 4668 cum
864 4604 1001 4669 debeam
1031 4625 1141 4687 egere,
1171 4605 1268 4687 idque
1297 4610 1474 4689 propterea
