3106 5168
503 271 620 324 Actuum
639 269 817 325 humanorum
836 270 984 325 moralitas.
1365 276 1406 341 25

78 444 133 509 vel
150 443 345 511 difformitas
369 447 410 512 ab
427 468 476 525 eo,
501 451 600 529 atque
624 448 740 513 relatio
765 448 817 513 vel
841 446 1052 514 referibilitas
1076 448 1118 512 ad
1134 449 1230 513 finem
1246 450 1407 516 ultimum.

79 532 170 610 Quae
194 533 358 602 obiectiva
381 535 551 602 moralitas
574 541 612 602 ut
634 537 816 603 subiectiva
839 538 906 615 fiat,
931 537 1029 603 debet
1044 558 1065 602 a
1081 536 1252 605 voluntate
1275 541 1406 605 assumi.

168 639 209 706 R.
236 642 266 706 2.
312 641 452 708 Diversa
475 646 607 708 actuum
631 643 845 707 humanorum
869 642 1039 708 moralitas
1062 643 1184 727 pendet
1217 643 1248 726 1)
1272 644 1314 709 ab
1336 645 1407 729 ipso

79 727 209 794 obiecto
233 729 321 795 circa
343 731 430 812 quod
453 737 547 797 actus
570 735 731 808 versatur,
757 732 791 815 2)
815 753 836 796 a
859 730 1123 810 circumstantiis
1148 731 1182 812 3)
1206 753 1225 798 a
1249 735 1322 800 fine.

170 817 280 884 Primo
304 819 410 902 ipsum
439 822 588 886 obiectum
618 820 787 904 specificat
812 825 938 897 actum,
970 825 1004 886 et
1026 826 1188 902 qnatenus
1211 822 1331 887 bonum
1355 822 1408 888 vel

77 906 203 972 malum
227 911 289 986 est,
313 908 409 974 huius
424 909 478 974 vel
500 908 587 975 illius
611 908 769 976 bonitatis
786 909 839 974 vel
862 909 1008 975 malitiae
1024 915 1085 985 est,
1109 909 1170 994 ipsi
1187 911 1275 978 actui
1292 913 1408 976 volun·

78 995 161 1062 tatis
185 996 273 1062 circa
296 997 458 1064 obiectum
486 998 566 1063 illud
589 998 736 1065 versanti
760 998 924 1064 diversam
948 999 1001 1064 vel
1031 998 1212 1064 bonitatem
1236 1001 1290 1064 vel
1313 1001 1408 1066 mali-

78 1085 159 1152 tiam
184 1085 309 1152 tribuit.

170 1174 253 1240 Dein
286 1176 399 1240 variae
431 1180 607 1243 occurrunt
639 1179 915 1259 circumstantiae,
954 1175 1026 1241 sive
1058 1175 1263 1242 condiciones
1296 1178 1408 1244 variae

79 1263 211 1345 agentis
235 1263 288 1329 vel
318 1263 453 1338 obiecti,
485 1265 555 1330 sive
585 1265 700 1331 modus
730 1265 865 1348 agendi,
896 1265 967 1330 sive
998 1265 1263 1332 circumstantiae
1288 1266 1350 1331 loci
1374 1272 1408 1334 et

78 1353 255 1437 temporis:
279 1374 363 1435 quae
387 1353 608 1420 moralitatem
632 1359 725 1420 actus
748 1353 935 1420 modificare
958 1360 1105 1437 possunt,
1130 1376 1193 1420 non
1213 1356 1298 1437 quod
1321 1377 1407 1421 sem·

79 1461 139 1524 per
163 1462 237 1507 eam
260 1438 456 1509 modificent.

170 1531 309 1596 Demum
330 1533 422 1616 finis,
448 1531 491 1596 ad
514 1553 610 1614 quem
633 1553 736 1615 agens
759 1554 851 1597 suam
875 1531 1039 1598 actionem
1063 1531 1174 1615 dirigit
1197 1553 1256 1597 seu
1279 1555 1320 1598 ex
1345 1554 1408 1615 quo

78 1619 121 1685 ad
145 1620 310 1702 agendum
333 1625 498 1698 movetur,
523 1621 664 1687 maxime
688 1620 855 1704 specificat
877 1625 987 1686 aetum
1010 1621 1179 1688 moralem.
1225 1620 1310 1687 Nam
1334 1622 1409 1687 finis

78 1712 133 1774 est
161 1709 305 1774 maxime
334 1708 383 1785 id,
414 1709 448 1773 in
471 1710 557 1791 quod
587 1710 767 1777 voluntatis
798 1716 892 1777 actus
922 1709 1045 1788 tendit,
1076 1731 1176 1792 aque
1205 1710 1278 1775 finis
1309 1711 1408 1777 etiam

78 1798 230 1863 omnibus
252 1797 292 1862 iis
315 1798 452 1874 actibus,
477 1820 559 1881 quos
583 1799 704 1881 dirigit,
729 1820 848 1864 novam
872 1799 1011 1864 formam
1035 1798 1202 1882 imprimit.

170 1912 224 1977 An
247 1933 438 1989 ouaasrrun
463 1915 502 1977 2¹⁰
525 1913 564 1979 R.
610 1913 723 1996 Longe
754 1913 884 1979 facilins
918 1914 1097 1991 obiectum,
1132 1913 1453 1991 circumstantiae,48

79 2001 170 2080 finis,
200 2000 340 2067 simale
362 2006 455 2079 sunt,
479 2023 571 2067 suam
596 2002 755 2068 malitiam
778 2003 812 2067 in
835 2007 944 2068 actum
969 2001 1219 2080 transfundunt,
1245 2023 1356 2084 quarn,
1381 2003 1408 2068 si

79 2092 166 2157 bona
195 2096 289 2169 sunt,
320 2091 501 2157 bonitatem
525 2091 613 2158 actui
636 2091 884 2157 communicant.
931 2091 1019 2157 Nam
1046 2092 1183 2169 ,bonum
1208 2112 1249 2156 ex
1278 2091 1408 2173 integra

80 2200 199 2257 causa,
230 2179 351 2245 malum
376 2201 418 2244 ex
441 2179 556 2262 quovis
580 2181 742 2246 defectu“.
790 2179 967 2258 Videlicet,
999 2184 1036 2247 ut
1066 2181 1153 2246 actio
1176 2181 1261 2246 bona
1285 2182 1343 2255 sit,
1375 2186 1409 2247 et

80 2268 243 2334 obiectum
261 2272 295 2334 et
311 2268 576 2334 circumstantiae
593 2275 626 2336 et
641 2269 714 2335 finis
731 2271 850 2335 debent
872 2269 1002 2352 singula
1017 2291 1090 2335 esse
1115 2272 1199 2335 bona
1214 2270 1267 2334 vel
1291 2270 1408 2336 saltem

80 2378 145 2423 non
168 2357 266 2423 mala,
306 2357 444 2441 Insuper
459 2364 496 2425 ut
519 2358 605 2424 actui
630 2358 768 2424 hominis
790 2358 919 2425 bonitas
935 2359 1199 2436 communicetur,
1224 2358 1407 2425 debetcum

80 2451 186 2533 ipsam
209 2449 284 2513 velle
313 2467 371 2513 seu
394 2447 580 2521 intendere;
612 2448 695 2513 alias
719 2451 813 2513 aetus
837 2447 1016 2514 bonitatem
1041 2447 1257 2513 materialiter
1279 2451 1409 2513 tantum

80 2536 191 2612 habet,
216 2557 281 2600 non
296 2535 481 2602 formaliter
496 2557 552 2601 seu
570 2537 759 2604 subiective.
795 2536 842 2603 Ut
858 2539 970 2602 autem
988 2536 1075 2603 actio
1099 2537 1187 2602 mala
1209 2536 1262 2614 sit,
1287 2536 1410 2602 sufficit

82 2624 250 2706 quodlibet
273 2626 395 2690 malum
419 2647 590 2690 occurrere
620 2625 690 2690 sive
719 2626 752 2690 in
776 2626 902 2691 obiecto
926 2627 981 2691 vel
1005 2626 1260 2692 circumstantiis
1283 2626 1353 2690 sive
1376 2625 1409 2689 in

81 2716 160 2791 fine;
185 2735 291 2796 neque
307 2735 440 2780 necesse
457 2718 516 2792 est,
536 2720 574 2781 ut
589 2715 711 2779 malum
728 2736 792 2797 qua
808 2716 875 2782 tale
891 2715 1090 2792 intendatur,
1114 2715 1172 2780 sed
1188 2715 1271 2781 satis
1287 2719 1347 2792 est,
1373 2719 1408 2780 ut

82 2806 301 2885 cognoscatur
325 2808 358 2870 et
381 2808 418 2869 ut
441 2803 595 2869 voluntas
619 2804 698 2868 illud
723 2804 880 2871 indirecte
905 2804 958 2870 vel
981 2804 1135 2887 negative
1159 2803 1241 2870 velit
1264 2825 1322 2870 seu
1344 2824 1409 2868 non

82 2893 249 2976 impediet.
296 2892 343 2958 cf.
377 2894 547 2970 Suarez,
579 2895 628 2959 De
659 2895 796 2959 bonitate
827 2902 854 2959 ct
883 2897 1007 2959 inutilia
1039 2902 1166 2959 actuum
1197 2893 1227 2960 d.
1254 2896 1289 2970 7,
1320 2914 1346 2958 e.
1378 2895 1408 2969 8,

84 3003 112 3048 n.
137 2986 246 3064 3eqq.
272 2985 305 3046 et
328 2982 358 3049 d.
384 2984 414 3061 8,
439 3005 465 3048 s.
493 2987 520 3048 1.

171 3095 225 3159 llo
241 3114 432 3170 Quausiruu
449 3098 488 3160 3¹¹¹
512 3095 550 3160 R.
572 3099 598 3159 1.
638 3095 675 3159 ln
699 3095 802 3179 primo
827 3097 978 3179 exemplo
1002 3095 1167 3180 Calpurnii
1191 3095 1277 3161 actio
1301 3115 1408 3160 mora·
1419 3106 1452 3160 49

84 3182 158 3250 liter
187 3184 275 3249 mala
306 3187 367 3249 est.
420 3183 509 3248 Finis
540 3183 667 3265 quidem
700 3185 886 3249 conferendi
917 3185 950 3249 in
981 3185 1052 3268 pias
1083 3205 1198 3250 causas
1228 3184 1262 3248 in
1291 3205 1327 3249 se
1358 3188 1409 3249 est

85 3273 203 3349 bonus,
233 3273 290 3337 sed
313 3273 385 3356 ipsa
408 3273 494 3339 actio
518 3273 728 3338 fraudulenta
752 3295 794 3338 ex
817 3273 945 3339 obiecto
969 3295 1027 3338 suo
1050 3274 1138 3338 mala
1162 3277 1228 3349 est,
1253 3294 1293 3338 ac
1316 3273 1408 3356 proin

85 3366 154 3428 tota
171 3361 258 3428 actio
274 3367 325 3428 est
340 3362 437 3428 mala.
477 3361 569 3438 Quod
591 3362 692 3444 igitur
708 3362 759 3427 vir
773 3363 931 3428 honestus
954 3366 988 3429 et
1011 3363 1174 3428 beneficus
1190 3361 1408 3446 praedicatur,

85 3451 225 3536 speciem
250 3454 421 3517 externam
448 3455 595 3535 spectat,
626 3472 730 3533 neque
761 3472 834 3516 eum
865 3473 974 3517 coram
1006 3451 1206 3517 conscientia
1236 3456 1270 3518 et
1300 3472 1410 3517 coram

85 3541 152 3606 Deo
177 3541 348 3606 honestum
373 3540 509 3604 reddere
532 3545 652 3624 potest.

173 3646 212 3710 R.
238 3648 267 3711 2.
314 3645 470 3712 Similiter
494 3645 698 3710 innocentem
730 3666 788 3728 per
812 3645 987 3728 periurium
1011 3667 1031 3710 a
1054 3666 1160 3728 poena
1183 3646 1323 3710 liberare
1346 3667 1410 3711 non

85 3738 290 3817 potestesse
314 3736 400 3801 actio
423 3735 525 3811 bona,
551 3735 609 3799 sed
633 3739 684 3799 est
708 3735 878 3800 moraliter
900 3735 997 3800 mala.
1044 3734 1133 3799 Finis
1157 3735 1285 3816 quidem
1311 3735 1410 3801 etiam

85 3824 116 3888 in
140 3845 179 3888 eo
203 3844 280 3888 casu
304 3824 498 3901 bonusest,
530 3823 586 3887 sed
611 3823 697 3888 actio
722 3823 794 3906 ipsa
818 3844 860 3887 ex
884 3824 1011 3889 obiecto
1034 3845 1092 3889 suo
1116 3823 1274 3907 pessima3
1305 3845 1411 3906 neque

86 3912 161 3978 licet
184 3913 294 3978 facere
317 3914 413 3990 mala,
439 3917 476 3978 ut
500 3912 654 3978 eveniant
677 3912 771 3978 bona.

174 4018 212 4085 R.
238 4021 268 4085 3.
315 4018 352 4082 ln
376 4017 473 4085 tertio
498 4039 576 4083 casu
600 4039 618 4083 e
643 4018 806 4083 contrario
835 4018 921 4084 actio
952 4040 993 4083 ex
1023 4017 1171 4103 proximo
1201 4040 1260 4084 suo
1285 4019 1410 4084 obiecto

86 4108 170 4173 bona
193 4113 255 4182 est,
279 4108 405 4173 scilieet
427 4108 585 4172 famulum
609 4107 808 4189 indigentem
833 4107 1021 4172 muneribus
1044 4107 1174 4184 donari3
1201 4129 1313 4172 verum
1338 4107 1411 4172 finis

87 4203 135 4264 est
166 4197 288 4275 malus,
319 4218 359 4262 ac
387 4197 480 4280 proin
511 4201 583 4263 tota
607 4197 693 4262 actio
716 4197 813 4263 mala.
861 4196 977 4280 Neque
1000 4196 1090 4262 illam
1114 4217 1285 4262 munerum
1310 4196 1410 4278 largi·

87 4287 207 4352 tionem
231 4286 424 4370 Calpurnius
447 4287 506 4351 sub
530 4284 657 4351 ratione
681 4285 756 4351 boni
779 4286 852 4350 vult
881 4285 939 4350 sed
969 4285 1028 4350 sub
1052 4286 1180 4352 ratione
1204 4285 1298 4362 mali,
1329 4306 1409 4366 qua·

87 4383 181 4442 tenus
205 4375 345 4441 medium
370 4380 421 4442 est
445 4375 607 4440 adfinem
630 4374 752 4439 malurn
775 4375 1051 4458 persequendum
1082 4379 1283 4458 quapropter
1306 4373 1409 4439 omnis

88 4466 215 4531 bonitas
237 4465 279 4530 ab
302 4465 361 4530 illa
383 4465 512 4531 actione
535 4463 675 4531 exsulat.

643 4655 849 4665 ———-.
