3106 5168
659 304 699 361 De
717 305 825 376 legibus
843 304 988 360 Ecclesiae.

757 504 892 572 Salutio.

88 664 154 718 1001
253 647 306 712 Ao
330 669 522 723 ouansrruu
547 652 584 713 1¹¹
607 648 646 714 R.
673 651 702 714 1.
734 648 856 713 Perse
879 648 1050 714 absolvere
1073 667 1138 711 non
1162 649 1272 729 potest
1296 667 1317 711 a
1340 645 1483 711 censuris

164 736 228 801 nisi
250 736 398 820 superior
421 738 475 820 qui
498 736 574 804 tulit
597 737 708 802 eiusve
731 737 894 821 superior,
927 737 955 800 si
978 754 1073 817 quem
1097 735 1213 812 habet,
1244 738 1345 817 atque
1376 757 1483 800 eorum

165 826 346 907 delegatus.
393 826 484 903 Quod
507 831 619 892 tamen
641 825 688 892 sic
711 826 883 907 intellege,
914 830 952 892 ut
974 845 994 889 a
1017 823 1147 890 casibus
1170 824 1223 889 vel
1247 824 1396 889 censuris
1419 825 1483 907 epi·

165 916 349 998 scopalibus
372 916 544 981 absolvere
567 915 670 999 possit
693 914 792 981 etiam
816 913 957 979 vicarius
979 913 1143 996 generalis
1169 918 1203 979 et
1225 913 1485 997 paenitentarius

165 1004 372 1081 cathedralis,
397 1025 417 1069 a
439 1005 610 1088 papalibus
634 1004 665 1072 S.
692 1003 948 1069 Paenitentiaria
970 1003 1024 1067 vel
1047 1003 1079 1069 S.
1104 1002 1263 1068 Officium.

254 1112 293 1176 R.
318 1113 349 1176 2.
397 1111 549 1176 Generali
578 1115 689 1177 tamen
719 1110 834 1192 regula
864 1113 1025 1176 statutum
1049 1114 1144 1174 esta
1172 1108 1354 1173 concilio
1378 1108 1483 1173 Trid.

166 1221 237 1283 cap.
261 1201 373 1266 Liceat
396 1200 447 1280 (6,
472 1220 552 1267 sess.
577 1202 619 1263 24
643 1200 682 1264 de
706 1198 781 1281 ref.)
805 1204 840 1264 et
862 1220 921 1282 per
944 1197 1073 1264 constit.
1098 1200 1296 1283 Apostolicae
1320 1200 1427 1281 Sedis,
1450 1202 1485 1263 ut

166 1289 307 1372 episcopi
331 1288 459 1371 possint
490 1289 523 1353 in
547 1288 674 1354 casibus
705 1287 839 1353 occultis
862 1308 939 1352 suos
961 1286 1109 1352 subditos
1138 1285 1311 1351 absolvere
1334 1287 1407 1351 sive
1428 1308 1485 1369 per

166 1399 201 1442 se
225 1378 296 1442 sive
319 1398 378 1461 per
401 1378 500 1443 alium
516 1377 703 1461 specialiter
719 1377 921 1460 deputatum,
945 1374 1007 1439 nisi
1031 1379 1151 1457 agatur
1166 1375 1205 1438 de
1222 1375 1353 1439 casibus
1369 1379 1485 1460 specic-

162 1469 239 1532 liter
260 1466 408 1531 Romano
434 1465 581 1532 Pontifici
603 1467 791 1531 reservatis.
830 1464 920 1541 Quod
944 1464 991 1530 ita
1014 1464 1284 1546 interpretantur,
1308 1467 1347 1528 ut
1370 1485 1435 1528 non
1453 1463 1484 1527 in

165 1555 303 1635 singulis
323 1555 452 1619 casibus
468 1555 652 1619 necessaria
667 1556 711 1621 sit
727 1554 895 1637 deputatio
911 1575 968 1618 seu
985 1552 1159 1634 delegatio,
1176 1553 1234 1617 sed
1250 1551 1397 1618 sufficiat
1411 1572 1483 1636 spe·

167 1644 260 1709 cialis
283 1644 445 1724 delegatio
470 1644 569 1709 etiam
593 1643 810 1726 compluribus
826 1642 1033 1708 confessariis
1049 1643 1298 1718 communicata,
1323 1662 1390 1723 qua
1413 1661 1485 1724 pos·

167 1733 288 1798 sintin
312 1733 373 1796 hoe
396 1733 449 1797 vel
472 1733 528 1797 illo
551 1753 672 1815 genere
704 1753 875 1798 causarum
905 1732 1086 1799 absolvere.
1110 1731 1252 1796 —Non
1276 1751 1352 1796 rare
1376 1734 1484 1796 tamen

167 1821 200 1884 vi
223 1820 464 1905 privilegiorum
489 1822 631 1888 facultas
654 1822 792 1906 amplior
814 1822 921 1888 datur.

256 1926 294 1993 R.
312 1930 342 1992 3.
382 1927 563 2009 Regulares
579 1928 775 2012 privilegiati
792 1949 813 1993 a
828 1927 999 2012 papalibus
1015 1927 1143 1992 casibus
1159 1925 1331 1991 absolvere
1348 1925 1484 2007 amplius

166 2036 231 2080 non
253 2027 391 2098 possunt
413 2016 476 2081 nisi
498 2019 673 2082 secundum
704 2018 824 2083 limites
853 2015 1098 2101 privilegiorum
1129 2014 1170 2079 ad
1199 2020 1330 2098 tempus
1355 2034 1484 2079 eonces-

166 2125 290 2182 sorum;
315 2110 452 2188 possunt
476 2107 516 2170 ab
539 2106 595 2184 iis,
620 2107 673 2188 qui
697 2110 768 2172 iure
791 2105 953 2171 communi
976 2102 1136 2189 episcopis
1158 2106 1392 2180 reservantur,
1424 2124 1484 2167 non

167 2193 288 2271 abiis,
317 2216 397 2276 quos
422 2195 564 2278 episcopi
587 2196 647 2259 sibi
670 2199 843 2260 reservant
866 2200 900 2260 et
923 2194 978 2276 qui
1001 2215 1096 2259 casus
1118 2191 1280 2258 reservati
1303 2190 1485 2257 dioecesani

168 2289 336 2349 vocantur.
384 2283 416 2347 S.
442 2283 558 2367 Alph.
584 2283 656 2363 VII,
681 2306 711 2350 n.
737 2287 795 2359 99;
824 2285 880 2349 ΤΙι.
904 2306 945 2350 m.
971 2284 1011 2361 ll,
1036 2284 1111 2348 968.

255 2387 295 2453 R.
319 2392 349 2454 4.
396 2388 433 2453 In
457 2388 595 2454 articulo
618 2391 672 2455 vel
698 2389 841 2473 periculo
864 2389 995 2468 mortis,
1020 2410 1092 2454 cum
1117 2391 1225 2453 cesset
1249 2386 1357 2452 omnis
1380 2407 1482 2451 reser-

78 2494 80 2499 ’
168 2477 275 2554 vatio,
308 2476 444 2558 quilibet
474 2478 628 2543 sacerdos
658 2479 828 2543 absolvere
859 2482 968 2561 petest
1001 2499 1021 2542 a
1050 2476 1247 2559 quibuslibet
1277 2476 1424 2542 censuris
1453 2477 1484 2538 et

168 2565 322 2648 peccatis,
346 2565 497 2649 imposito
513 2571 684 2631 tamen—
699 2568 762 2632 nisr
752 2566 897 2649 alioqui
913 2566 1104 2632 absolvendi
1119 2565 1311 2631 facultatem
1327 2565 1484 2630 babet-

167 2676 265 2719 onere
289 2653 322 2718 Ιιι
346 2676 424 2719 casu
448 2655 765 2722 reconvalescentiae
781 2656 967 2721 recurrendi
984 2655 1089 2720 denuo
1113 2655 1155 2720 ad
1178 2655 1382 2756 superiorem
1405 2653 1484 2735 legi·

169 2731 305 2807 timum
308 2742 440 2825 eiusque
464 2744 607 2809 mandat
584 2751 626 2809 trs
650 2745 795 2899 parendi,
819 2745 916 2827 idque
939 2745 998 2809 sub
1022 2765 1127 2828 poena
1141 2743 1374 2808 reincidendi
1365 2765 1398 2808 m
1415 2763 1484 2806 eas·

170 2831 242 2895 dem
267 2853 430 2909 censuras,
456 2834 583 2915 quando
607 2834 677 2914 agit
680 2857 735 2898 ur:
763 2835 794 2917 1)
763 2834 858 2898 lde
882 2835 1009 2898 casibus
1033 2833 1179 2897 Romano
1196 2832 1346 2897 Pontifici
1370 2835 1484 2918 specic-

169 2924 240 2985 litar
263 2923 451 2999 reservatis,
476 2924 529 2986 vel
554 2923 587 3004 2)
612 2923 651 2987 de
676 2925 820 2988 censuris
842 2926 930 3008 prrbl'
920 2946 963 2987 ica
985 2924 1124 3004 inflictis,
1148 2921 1202 2985 vel
1226 2920 1260 3002 3)
1278 2922 1318 2986 de
1342 2921 1484 2986 censuris

169 3011 209 3073 ab
240 3010 390 3093 episeopo
420 3012 452 3074 iu
483 3011 622 3092 aliquem
654 3013 844 3078 nominatim
875 3012 951 3077 latis
982 3012 1105 3092 sibique
1136 3011 1332 3088 reservtais,
1366 3031 1424 3075 seu
1447 3011 1483 3074 de

170 3100 315 3163 censuris
339 3102 378 3164 ab
402 3102 535 3166 laeticiae.
583 3102 629 3167 cf.
658 3104 715 3168 ΤΙι.
739 3125 780 3168 ιιι.
805 3102 845 3176 ΙΙ,
871 3104 944 3166 879.

92 3230 159 3283 1002
258 3213 310 3278 An
334 3235 525 3289 QUAESITUM
550 3218 587 3278 2⁰³
620 3215 657 3278 R.
686 3217 713 3280 1.
760 3215 796 3277 In
821 3213 949 3278 casibus
965 3212 1201 3295 episcopalibus
1224 3212 1401 3277 videndum
1427 3217 1484 3289 est,

168 3324 244 3367 num
276 3304 446 3386 episeopus
471 3325 528 3387 pre
552 3303 715 3386 impeditis
739 3303 882 3385 speciale
905 3301 1027 3383 aliquid
1043 3303 1207 3367 statuerit.
1241 3301 1349 3367 Aliter
1374 3323 1484 3367 norma

169 3392 304 3472 antiqua
320 3394 418 3468 valet,
444 3393 619 3458 secundum
636 3413 732 3473 quam
749 3392 798 3466 iis,
823 3392 878 3473 qui
893 3391 1081 3472 longissimo
1097 3397 1243 3474 tempore
1260 3391 1333 3474 (per
1350 3396 1369 3455 5
1387 3413 1486 3457 annos

169 3485 203 3544 et
226 3480 327 3561 ultra)
352 3483 502 3547 videatur
524 3481 698 3564 impeditus
721 3502 863 3559 manere,
881 3480 1050 3563 quominus
1066 3480 1251 3563 episcopum
1270 3481 1380 3558 adeat,
1405 3502 1486 3545 nunc

170 3569 282 3633 statim
306 3571 431 3634 absolvi
456 3571 559 3652 possit
574 3592 595 3635 a
617 3570 816 3634 confessario
828 3571 897 3634 sine
921 3570 987 3634 ullo
1011 3589 1118 3646 onere,
1144 3570 1204 3633 nisi
1230 3572 1315 3635 forte
1340 3591 1394 3634 res
1418 3571 1487 3654 ipsa

169 3662 288 3722 natura
311 3681 371 3723 sua
383 3660 481 3723 alium
498 3660 626 3723 modum
643 3659 803 3741 postulet;
829 3659 861 3739 2)
886 3659 923 3733 is,
941 3658 995 3739 qui
1012 3679 1075 3721 non
1090 3658 1290 3739 longissimo,
1315 3660 1374 3723 sed
1391 3661 1486 3741 longo

170 3751 315 3828 tempore
333 3749 365 3826 (a
383 3751 402 3811 6
420 3749 582 3812 mensibus
606 3769 707 3829 usque
731 3749 772 3813 ad
789 3748 1096 3829 quinquennium)1t
1073 3748 1096 3811 't
1070 3747 1308 3829 raimpeditus
1325 3749 1486 3900 videatuur,

169 3835 296 3899 absolvi
319 3837 446 3917 quidem
473 3837 583 3950 possit,
560 3837 664 3901 tsed
689 3859 760 3901 eum
786 3858 896 3912 onere,
922 3842 957 3901 ut
981 3841 1130 3901 cessante
1153 3835 1450 3918 impedimentos

170 3924 287 4005 periori
310 3947 346 3988 se
370 3926 482 4002 sistat;
508 3926 750 4025 3ΙοοΙοιοιΙο
736 3931 892 4008 tempore,
916 3926 936 3989 Ι
955 3947 982 3989 e
1007 3925 1484 4010 infrabmenses,1mped1us

170 4013 337 4088 videatur,
370 4036 433 4078 non
457 4014 559 4096 possit
546 4014 674 4079 tsolvi
699 4036 718 4078 a
742 4018 882 4079 coneraia
907 4035 1010 4093 neque
1035 4014 1156 4078 directe
1180 4036 1200 4078 a
1221 4024 1329 4098 peccat
1332 4019 1359 4080 is
1382 4036 1484 4080 reser-

170 4103 265 4179 vatis,
291 4103 394 4186 possit
418 4109 537 4181 tamen,
562 4108 699 4184 urgente
723 4103 831 4184 aliqua
856 4103 1016 4167 necessita
1019 4106 1061 4178 te,
1087 4125 1158 4167 eum
1183 4109 1316 4168 maneat
1340 4125 1483 4170 censura.

169 4214 189 4255 a
213 4194 356 4273 peccatis
380 4215 442 4256 nou
467 4193 644 4257 reservatis
675 4191 797 4256 directe
828 4192 952 4257 absolvi
978 4197 1076 4271 atque
1100 4192 1147 4256 ita
1170 4192 1329 4258 indirecte
1354 4196 1394 4258 ab
1419 4215 1483 4257 om·

169 4281 262 4344 nibus
286 4283 439 4365 peccatis,
464 4282 512 4347 ita
535 4287 655 4356 tamen,
680 4289 716 4347 ut
739 4288 907 4346 remaneat
931 4282 1086 4361 obligatio
1110 4281 1224 4345 horum
1250 4282 1406 4348 directam
1431 4283 1484 4347 ab·

168 4370 485 4524 pplrrppooueprlptque
509 4371 744 4435 absolutionem
769 4394 789 4436 a
812 4371 956 4436 censuris
981 4370 1041 4434 sibi
1063 4372 1269 4452 procurandi.
1306 4372 1353 4437 Cf.
1375 4374 1428 4437 Tb.
1446 4395 1482 4435 ιιι.

91 4577 159 4629 1003
258 4567 295 4630 ΙΙ».
323 4569 352 4630 2.
399 4566 436 4628 ln
465 4567 593 4629 casibus
624 4567 808 4648 papalibus,
840 4567 867 4630 si
899 4567 1069 4648 paenitens
1104 4566 1321 4648 personaliter
1351 4568 1481 4632 Romam

170 4654 259 4717 adire
287 4660 443 4734 nequeat,
478 4676 577 4719 causa
612 4676 669 4737 per
693 4656 820 4719 litteras
844 4656 1065 4738 componenda
1088 4660 1155 4733 est,
1188 4677 1318 4735 verum,
1350 4665 1483 4741 urgente
