3106 5168
171 283 235 344 412
311 276 351 330 De
370 276 517 331 virtutibus
536 280 564 330 ct
582 275 680 330 officiis
698 293 764 345 erga
782 275 911 329 homines.
931 305 965 314 —
985 275 1035 331 Off.
1055 276 1128 331 circa
1145 275 1217 331 bona
1234 278 1363 330 externa

171 454 349 524 annnrrua
372 457 400 511 1⁰
424 453 543 529 quinam
565 459 650 511 actus
672 459 702 511 ct
723 457 894 511 contractus
918 452 948 510 in
970 472 1043 510 casu
1063 457 1203 511 enarrate
1224 451 1340 510 fuerint
1361 471 1401 511 ex
1422 457 1497 511 metu

423 533 500 592 irriti
521 533 568 592 vel
589 533 802 592 rescindibiles.

369 634 399 689 2⁰
424 650 498 706 quae
519 631 584 690 iura
604 630 682 689 inter
695 631 860 689 Ausonium
879 635 909 689 et
927 631 1068 689 Iudaeum
1089 629 1259 689 etiamnunc
1281 629 1461 690 subsistent

765 830 899 897 Solutio.

111 995 162 1049 815
260 980 313 1044 An
337 998 528 1054 Quansrruu
554 981 590 1041 1¹¹³
618 977 656 1043 lt.
684 980 712 1043 1.
759 976 899 1043 Difficile
923 982 974 1043 est
997 976 1119 1060 aliquid
1142 977 1306 1058 invenire,
1332 1000 1399 1062 quo
1424 1000 1497 1045 con·

171 1072 239 1134 stet
262 1071 384 1133 metum
407 1067 563 1133 iniustum
586 1066 750 1132 incussum
774 1087 846 1131 esse
869 1067 923 1132 vel
946 1067 1051 1132 minas
1080 1066 1201 1133 iniuste
1224 1087 1298 1133 esse
1322 1069 1496 1144 adhibitas,

171 1157 288 1239 quibus
310 1156 475 1221 Ausonius
498 1157 635 1221 adactus
658 1155 702 1221 sit
729 1155 770 1220 ad
794 1159 997 1221 contractum
1022 1177 1094 1221 cum
1117 1155 1238 1222 Iudaeo
1262 1155 1443 1223 ineundum
1466 1163 1498 1224 et

173 1247 215 1311 ad
238 1245 433 1312 tradendam
457 1245 545 1310 illam
569 1245 801 1328 syngrapham.

261 1343 348 1409 Nam
371 1347 493 1421 metus,
520 1342 575 1424 qui
598 1341 755 1419 occurrit,
787 1347 838 1407 est
861 1346 895 1407 et
917 1345 1025 1407 metus
1048 1342 1314 1408 exheredationis
1338 1364 1382 1407 ex
1405 1349 1497 1427 parte

172 1431 277 1517 patris
300 1431 486 1508 faciendae,
519 1437 553 1496 et
576 1435 683 1496 metus
712 1451 777 1494 non
800 1430 1007 1515 accipiendae
1031 1431 1187 1514 pecuniae
1210 1453 1231 1496 a
1254 1431 1389 1498 Iudaeo.
1437 1433 1497 1499 Sed

171 1521 262 1605 prior
285 1526 392 1585 metus
415 1519 557 1584 fortasse
587 1541 652 1584 non
675 1519 794 1584 iniuste
819 1520 1054 1595 incutiebatur3
1085 1520 1112 1584 si
1142 1523 1254 1585 autem
1285 1541 1321 1585 re
1345 1541 1429 1587 vera
1450 1521 1496 1586 iu-

172 1611 258 1675 iuste
281 1612 377 1693 pater
399 1608 431 1672 id
455 1608 649 1686 minabatur,
674 1614 781 1674 metus
804 1630 867 1672 non
884 1609 991 1692 potuit
1007 1629 1078 1673 esse
1094 1608 1223 1687 efficax,
1248 1608 1412 1691 siquidem
1431 1610 1497 1675 siue

172 1699 260 1764 iusta
288 1718 387 1763 causa
411 1697 621 1763 exheredatio
651 1718 715 1760 non
739 1697 829 1762 valet
859 1718 963 1779 neque
993 1699 1092 1762 habet
1122 1699 1283 1764 effectum.
1330 1697 1497 1764 Posterior

172 1787 228 1852 ille
251 1792 358 1852 metus
382 1808 446 1851 non
462 1786 651 1851 continebat
674 1786 812 1851 iniustas
827 1785 941 1858 minas,
967 1786 1041 1868 quia
1058 1785 1196 1852 Iudaeus
1220 1807 1301 1851 sane
1324 1808 1392 1853 nou
1407 1792 1496 1854 tene·

173 1877 271 1942 batur
293 1874 438 1940 Ausonio
468 1875 587 1939 inillis
611 1874 772 1956 angustiis
795 1875 977 1940 subvenire.
1024 1875 1112 1958 Ergo
1136 1896 1179 1940 ex
1201 1876 1298 1958 gravi
1327 1880 1420 1942 metu
1443 1898 1497 1941 ne·

174 1986 236 2046 que
259 1964 393 2030 nullitas
416 1985 521 2046 neque
544 1964 794 2029 rescindibilitas
817 1963 885 2047 peti
908 1967 1027 2047 potest.

262 2071 301 2137 R.
320 2073 349 2137 2.
381 2070 502 2135 Verum
520 2071 649 2135 exactio
672 2070 730 2135 illa
753 2070 786 2133 in
809 2090 845 2134 se
868 2074 920 2135 est
943 2091 985 2134 ex
1001 2074 1095 2152 parte
1111 2069 1223 2136 ludaei
1244 2070 1345 2154 plane
1369 2071 1495 2138 iniusta.

174 2159 252 2236 Quis
268 2159 352 2225 enirn
370 2181 470 2224 sanae
486 2159 605 2224 mentis
628 2181 687 2242 pro
703 2163 815 2225 mutuo
832 2159 909 2224 dato
934 2180 1086 2241 umquam
1103 2159 1274 2242 decuplum
1298 2160 1495 2225 reddendum

173 2254 287 2333 petere
310 2252 436 2332 potest!
482 2248 555 2314 Etsi
580 2248 665 2312 enim
690 2249 831 2313 fortasse
854 2248 984 2330 aliquod
1015 2248 1192 2331 periculum
1216 2269 1275 2331 pro
1300 2254 1393 2315 sorte
1415 2250 1498 2315 adsit

174 2339 262 2404 ultra
285 2359 463 2415 commune,
489 2342 598 2402 tamen
617 2335 707 2420 lullo
725 2356 895 2401 usurarum
914 2337 971 2401 vix
994 2358 1059 2401 non
1082 2336 1147 2402 iam
1170 2336 1373 2404 excederent
1396 2338 1498 2404 iustae

113 2426 123 2440 '
174 2426 392 2510 perceptionis
415 2425 546 2491 limites.

113 2548 164 2602 816
263 2533 303 2597 R.
321 2535 351 2598 3.
389 2531 480 2607 Quod
504 2536 614 2598 autem
638 2532 679 2596 ad
696 2531 761 2595 vim
786 2536 902 2614 postca
917 2532 1037 2596 Iudaeo
1061 2532 1187 2598 illatam
1205 2532 1336 2610 attinet,
1363 2534 1499 2600 Iudaeus

175 2621 245 2686 sine
263 2620 359 2686 dubio
376 2621 406 2683 vi
432 2642 489 2685 seu
511 2620 605 2686 minis
621 2621 758 2686 adactus
775 2625 825 2686 est
843 2622 885 2686 ad
902 2621 1099 2686 reddendam
1116 2622 1338 2706 syngrapham
1356 2623 1498 2689 Ausonio

176 2715 209 2774 et
232 2710 273 2774 ad
299 2709 549 2774 exstinctionem
575 2709 716 2773 omnium
739 2709 825 2773 illius
849 2710 1040 2774 debitorum.
1072 2748 1115 2753 -
1145 2710 1261 2791 Neque
1285 2711 1420 2777 dubium
1443 2733 1497 2777 ex-

175 2799 292 2864 sistere
308 2803 418 2882 potest
436 2800 475 2862 de
491 2797 651 2862 minarum
667 2798 796 2863 illarum
812 2798 981 2863 iniustitia.
1013 2800 1117 2864 Erant
1135 2800 1220 2863 enirn
1235 2799 1380 2865 iniustae
1396 2801 1496 2883 quoad

176 2889 306 2952 modurn
323 2909 417 2969 quern
435 2888 598 2951 Ausonius
614 2886 771 2962 adhibuit,
797 2893 829 2952 et
852 2887 992 2952 iniustae
1009 2889 1113 2969 quoad
1138 2890 1234 2952 finem
1259 2890 1292 2952 in
1310 2911 1408 2971 quern
1424 2889 1497 2954 diri-

175 2978 337 3059 gebantur
367 2998 425 3041 seu
455 2977 561 3057 quoad
593 2997 660 3040 rem
692 2997 787 3057 quam
821 2976 923 3042 voluit
953 2982 1158 3057 extorquere.
1212 2977 1370 3043 Actiones
1400 2979 1497 3062 igitur

175 3066 285 3131 Iudaei
309 3066 355 3130 sic
380 3069 531 3131 extortae
555 3087 618 3129 non
643 3070 719 3129 sunt
742 3064 875 3129 iuridice
899 3065 1058 3131 efficaces.

265 3164 297 3228 Si
314 3163 477 3228 Ausonius
501 3162 701 3227 solummodo
723 3163 917 3227 extorsisset
940 3163 1151 3228 redditionem
1177 3184 1255 3227 suae
1279 3165 1494 3248 syngraphae,

174 3274 238 3317 non
268 3273 393 3333 negans
418 3252 560 3316 debitum
591 3251 710 3327 mutui,
741 3251 773 3315 id
803 3251 956 3316 iniustum
982 3274 1045 3315 non
1070 3252 1185 3316 fuisset
1209 3253 1317 3333 quoad
1348 3275 1434 3331 rem3
1464 3258 1496 3317 ct

174 3342 345 3406 moderata
368 3341 418 3405 vis
449 3341 594 3406 adhibita
624 3341 773 3404 excusari
805 3345 915 3422 posset
938 3342 979 3405 ab
1003 3341 1163 3406 iniustitia
1187 3341 1220 3404 in
1244 3362 1283 3405 eo
1308 3363 1405 3420 casu,
1436 3363 1494 3423 quo

175 3452 246 3493 curn
278 3451 398 3510 magna
428 3435 556 3495 tantum
587 3430 780 3494 difficultate
811 3430 863 3493 vel
894 3451 951 3492 suo
982 3451 1101 3511 magno
1131 3430 1335 3495 incommodo
1365 3431 1495 3496 iuridice

176 3519 395 3583 reductionem
421 3519 520 3583 debiti
545 3519 593 3582 sui
618 3518 764 3583 obtinere
789 3519 957 3600 potuisset.

114 3652 164 3703 817
264 3632 316 3696 An
341 3654 530 3707 qunnsrrcn
556 3637 593 3696 2¹²
618 3634 656 3697 R.
680 3637 708 3698 1.
755 3634 806 3696 Ex
830 3632 1052 3714 resignatione
1074 3632 1204 3707 ludaei,
1229 3638 1266 3698 ut
1290 3635 1413 3700 dictum
1438 3640 1491 3701 est.

175 3721 225 3784 ius
251 3722 381 3801 aliquod
411 3722 514 3803 repeti
546 3723 666 3803 nequit.
715 3723 803 3803 Ergo
828 3722 854 3785 si
878 3721 1021 3785 Ausonio
1045 3721 1275 3788 incumbebant
1299 3723 1365 3787 alia
1390 3723 1493 3788 debita

175 3810 409 3963 expepttisbillps
434 3810 551 3875 debitis
575 3832 616 3874 ex
640 3811 844 3893 syngrapha,
869 3811 949 3874 haec
973 3816 1106 3876 manent
1130 3812 1259 3888 eadem,
1291 3812 1378 3879 sicut
1401 3819 1494 3878 autea

175 3920 406 3963 mffiem.

264 4004 302 4069 a.
327 4008 356 4068 2.
404 4004 515 4079 Quoad
541 4005 684 4069 debiturn
709 4027 750 4069 ex
773 4010 886 4070 rnutuo
911 4010 1016 4070 ortum
1041 4005 1102 4069 dici
1128 4007 1224 4069 (lebet
1248 4008 1490 4072 conventionem

175 4094 264 4159 illam
289 4095 327 4157 de
351 4094 487 4175 decuplo
518 4098 632 4176 utpote
660 4093 833 4159 manifeste
857 4095 1010 4159 iniustam
1035 4115 1106 4157 esse
1131 4097 1260 4160 niallam.
1309 4095 1418 4171 Quare
1441 4098 1491 4160 ha·

176 4185 287 4247 bernus
311 4188 457 4248 mutuum
482 4183 550 4246 sine
567 4184 836 4249 determinatione
860 4205 1039 4248 usurarum.
1080 4185 1215 4263 Exque
1240 4205 1378 4267 pronum
1401 4185 1493 4249 fuerit

176 4272 377 4348 concludere,
399 4294 436 4335 eo
454 4272 538 4352 quod
555 4293 726 4336 usurarum
743 4272 920 4354 stipulati0‚
946 4273 965 4337 i.
984 4294 1011 4337 o.
1029 4273 1197 4354 stipulatio
1214 4273 1335 4349 valida,
1361 4296 1425 4339 non
1441 4274 1492 4339 ad·

176 4362 234 4437 sit,
260 4361 491 4442 obligationem
515 4363 555 4425 ad
581 4383 696 4425 usuras
720 4363 816 4442 plane
840 4362 964 4436 abesse,
990 4384 1061 4425 curn
1086 4361 1148 4425 hac
1172 4362 1314 4426 debeant
1337 4363 1490 4447 stipulari.

178 4450 297 4513 Verum
319 4472 360 4514 ex
381 4450 541 4514 adiunctis
566 4449 799 4514 exsistentibus
823 4451 958 4515 aestimo
983 4451 1157 4514 secundum
1182 4450 1374 4515 hodiernam
1391 4472 1490 4517 rerum

176 4538 395 4602 condicionem
408 4540 593 4603 moderatas
607 4560 722 4602 usuras
735 4560 806 4602 esse
820 4560 861 4602 ex
873 4540 943 4621 ipso
960 4540 1015 4602 illo
1028 4545 1140 4603 mutuo
1153 4540 1230 4603 dato
1245 4540 1492 4622 subintellegeu·

176 4627 251 4700 das;
277 4632 422 4691 attamen
439 4628 668 4693 satisfacturus
685 4632 734 4691 est
751 4628 923 4704 Ausonius,
949 4629 975 4691 si
992 4629 1032 4691 ad
1050 4635 1222 4694 coiisuctas
1239 4650 1358 4693 usuras
1374 4650 1493 4695 annuas
