3106 5168
167 309 231 373 542
658 304 698 359 De
718 305 824 374 legibus
843 305 989 360 Ecclesiae.

166 485 237 640 uptam:
251 485 389 639 lpllebent,
413 487 450 549 ut
466 483 627 549 absolutio
644 482 715 549 dari
731 482 839 549 valide
854 483 967 567 possit,
992 484 1053 549 nisi
1069 484 1157 550 forte
1172 488 1292 566 agatur
1316 484 1357 550 de
1373 487 1484 552 mortis

166 595 187 639 a
220 595 250 640 rc
286 595 315 641 o.

255 680 293 746 R.
326 683 355 745 2.
410 679 473 744 Sed
505 677 634 744 etiamsi
667 681 778 744 certae
810 676 1014 742 condiciones
1045 678 1271 762 praescriptae
1302 700 1368 745 non
1402 686 1484 758 sunt,

167 790 209 834 ex
231 768 279 834 rei
309 773 429 834 natura
451 768 615 849 sequitur,
645 771 683 833 ut
705 802 749 811 —
772 767 856 848 quod
881 765 980 832 etiam
1003 766 1176 833 instructio
1199 769 1231 834 S.
1257 768 1366 834 Officii
1390 791 1485 853 supra

166 858 301 924 laudata
324 859 419 922 effert
441 894 485 903 —-
508 855 756 921 sacramentalis
779 855 940 921 absolutio
964 877 1028 921 non
1051 856 1096 922 sit
1117 856 1352 940 impertienda,
1383 859 1485 942 prius·

167 967 263 1028 quam
290 946 354 1029 ipsi
376 946 526 1010 absolute
558 950 592 1012 et
620 943 761 1027 positive
790 944 979 1010 damnatam
1008 945 1201 1011 societatem
1230 946 1264 1011 in
1293 952 1484 1030 perpetuum

167 1035 361 1117 relinquant,
385 1035 437 1100 vel
462 1034 580 1100 saltem
603 1033 688 1098 serio
712 1032 906 1116 promittant
929 1053 965 1098 se
987 1032 1021 1098 id
1039 1034 1233 1117 quantocius
1257 1037 1443 1103 effecturos.

256 1131 472 1197 Nihilominus
494 1131 574 1196 illud
599 1134 805 1216 ,quantocius
829 1131 1043 1216 r·clinqcaat“,
1067 1131 1095 1196 si
1118 1152 1154 1196 re
1176 1131 1250 1215 ipsa
1263 1136 1379 1218 precia
1403 1137 1484 1200 mulo

170 1241 212 1287 ex
235 1220 373 1287 nominis
396 1221 446 1285 sui
470 1220 688 1304 expunctione
711 1220 827 1285 timere
851 1219 981 1298 debent,
1006 1220 1046 1285 de
1069 1225 1161 1286 secta
1182 1241 1242 1305 per
1265 1222 1408 1287 nominis
1431 1245 1484 1288 ex·

167 1309 374 1393 punctionem
397 1309 609 1392 relinquenda
633 1329 697 1373 non
719 1307 793 1374 ilico
812 1308 960 1387 sumitur,
984 1308 1012 1373 si
1035 1309 1130 1374 modo
1153 1309 1218 1375 alia
1241 1310 1371 1376 ratione
1394 1333 1485 1377 scan-

168 1398 278 1464 dalum
308 1402 475 1465 caveatur.
520 1398 573 1463 Ita
603 1395 688 1461 enim
718 1397 750 1463 S.
782 1396 905 1463 Offic.
937 1397 968 1463 d.
994 1400 1011 1462 7
1037 1397 1148 1464 Martii
1182 1400 1268 1464 1883
1301 1400 1483 1484 respondit:

171 1488 287 1566 ,quta
310 1487 461 1570 exposita
484 1485 673 1563 catholicos,
697 1485 737 1551 de
761 1487 876 1568 quibus
899 1485 1025 1568 agitur,
1050 1486 1179 1554 admitti
1202 1488 1246 1553 ad
1268 1494 1484 1563 sacramenta,

167 1576 302 1659 praevia
325 1574 529 1641 absolutione
551 1595 572 1639 a
595 1574 756 1652 censuris,
790 1580 951 1657 quatenus
973 1596 1055 1658 opus
1078 1576 1137 1654 sit,
1169 1577 1360 1644 dummodo:
1396 1579 1429 1660 1)
1451 1600 1484 1643 15

166 1665 238 1748 ipsa
272 1685 345 1729 sese
379 1663 508 1729 omnino
543 1664 771 1747 separaverint
805 1685 825 1728 a
858 1663 1071 1730 societatibus
1105 1665 1301 1749 praedictis;
1342 1667 1378 1750 2)
1413 1689 1484 1750 pro·

167 1753 302 1819 mittant
324 1775 488 1835 nunquam
511 1752 649 1836 amplius
667 1752 748 1831 fore,
772 1757 809 1819 ut
832 1772 904 1817 sese
927 1753 1131 1819 immisceant
1154 1754 1250 1819 alicui
1271 1755 1361 1821 actui
1385 1756 1484 1822 socie·

167 1845 274 1907 tatum
303 1841 447 1926 ipsarum
477 1845 546 1907 tum
577 1845 720 1917 secreto,
751 1846 821 1908 tum
845 1842 990 1924 publico,
1022 1847 1056 1909 et
1086 1843 1278 1926 pracsertim
1310 1866 1483 1928 numquam

167 1930 364 2014 ampliasse
387 1930 551 1996 soluturos
574 1930 763 2012 requisitam
787 1930 1075 2008 contributionem3
1100 1932 1135 2012 3)
1158 1938 1370 2000 removeatur
1392 1956 1484 2001 scan-

167 2019 277 2084 dalum
301 2040 338 2085 eo
362 2020 495 2085 meliore
519 2020 630 2097 modo,
656 2040 719 2101 quo
742 2019 812 2084 fieri
835 2023 961 2102 potest;
992 2019 1027 2101 4)
1051 2019 1159 2086 animo
1182 2021 1249 2088 sint
1272 2021 1423 2105 dispositi
1445 2023 1484 2089 ad

167 2130 260 2174 suum
284 2129 401 2174 nomen
424 2109 653 2186 revocandum,
678 2108 705 2173 si
729 2111 764 2173 et
779 2108 909 2190 quando
932 2109 964 2173 id
984 2109 1093 2174 lacere
1113 2111 1235 2192 absque
1256 2111 1353 2192 gravi
1369 2112 1485 2178 damno

167 2202 338 2281 poterunt:
370 2235 413 2242 —
443 2197 673 2264 Sanctissimae
703 2197 927 2280 approbavit.“
977 2200 1112 2275 (Collect.
1138 2201 1172 2266 S.
1199 2200 1232 2266 0.
1264 2201 1303 2266 de
1325 2201 1424 2287 Prop.
1448 2203 1483 2267 F.

166 2308 197 2353 n.
225 2286 335 2369 1864.)

90 2404 157 2461 1056
255 2392 294 2458 R.
319 2395 350 2457 3.
398 2391 431 2456 Si
455 2390 527 2473 quis
549 2390 812 2474 deprehendatur
841 2390 874 2455 in
905 2391 1107 2457 confessione
1137 2396 1174 2458 ut
1204 2394 1333 2460 assecla
1357 2395 1484 2476 quidem

166 2481 381 2563 sectae,·sed
411 2479 546 2562 ignarus
574 2479 657 2562 legis
688 2479 889 2563 prohibentis
912 2515 955 2524 -
977 2479 1010 2545 id
1041 2481 1126 2562 quod
1149 2502 1234 2547 nunc
1257 2483 1408 2549 accidere
1431 2484 1485 2548 vix

166 2573 277 2652 potest
299 2569 361 2633 nisi
390 2568 555 2634 rarissime
578 2607 622 2616 -
645 2573 745 2651 atque
767 2568 801 2632 in
825 2569 909 2633 bona
932 2569 994 2634 fide
1018 2568 1225 2649 constitutus,
1249 2571 1330 2636 nihil
1352 2573 1432 2638 mali
1453 2572 1483 2637 in

168 2663 259 2724 secta
283 2658 527 2741 deprehendens
550 2662 584 2723 et
607 2657 711 2722 solam
740 2661 887 2723 mutuam
919 2658 1166 2741 opitulationem
1191 2662 1290 2742 atque
1315 2660 1484 2727 honestam

168 2746 448 2812 conversationem
473 2767 649 2828 quaerens:
673 2745 938 2829 -impossibile
963 2748 1091 2829 quidem
1115 2769 1178 2812 non
1203 2753 1270 2825 est,
1302 2755 1339 2816 ut
1363 2771 1405 2815 ex
1430 2750 1484 2816 ad-

166 2835 285 2900 iunctis
309 2835 443 2900 monitio
467 2835 700 2917 praevideatur
729 2836 824 2918 plane
854 2835 970 2901 nociva
1000 2857 1104 2918 neque
1127 2837 1224 2901 ullius
1248 2837 1420 2916 utilitatis,
1453 2843 1485 2904 et

168 2928 204 2989 ut
233 2930 368 3007 propter
392 2924 612 2989 condicionem
642 2945 800 3007 personae
831 2928 864 2989 et
894 2946 1001 2988 rerum
1031 2926 1221 2991 scandalum
1252 2926 1392 2991 aliorum
1422 2949 1483 2992 non

168 3014 326 3087 exsistat;
363 3035 425 3095 quo
460 3013 493 3077 in
527 3035 604 3079 casu
640 3013 874 3079 confessarium
908 3014 1038 3078 interim
1073 3036 1141 3079 rem
1174 3015 1304 3080 silentio
1338 3021 1484 3099 praeter-

167 3103 298 3169 mittere
322 3123 416 3185 posse
440 3124 505 3166 non
528 3102 728 3185 negaverim.
760 3103 881 3167 Verum
905 3103 1003 3168 etiam
1027 3104 1095 3169 tale
1118 3103 1282 3170 silentium
1305 3105 1369 3170 erit
1393 3127 1486 3171 casus

167 3192 307 3256 maxime
340 3191 584 3274 exceptionalis.
641 3190 829 3256 Generatim
863 3195 932 3255 tum
965 3193 1007 3256 ad
1039 3192 1227 3257 scandalum
1262 3193 1402 3259 aliorum
1435 3215 1484 3259 re·

167 3281 376 3356 movendum,
402 3285 470 3346 tum
494 3281 535 3345 ad
559 3280 719 3363 pericula,
745 3280 929 3363 quaeipsis
953 3281 1087 3345 asseclis
1110 3281 1295 3360 imminent,
1321 3284 1487 3349 edocenda

167 3369 300 3435 monitio
333 3369 518 3434 neccssaria
551 3374 617 3446 est,
654 3374 691 3434 ut
722 3369 821 3435 etiam
854 3369 885 3434 S.
918 3369 1148 3435 Officium
1180 3371 1284 3436 relate
1318 3374 1360 3437 ad
1394 3374 1484 3454 igno·

166 3463 277 3522 rantes
312 3459 508 3541 pravitatem
543 3459 638 3523 buius
670 3463 780 3523 sectae
815 3458 1065 3541 particularibus
1098 3459 1237 3524 decretis
1273 3459 1327 3538 (cf.
1365 3463 1484 3527 Collecl.

166 3568 198 3611 n.
231 3550 312 3610 1857
343 3553 376 3613 et
407 3548 505 3627 1858)
539 3550 553 3610 1
585 3549 669 3630 Aug.
703 3549 785 3612 1855
819 3551 853 3611 et
886 3550 904 3610 2
937 3547 1008 3611 Iulii
1040 3549 1123 3611 1845
1157 3548 1284 3613 docuit:
1323 3550 1483 3634 ,episcopi

168 3687 174 3699 .
201 3687 207 3698 .
235 3687 241 3700 .
266 3637 394 3699 nomine
418 3637 449 3701 S.
475 3637 566 3701 Sedis
590 3635 796 3701 confessariis
819 3636 1038 3719 praecipiant,
1063 3641 1100 3701 nt
1123 3636 1207 3701 serio
1231 3644 1388 3703 moneant
1412 3661 1485 3704 suos

167 3723 388 3804 paenitentem
418 3746 458 3789 ne
481 3725 631 3790 societati
654 3725 828 3789 liberorum
852 3729 1053 3789 muratorum
1077 3725 1214 3807 aliisque
1237 3727 1333 3791 huius
1356 3728 1484 3810 generis

166 3812 376 3876 clandestinis
414 3815 702 3896 aggregationibus
742 3835 857 3878 nomen
898 3814 975 3878 dare
1014 3815 1066 3878 vol
1106 3836 1216 3879 earum
1257 3818 1483 3883 conventicula

166 3902 255 3965 adire
280 3906 337 3966 aaut
360 3903 472 3966 fovere
496 3909 722 3986 praesumant:
754 3925 792 3967 ac
815 3902 1034 3985 pertinacibus
1058 3905 1331 3970 sacramentalem
1355 3908 1482 3971 absolu·

166 3992 286 4054 tionem
311 3995 460 4072 negorrt.“

254 4097 290 4160 R.
317 4099 346 4160 4.
394 4096 454 4171 qm
490 4095 588 4176 igitur·
621 4102 719 4161 autea
751 4097 783 4159 in
817 4098 901 4161 bona
934 4097 997 4161 fide
1028 4097 1191 4163 exsistens
1222 4104 1334 4163 sectae
1367 4122 1480 4165 nomen

166 4185 270 4257 dedit,
296 4185 352 4248 sed
377 4206 461 4248 nunc
485 4186 620 4248 edoctus
651 4191 772 4249 sectam
807 4187 957 4249 deserere
988 4187 1111 4257 renuit,
1145 4208 1208 4251 nou
1238 4188 1313 4252 ilico
1346 4191 1479 4270 quidem,

164 4274 221 4336 scd
246 4279 313 4337 tum
345 4274 712 4338 excommunicationem
742 4273 894 4350 incurrit,
927 4297 998 4338 curn
1032 4276 1170 4357 primum
1201 4281 1312 4341 actum
1344 4279 1479 4361 aliquem

164 4383 282 4426 novum
307 4363 407 4445 ponit,
433 4384 495 4442 quo
520 4384 554 4427 55
576 4364 684 4446 probet
707 4368 817 4428 sectae
841 4366 1000 4428 asseclam
1025 4366 1076 4428 vel
1102 4366 1273 4431 fautorem.
1312 4369 1367 4432 Ta.
1386 4393 1425 4435 m.
1443 4368 1477 4441 Il,

164 4473 194 4515 11.
221 4455 294 4516 950.

87 4584 153 4637 1051
252 4567 304 4628 Ao
328 4586 518 4638 quaasrrunr
542 4568 580 4628 3¹⁰
606 4566 642 4630 R.
669 4568 695 4630 1.
745 4565 776 4628 Si
802 4567 992 4649 Calpurnius
1016 4567 1285 4632 francomurariis
1308 4578 1342 4633 ‘ut
1366 4572 1479 4633 talibus

164 4674 198 4716 55
223 4654 379 4717 famulum
405 4654 539 4729 addixit,
566 4675 627 4734 quo
645 4655 684 4718 iis
708 4654 740 4719 in
765 4676 876 4719 eorum
900 4656 1113 4721 conventibus
1130 4656 1324 4722 famulatum
1341 4663 1478 4739 gereret,
