3106 5168
160 279 223 343 192
297 274 338 329 De
356 275 505 330 virtutibus
524 278 552 330 et
570 276 669 331 officiis
686 294 751 345 erga
770 277 900 331 homines.
921 309 954 319 -
974 275 1073 331 Officia
1091 276 1207 331 bominis
1225 293 1291 345 erga
1309 293 1348 331 ae.

158 452 254 519 candi
277 452 377 517 etiam
400 452 495 536 gravi
511 453 647 518 debeam
669 472 723 517 me
746 473 920 536 exponere,
944 452 1099 519 adhibitis
1121 458 1233 519 tamen
1251 452 1377 532 mediis,
1402 474 1486 536 quae

158 541 338 627 periculum
361 541 441 606 illud
465 562 507 607 ex
530 541 679 625 proximo
702 540 828 608 faciunt
851 546 1023 608 remotum.

248 647 287 713 R.
312 651 342 714 4.
393 644 501 723 Quare
535 645 707 711 dicendum
742 651 794 712 est
826 647 869 712 ad
903 666 1034 712 casum:
1070 646 1104 712 Si
1138 667 1256 712 revera
1285 646 1419 712 Dismas
1452 651 1487 712 et

159 735 302 801 Didacus
331 755 396 800 non
426 735 633 800 obstantibus
661 736 812 801 remediis
842 756 972 818 semper
999 735 1192 801 relabuntur
1219 773 1265 783 -
1294 737 1381 818 quod
1413 757 1485 802 cum

160 824 246 890 fideli
269 845 330 889 usu
353 824 570 889 remediorum
594 824 652 888 vix
674 824 828 907 possibile
857 829 910 890 est
932 863 989 902 —‚
1019 845 1092 890 cnm
1116 845 1176 908 per
1197 844 1233 889 se
1256 845 1322 890 non
1345 825 1486 891 exsistat

159 917 270 991 tanta,
302 934 405 995 eaque
435 918 600 991 extrema,
634 913 813 978 necessitas
842 913 996 991 aliorum,
1029 913 1138 997 potius
1167 934 1301 979 munere
1332 914 1486 980 abdicare

160 1023 257 1084 quam
286 1001 320 1066 in
350 1002 499 1086 proximo
531 1002 686 1085 peccandi
711 1002 855 1085 periculo
885 1023 1017 1068 manere
1041 1003 1169 1069 debent.
1216 1002 1437 1069 Nihilominus
1459 1004 1486 1069 si

160 1091 289 1173 quando
312 1091 346 1156 in
369 1090 589 1174 singularibus
613 1091 742 1157 casibus
764 1095 951 1157 occurreret
972 1097 1122 1157 extrema
1140 1091 1276 1158 alicuius
1294 1093 1485 1171 necessitas,

159 1180 278 1246 saltem
300 1180 328 1245 si
352 1184 440 1246 esset
464 1180 643 1247 necessitas
665 1179 855 1264 spiritualis,
883 1181 934 1245 cui
959 1180 1056 1247 aliter
1078 1202 1143 1246 non
1165 1180 1406 1259 subveniretur,
1431 1183 1486 1247 de-

161 1270 275 1335 berent
298 1268 372 1334 huic
395 1268 552 1333 auxilium
575 1269 672 1347 ferre,
697 1273 855 1352 concepta
877 1270 1019 1335 firmiore
1042 1290 1101 1353 spe
1123 1270 1337 1353 protectionis
1356 1270 1486 1336 divinae

160 1362 194 1424 et
218 1357 363 1425 adhibito
386 1357 562 1423 sufficienti
583 1357 727 1424 remedio
752 1363 868 1424 contra
891 1358 1086 1442 periculum,
1111 1360 1196 1441 quod
1220 1358 1347 1425 evitare
1369 1359 1404 1425 in
1426 1359 1486 1426 tali

160 1468 238 1513 casu
261 1446 461 1530 impossibile
484 1468 549 1511 non
573 1446 646 1514 erit.

249 1536 297 1603 Cf.
325 1537 381 1602 Th.
407 1560 446 1603 m.
471 1535 496 1614 Ι,
521 1537 602 1614 585;
632 1535 663 1601 S.
687 1535 803 1618 Alph.
829 1536 870 1613 ΙΙ,
895 1538 947 1600 26.
