3106 5168
169 283 235 346 422
308 278 349 333 De
366 279 515 335 virtutibus
533 283 561 333 et
579 279 677 334 officiis
695 297 760 348 erga
779 279 908 333 homines.
928 309 960 319 -
981 278 1032 334 Off.
1052 279 1124 332 eirca
1141 278 1212 332 bona
1229 281 1352 332 externa.

168 456 308 522 teralem
323 476 496 520 onerosum
516 455 796 533 commutativum,
820 476 926 538 neque
942 453 1022 519 illud
1038 474 1120 518 onus
1135 452 1323 536 impositum
1347 452 1493 535 obligare

171 544 295 628 incipit,
320 543 383 609 nisi
406 547 579 627 postquam
609 543 781 628 promissio
805 566 864 628 per
893 544 1063 627 pecuniam
1087 542 1199 608 datam
1223 542 1324 607 fuerit
1346 542 1492 626 impleta.

259 641 474 724 Quapropter,
491 641 637 724 Benigno
654 663 674 707 a
690 662 750 706 sua
765 641 980 727 promissione
996 639 1181 717 recedente,
1198 639 1323 704 anricus
1338 639 1396 704 ille
1412 661 1493 705 onus

168 751 345 811 numquam
376 729 514 808 subibit,
552 731 586 795 vi
616 730 707 796 cuius
735 751 849 796 curare
887 730 1006 795 debeat
1035 728 1171 794 Missam
1202 729 1377 810 quotannis
1408 730 1493 794 cele-

169 819 336 885 brendam.

662 965 891 1032 PROMISSlO
924 964 993 1047 (II).

723 1123 833 1188 Casus.
861 1130 937 1197 (257)

257 1264 411 1321 Bertramo
439 1262 587 1338 promittit
613 1263 677 1322 eius
705 1263 869 1321 avunculus
896 1282 929 1321 se
957 1263 1036 1321 2000
1057 1281 1110 1322 mc.
1142 1262 1278 1320 daturum
1309 1281 1386 1322 esse.
1430 1262 1492 1332 Qua

166 1342 362 1419 promissione
383 1343 547 1417 gaudenter
562 1348 685 1419 accepta
702 1344 830 1402 confisus
845 1343 1017 1401 Bertramus
1039 1361 1104 1401 oum
1125 1342 1219 1400 altero
1240 1342 1297 1400 init
1318 1341 1492 1401 societatem

167 1422 396 1496 negotiationis,
424 1423 454 1481 vi
484 1423 567 1481 cuius
595 1429 664 1500 post
690 1441 798 1481 annum
822 1423 928 1481 debeat
956 1424 1034 1482 2000
1055 1441 1110 1480 mc.
1132 1423 1276 1481 conferre.
1317 1423 1492 1481 Avunculus

167 1502 240 1561 nihil
269 1502 359 1560 solvit
386 1521 479 1577 neque
507 1503 635 1562 monitus
662 1503 814 1577 quiequam
841 1502 974 1576 largitur.
1024 1502 1070 1560 Ex
1098 1521 1154 1577 quo
1181 1502 1230 1572 fit,
1264 1507 1297 1560 ut
1317 1501 1491 1562 Bertramus

167 1582 289 1657 eiusque
311 1582 409 1640 socius
430 1583 461 1640 in
482 1582 683 1658 negotiatione
703 1601 841 1656 magnum
862 1584 988 1641 subeant
1007 1582 1151 1641 damnum.
1170 1615 1205 1623 -
1228 1581 1403 1640 Bertramus
1426 1602 1491 1642 con·

167 1661 300 1736 queritur
327 1666 415 1736 atque
443 1663 620 1721 avunculum
649 1662 805 1721 obnoxium
833 1662 905 1721 dicit
932 1662 1038 1721 damno
1065 1662 1239 1738 reparando.
1288 1661 1343 1721 coi
1371 1662 1422 1720 ille
1449 1683 1490 1721 re·

167 1742 294 1816 spondet
321 1741 377 1801 sibi
405 1743 555 1801 inanimo
581 1761 739 1818 numquam
760 1742 853 1800 fuisse
874 1761 952 1816 vaga
980 1743 1031 1800 illa
1058 1742 1252 1819 promissione
1280 1742 1432 1802 ullatenus
1459 1762 1490 1801 se

168 1820 315 1895 obligare,
344 1842 438 1898 neque
466 1842 553 1897 posse
581 1842 613 1880 se
642 1841 804 1898 agnoscere
833 1821 960 1898 cuipiam
990 1822 1088 1881 debito
1112 1822 1254 1881 solvendo
1282 1842 1315 1881 se
1347 1842 1416 1881 esse
1444 1825 1490 1881 ob·

167 1920 297 1961 noxium.

168 2005 345 2076 Quasnrrun
367 2007 396 2062 1⁰
421 2025 490 2064 num
512 2005 630 2081 obliget,
653 2011 683 2065 et
702 2007 828 2081 quando,
850 2007 1007 2083 promissio
1028 2028 1067 2066 ex
1087 2006 1208 2067 iustitia.

366 2096 396 2152 2⁰
421 2099 541 2154 rectene
562 2096 672 2155 sentiat
691 2097 873 2167 Bertramus,
895 2116 933 2155 an
955 2096 1019 2156 eius
1040 2097 1212 2156 avunculus

761 2288 895 2354 Solutio.

105 2444 156 2498 835
256 2429 310 2494 An
333 2450 524 2505 ouaasrrun
551 2431 587 2493 lm
610 2430 649 2495 R.
672 2432 700 2495 1.
734 2429 837 2496 Utin
859 2429 967 2514 priore
984 2451 1062 2496 casu
1086 2429 1207 2496 dictum
1231 2436 1292 2508 est,
1317 2432 1488 2515 promissio

166 2525 265 2603 potest
288 2539 330 2584 ex
353 2518 479 2584 iustitia
503 2517 659 2600 obligare,
683 2518 779 2600 idque
802 2541 838 2584 re
863 2541 943 2584 vera
964 2521 1018 2584 fit:
1046 2519 1078 2599 1)
1102 2519 1130 2584 si
1153 2541 1310 2603 expresse
1333 2521 1489 2604 obligatio

167 2606 313 2673 iustitiae
326 2607 517 2690 suscipitur;
536 2607 570 2687 2)
586 2606 614 2670 si
629 2606 730 2673 tacite
746 2607 930 2691 suscipitur,
948 2608 1101 2673 videlieet
1115 2608 1257 2674 scienter
1271 2611 1490 2693 permittendo

169 2695 364 2779 periculum,
398 2716 439 2759 ne
473 2696 702 2778 promissarius
734 2717 775 2761 ex
800 2718 863 2760 non
896 2697 1060 2779 implenda
1087 2697 1307 2785 promissione
1338 2699 1489 2764 damnum

169 2785 295 2852 subeat,
324 2785 447 2866 Inque
472 2806 549 2849 casu
574 2785 731 2867 obligatio
755 2785 899 2851 iustitiae
924 2790 973 2851 est
997 2791 1055 2851 aut
1082 2786 1216 2869 implere
1244 2787 1489 2870 promissionem

169 2876 226 2939 aut
250 2873 402 2938 damnum
427 2878 577 2939 exortum
601 2873 769 2940 resarcire.
816 2874 970 2955 Alioquin
993 2874 1169 2940 haberetur
1192 2876 1341 2959 deceptio
1366 2877 1490 2942 damni-

168 2963 311 3028 ficativa.

258 3069 296 3134 R.
322 3072 351 3135 2.
384 3068 421 3132 In
444 3069 516 3133 foro
533 3071 670 3132 externo
694 3068 822 3149 quidem
839 3069 1019 3150 promissio,
1045 3069 1106 3134 nisi
1130 3069 1219 3134 faeta
1243 3069 1287 3135 sit
1303 3071 1489 3136 authentico

170 3158 292 3241 scripto
326 3158 492 3240 legitima,
529 3158 705 3222 secundum
738 3158 921 3223 recentiora
955 3158 1026 3222 iura
1058 3180 1117 3241 pro
1149 3157 1260 3223 valida
1290 3181 1355 3223 non
1391 3181 1489 3242 agno·

169 3247 272 3311 scitur
302 3246 358 3324 (cf.
382 3247 431 3311 ius
456 3247 587 3312 Germ.
613 3246 630 3327 ἓ
655 3248 743 3325 518).
797 3244 906 3327 Atque
935 3247 967 3311 id
995 3247 1026 3310 in
1058 3247 1171 3323 dubio,
1209 3252 1318 3312 utrum
1354 3250 1490 3332 promit·

169 3340 242 3400 tens
265 3335 407 3400 voluerit
437 3357 515 3399 vere
546 3356 581 3399 se
612 3335 757 3417 obligare
787 3357 829 3400 an
859 3336 1060 3400 solummodo
1090 3337 1292 3419 propositum
1320 3358 1415 3402 suum
1441 3339 1490 3402 de·

170 3425 306 3501 clararo,
332 3424 431 3489 etiam
454 3424 487 3487 in
511 3424 581 3488 foro
606 3424 824 3489 conscientiae
854 3424 1029 3488 tenendum
1059 3430 1119 3492 est.
1163 3425 1283 3489 Verum
1309 3425 1336 3490 si
1362 3431 1489 3492 constat

170 3513 209 3577 de
240 3513 404 3578 contraria
428 3513 598 3579 voluntate
627 3515 680 3577 vel
710 3514 750 3577 de
781 3513 989 3578 fraudulenta
1019 3518 1052 3578 et
1082 3514 1325 3580 damnificativa
1355 3516 1492 3598 promis·

170 3602 270 3675 sione,
295 3602 328 3665 in
352 3602 424 3665 foro
449 3602 666 3668 conscientiae
699 3602 855 3684 obligatio
886 3601 1059 3685 reparandi
1091 3603 1200 3667 damni
1223 3605 1276 3668 vel
1307 3604 1491 3688 implendae

170 3690 392 3772 promissionis
416 3711 480 3754 non
504 3692 678 3758 excutitur.

106 3823 159 3877 836
259 3811 311 3874 An
334 3831 524 3884 Qunasrruir
548 3815 587 3875 2ιιι
609 3813 647 3879 R.
671 3815 698 3878 1.
733 3812 766 3878 Si
789 3813 969 3877 avunculus
985 3811 1148 3877 Bertrami
1165 3833 1200 3876 re
1223 3812 1293 3895 ipse
1316 3813 1491 3896 ignorabat

170 3900 223 3964 vel
247 3900 427 3977 levitatem,
453 3921 518 3981 qua
540 3901 592 3964 hic
615 3902 727 3966 statim
750 3901 823 3967 iniit
846 3901 1038 3965 societatem
1056 3922 1128 3965 cum
1145 3902 1261 3979 altero,
1286 3904 1340 3967 vel
1357 3906 1490 3971 Bertra-

169 4010 258 4053 mum
283 4010 324 4052 ex
348 4010 383 4053 se
407 3990 562 4053 solvendo
579 3990 735 4073 imparem
760 4012 847 4054 esse:
873 3990 960 4054 credi
978 3991 1074 4055 debet
1099 3991 1220 4055 dicenti
1244 4012 1279 4055 se
1303 3994 1490 4058 nullatenus

168 4078 311 4143 voluisse
335 4099 447 4142 veram
471 4080 579 4143 subire
603 4079 850 4160 obligationem;
883 4082 935 4142 vel
968 4080 1084 4142 saltem
1116 4080 1199 4143 sumi
1224 4080 1321 4145 debet
1353 4102 1427 4146 eum
1450 4103 1489 4147 ex

169 4168 296 4232 iustitia
319 4189 354 4231 se
371 4168 517 4248 obligare
534 4169 683 4234 noluisse.
716 4168 821 4243 Quare
839 4167 966 4232 etiamsi
983 4169 1173 4233 Bertramus
1198 4169 1352 4234 damnum
1377 4193 1490 4255 passus

169 4257 229 4334 sit,
265 4257 297 4320 id
327 4256 388 4320 sibi
412 4278 554 4338 suaeque
585 4256 713 4321 levitati
744 4257 929 4320 adscribere
960 4257 1072 4333 debet,
1106 4279 1211 4339 neque
1235 4261 1418 4325 avunculus
1442 4265 1490 4324 est

170 4346 287 4410 damno
312 4346 493 4428 reparando
511 4346 679 4410 obnoxius,
712 4346 859 4410 Debebat
876 4346 960 4409 enim
978 4347 1168 4411 Bertramus
1186 4354 1391 4430 exspectare,
1417 4351 1488 4415 dum

170 4435 307 4499 haberet
330 4435 417 4498 illius
440 4434 663 4517 promissionis
689 4434 868 4513 legitimum
893 4436 1132 4500 documentum.

259 4540 296 4604 lt.
323 4543 352 4604 2.
380 4541 412 4604 Si
429 4562 507 4604 uero
525 4541 726 4617 Bertramus,
753 4539 863 4603 audita
880 4541 936 4604 ills
952 4540 1174 4623 promissione,
1192 4544 1355 4609 avunculo
1373 4545 1488 4610 dixerit

169 4647 205 4689 se
237 4628 296 4692 hac
321 4630 531 4711 promissione
559 4630 678 4694 fretum
705 4650 858 4693 ausurum
890 4651 962 4693 esse
990 4630 1245 4711 negotiationem
1277 4632 1378 4711 inire,
1408 4656 1488 4717 quae
