3106 5168
170 272 234 336 258
287 268 328 323 D'e
346 269 494 324 virtutibus
512 272 541 324 et
559 267 656 323 officiis
674 285 740 337 erga
758 266 888 323 homines.
907 295 942 304 -
961 266 1086 321 Virtutes
1103 265 1224 320 iustitiae
1243 282 1375 321 annexae.

167 443 318 528 prehensi
341 443 464 512 fuerint
492 444 700 522 incrimine,
731 445 817 526 quod
841 465 883 509 ex
913 443 1019 509 officio
1043 442 1195 527 persequi
1217 442 1331 521 debet,
1363 447 1422 510 aut
1452 445 1491 509 ad

167 533 359 600 instantiam
389 533 493 618 partis
521 533 555 598 in
585 533 658 599 aliis
688 533 816 599 casibus
840 533 937 599 debet
960 553 1115 598 accusare
1139 532 1192 597 vel
1214 553 1235 598 a
1258 532 1323 597 reis
1353 553 1491 616 poenam

166 643 321 796 {3353ng
357 623 432 704 quia
464 622 497 688 id
529 622 666 705 requirit
696 623 817 688 bonum
850 620 1012 706 publicum
1048 625 1082 688 et
1116 620 1257 687 fidelitas
1291 620 1323 685 iu
1359 642 1492 687 munere

255 817 294 884 R.
320 820 350 886 2.
396 817 615 883 Nihilominus
644 816 672 882 si
703 815 758 900 qui
781 815 1081 900 deprehendantur,
1114 815 1169 898 qui
1198 836 1241 881 ex
1270 816 1410 883 levitate
1440 818 1491 881 vel

166 906 237 972 sine
259 927 338 972 vero
362 907 481 972 damno
504 905 725 990 reipublicae
749 905 873 972 orituro
896 904 1119 988 peccaverint,
1143 908 1255 989 potest
1277 926 1357 971 sane
1382 906 1491 972 mitius

166 1015 282 1078 agere,
312 1016 354 1062 ne
384 1017 545 1061 summum
573 996 624 1060 ius
646 997 706 1061 fiat
735 1014 862 1060 summa
888 994 1015 1060 iniuria.
1062 995 1169 1061 Debet
1191 993 1293 1077 igitur
1314 994 1492 1078 prudenter

165 1083 474 1169 aliquando-epikia
497 1084 545 1152 uti
568 1088 668 1167 atque
683 1087 826 1150 mentem
850 1083 1051 1166 legislatoris
1073 1083 1183 1167 potius
1199 1084 1371 1150 attendere
1395 1105 1491 1167 quam

165 1172 249 1256 legis
273 1174 384 1240 verba.

254 1280 293 1345 lt.
311 1283 341 1348 3.
380 1280 559 1363 Siquando
579 1284 689 1347 autem
712 1279 768 1344 lex
789 1279 909 1345 iniuste
932 1277 966 1343 in
985 1278 1111 1360 aliquos
1134 1299 1272 1362 poenam
1289 1278 1489 1355 decerneret,

165 1389 222 1434 eos
245 1390 310 1434 non
333 1369 438 1436 solum
461 1389 526 1434 non
549 1372 719 1436 teneretur
734 1368 954 1452 deprehensos
970 1368 1172 1446 denuntiare,
1196 1366 1254 1433 sed
1277 1367 1413 1434 deberet
1436 1389 1490 1434 eos

165 1457 314 1542 impunes
338 1457 514 1525 dimittere.

104 1579 155 1634 507
255 1572 307 1637 An
331 1592 522 1648 ouausrmm
547 1575 585 1636 2¹²¹
610 1572 649 1638 R.
677 1575 705 1638 1.
752 1569 899 1637 Marinus
928 1592 1008 1637 sane
1037 1571 1168 1638 videtur
1198 1592 1271 1637 cum
1300 1570 1490 1655 acceptione

164 1682 378 1745 personarum
401 1661 519 1744 egisse.
557 1660 591 1728 Si
614 1660 738 1727 anneus
761 1659 910 1726 fraudem
933 1660 1090 1725 leviorem
1113 1659 1330 1739 commiserat,
1358 1664 1490 1744 poterat

166 1749 296 1831 quidem
320 1749 430 1832 aliqua
453 1750 524 1815 vice
549 1750 660 1817 mitius
683 1771 756 1815 cum
780 1770 818 1814 eo
841 1769 957 1832 agere,
988 1749 1046 1815 sed
1070 1749 1181 1815 debuit
1211 1749 1311 1815 etiam
1340 1749 1428 1814 idem
1458 1749 1489 1813 in

165 1838 238 1904 aliis
269 1836 460 1917 observaress
492 1838 698 1904 nihilominus
728 1838 756 1904 si
779 1839 895 1904 dubius
918 1842 990 1904 erat
1014 1839 1054 1903 de
1077 1838 1244 1921 gravitate
1274 1858 1409 1917 causae,
1441 1837 1489 1902 in-

165 1927 311 1994 iustitiae
334 1949 410 1994 reus
432 1949 497 1994 non
520 1928 763 2006 videturesse,
795 1949 868 1993 oum
891 1947 971 2010 erga
996 1926 1127 2010 ignotos
1149 1926 1349 1993 severiorem
1372 1948 1409 1992 se
1432 1947 1489 1992 ex·

165 2016 302 2083 hiberet.

256 2115 293 2180 a.
319 2117 349 2181 2.
397 2114 551 2180 Similiter
580 2114 728 2180 severius
757 2113 842 2197 egit,
874 2114 1039 2196 quaelibet
1063 2114 1210 2179 convicia
1239 2118 1355 2178 contra
1377 2133 1490 2196 regem

164 2204 219 2268 vel
248 2202 511 2270 haeresiarcham
541 2224 656 2269 severe
684 2223 901 2288 prosequenS,
933 2224 1006 2268 oum
1036 2203 1069 2267 in
1093 2202 1172 2287 ipsis
1195 2202 1350 2268 conviciis
1374 2208 1490 2270 contra

164 2313 276 2376 regem
306 2292 443 2376 prolatis
467 2291 668 2375 distinguere
692 2292 826 2359 deberet
855 2291 1015 2357 malitiam
1045 2312 1065 2357 a
1092 2292 1163 2357 sola
1191 2292 1339 2358 levitate.
1386 2291 1488 2357 Immo

164 2381 327 2447 Marinum
349 2402 414 2447 non
430 2386 521 2449 recto
544 2382 613 2448 zelo
633 2381 740 2465 egisse
763 2402 805 2446 ex
821 2400 859 2446 eo
874 2380 984 2465 palam
1000 2383 1048 2460 fit,
1073 2381 1158 2464 quod
1175 2381 1329 2463 graviora
1353 2381 1489 2447 onmina

165 2477 281 2538 contra
303 2471 483 2537 Ecclesiam
506 2471 640 2554 eiusque
662 2470 829 2536 ministros
853 2470 942 2536 facta
971 2470 1090 2537 leviter
1112 2470 1324 2547 transmittit;
1355 2491 1434 2536 nem
1456 2471 1488 2535 in

165 2581 205 2626 ea
229 2581 264 2626 re
287 2560 467 2627 severitate
490 2559 612 2625 maiore
635 2581 715 2625 sane
739 2580 820 2643 opus
843 2564 925 2626 erat.

254 2666 292 2732 a.
311 2669 340 2733 3.
380 2665 471 2743 Quod
491 2665 752 2733 denuntiatorem
775 2664 967 2742 sacerdotis,
992 2664 1046 2746 qui
1066 2685 1143 2730 reus
1159 2665 1329 2730 dicebatur
1345 2665 1487 2732 violatae

164 2754 248 2837 legis
271 2755 630 2839 politicae-religiosae,
662 2754 766 2820 noluit
796 2753 986 2832 admittere,
1018 2758 1108 2819 recta
1138 2754 1222 2836 egit,
1254 2754 1332 2835 quia
1354 2755 1410 2820 lex
1433 2754 1487 2819 illa

165 2844 304 2909 sumitur
333 2844 463 2911 iniusta.
511 2845 601 2921 Quod
631 2865 710 2909 vero
740 2843 774 2908 id
804 2863 846 2907 ex
878 2843 948 2908 sole
978 2843 1168 2927 particulari
1199 2843 1344 2910 amicitia
1373 2843 1487 2909 fecerit

165 2938 264 3015 atque
294 2933 435 3001 alterum
458 2934 662 3000 sacerdotem
685 2931 839 2998 insimili
863 2952 963 2997 causa
986 2932 1183 3014 puniendum
1207 2933 1389 3008 curaverit,
1421 2933 1487 3014 agit

164 3026 267 3103 ruole;
296 3044 402 3105 neque
431 3023 515 3090 ratio
545 3023 744 3089 hauriendae
774 3019 844 3105 spei
874 3022 915 3086 ad
946 3022 1064 3087 altiora
1095 3043 1229 3087 munera
1260 3022 1344 3087 hanc
1369 3022 1485 3103 agendi

164 3111 325 3178 rationem
348 3133 390 3177 ex
414 3133 487 3177 sese
511 3113 630 3178 malem
653 3115 786 3196 poterat
808 3130 976 3176 excusare.
