3106 5168
78 1078 282 1165 BONUM
302 1079 884 1288 INDIVIDUALIldAlssIAEgE
906 1079 1151 1184 EIUSQUE
1174 1080 1405 1166 INIUSTA

439 1359 695 1423 (PRAECEPTUM
713 1358 840 1413 Ducat.
860 1358 1049 1428 QUINTUM).

183 1535 312 1602 ultus
337 1536 541 1602 BELLIOOS
564 1535 713 1602 MORES
737 1534 938 1601 SERVANS
961 1535 1059 1602 NON
1080 1535 1129 1602 IN
1152 1537 1302 1604 BnLLo

637 1691 747 1759 casus.
775 1699 852 1768 (149)

168 1832 315 1908 Euagrius
336 1832 470 1892 milesia
492 1832 622 1892 statione
642 1833 766 1910 positus,
789 1852 854 1892 cunr
871 1833 936 1892 viro
957 1833 1110 1892 accedenti
1132 1834 1328 1894 acclamasset
1348 1854 1404 1895 nec

77 1930 254 1990 responsum
273 1913 446 1990 recepisset,
468 1913 580 1972 directo
597 1914 729 1990 sclopeto
743 1913 774 1972 in
789 1932 855 1972 enm
876 1914 993 1989 globulo
1014 1913 1057 1973 ita
1071 1914 1162 1988 feriit,
1183 1919 1216 1973 ut
1229 1915 1403 1976 vulneratae

78 2013 148 2054 mox
170 1993 333 2053 decederet.

169 2073 310 2133 Similiter
330 2073 392 2148 egit
418 2092 513 2150 nuper
535 2073 566 2132 in
588 2073 750 2146 hominem,
779 2072 829 2149 qui
850 2092 915 2132 cum
936 2073 1083 2133 mercibus
1103 2074 1245 2149 vectigali
1266 2074 1403 2135 obnoxiis

77 2154 221 2214 terminos
235 2154 397 2213 transierat
410 2173 504 2230 neque
518 2153 618 2214 iussus
632 2155 769 2214 voluerat
783 2153 956 2226 consistere,
978 2154 1030 2213 sed
1048 2154 1136 2213 celeri
1151 2173 1239 2213 cursu
1260 2156 1402 2231 aufugere

78 2236 231 2306 tentabam
260 2238 348 2310 atque
369 2234 457 2292 etiam
478 2234 509 2292 in
530 2235 642 2305 virum,
671 2233 720 2311 qui
742 2236 779 2293 ob
801 2234 933 2293 criminis
955 2234 1151 2312 suspicionem
1180 2234 1218 2292 ad
1239 2236 1402 2294 custodiam

79 2314 249 2386 ducebatur,
272 2315 324 2373 sed
345 2315 445 2389 fugam
466 2314 635 2390 arripiebat

78 2418 256 2489 Qussarrua
278 2421 307 2478 1⁰
331 2420 460 2479 liceatne
482 2419 639 2496 aliquando
664 2424 695 2479 et
715 2422 752 2479 ob
774 2439 848 2497 quas
869 2439 976 2480 causas
997 2420 1131 2481 homines
1153 2421 1295 2482 occidere.

277 2511 307 2566 2ο
331 2508 399 2585 quid
420 2509 455 2567 de
476 2508 570 2584 gestis
591 2508 715 2584 Evagrii
736 2509 775 2568 sit
796 2509 959 2569 dicendum.

671 2692 808 2761 Solutio.

166 2835 219 2899 An
235 2855 426 2911 ouansrrun
444 2839 481 2899 1⁰¹
502 2835 539 2902 a.
560 2838 588 2900 l.
624 2835 758 2913 Causae,
783 2836 824 2900 ob
840 2856 922 2918 quas
938 2835 1059 2900 homini
1075 2835 1237 2901 hominem
1253 2835 1400 2901 occidere
1410 2850 1462 2906 508

75 2924 163 3002 licet,
180 2924 299 2990 saltem
315 2925 341 2989 si
355 2924 394 2989 de
407 2923 532 2990 directa
548 2925 709 2989 occisione
725 2925 845 3007 agitur,
863 2945 1023 2989 summum
1040 2924 1123 2989 duae
1139 2930 1215 2991 sunt
1234 2923 1266 3006 1)
1279 2925 1400 2990 crimen

76 3013 295 3115 puniendum,
308 3013 350 3114 2).
366 3013 511 3166 degefisio
528 3017 644 3080 contra
661 3034 898 3096 aggressorem.
937 3013 989 3078 Ad
1006 3014 1201 3079 alterutrum
1225 3017 1401 3079 revocatur

77 3107 175 3168 etnam
200 3123 317 3168 oocrsro
340 3124 373 3166 1n
420 3123 492 3168 eo.

164 3200 203 3266 R.
229 3203 259 3267 2.
305 3198 523 3265 Nihilominus
552 3199 738 3280 gravissimi
768 3205 920 3266 auctores
943 3199 1164 3265 defensionem
1195 3204 1310 3265 contra
1339 3221 1399 3283 ag-

75 3310 259 3371 gressorem
284 3310 348 3353 non
363 3293 531 3370 tamquam
548 3288 705 3355 directam
722 3288 915 3354 occisionem
936 3288 1140 3374 permittunt,
1164 3289 1223 3354 sed
1237 3293 1399 3371 quatenus

74 3383 208 3445 maneat
231 3377 349 3444 occisio
372 3378 541 3444 indirecta.

165 3476 202 3542 a.
227 3479 257 3542 3.
305 3475 357 3541 Ad
380 3475 589 3552 occisionem,
614 3475 754 3557 quaein
778 3496 916 3560 poenam
940 3474 1112 3558 infligitur,
1136 3475 1324 3541 necessaria
1347 3481 1399 3542 est

74 3569 222 3647 potestas
249 3564 379 3649 publica
402 3585 505 3648 eaque
528 3585 696 3649 suprema,
727 3565 781 3630 vel
811 3568 960 3648 potestas
983 3585 1004 3630 a
1026 3584 1179 3648 suprema
1201 3563 1399 3632 auctoritate

74 3675 255 3722 commissa.

162 3753 200 3818 R.
219 3755 249 3818 4.
289 3750 453 3817 Indirecta
477 3752 595 3817 occisio
619 3772 662 3816 ex
677 3750 779 3816 variis
803 3750 1057 3818 circumstantiis
1079 3750 1171 3818 licita
1194 3755 1304 3835 potest
1320 3772 1398 3817 eva·

74 3840 167 3917 dere,
198 3844 389 3907 occurrente
412 3840 539 3906 scilicet
561 3841 689 3906 ratione
712 3839 795 3906 adeo
818 3840 929 3923 gravi,
960 3861 1044 3923 quae
1074 3839 1218 3906 sufficiat
1241 3840 1281 3905 ad
1306 3861 1397 3924 sper-

74 3931 213 3996 nendum
237 3930 417 4015 periculum
440 3930 530 3995 vitae
554 3930 705 4014 privatae
729 3929 908 3994 oriundum.

161 4047 214 4110 An
237 4066 428 4120 ouassmum
452 4047 491 4108 2¹¹²
515 4046 552 4111 R..
581 4048 596 4109 l
623 4044 664 4109 ad
686 4048 829 4128 priorem
853 4064 973 4109 casum.
1020 4043 1054 4108 si
1079 4043 1242 4124 Euagrius
1265 4042 1457 4127 proprio509

73 4139 194 4212 marte,
224 4134 366 4199 iussione
390 4133 443 4198 vel
466 4133 681 4200 instructione
704 4132 880 4217 superioris
904 4132 954 4197 sui
977 4153 1041 4197 non
1065 4137 1216 4214 accepta,
1245 4132 1293 4198 ita
1316 4132 1395 4213 egit,

73 4228 109 4291 ut
137 4223 170 4288 in
201 4244 296 4301 casu,
327 4223 475 4304 graviter
501 4223 666 4307 peccavit,
698 4226 836 4305 excepto
861 4243 955 4300 casu,
987 4242 1051 4304 quo
1075 4221 1136 4286 sibi
1160 4221 1329 4303 aggressio
1353 4241 1395 4286 ex

70 4317 166 4397 parte
189 4312 327 4378 alicuius
350 4312 541 4378 imminebat
563 4312 618 4394 qui
641 4312 823 4378 accederet.

159 4418 198 4486 R.
217 4422 247 4484 2.
287 4419 388 4483 Immo
411 4418 440 4483 si
463 4440 520 4501 pro
544 4417 641 4482 simili
665 4439 743 4482 casu
766 4416 939 4482 instructio
956 4416 1107 4483 militaris
1127 4415 1252 4491 aderat,
1278 4415 1394 4480 nihilo-

72 4507 177 4573 minus
200 4507 318 4574 occisio
342 4512 415 4572 erat
437 4507 567 4583 illicita,
599 4506 660 4571 nisi
685 4507 784 4572 fuerit
814 4507 1001 4571 necessaria
1031 4506 1072 4570 ad
1097 4505 1311 4571 avertendam
1335 4525 1393 4586 ag-

71 4597 283 4678 gressionem.
322 4597 416 4661 Alias
439 4596 524 4661 enim
549 4596 660 4661 debuit
684 4617 756 4661 esse
780 4617 887 4679 poena
908 4595 993 4661 iuste
1016 4615 1075 4678 pro
1100 4593 1234 4659 crimino
1258 4593 1391 4660 inflicta.

845 4719 847 4723 ⁴
1124 4699 1178 4751 17*
