3106 5168
160 280 224 344 240
277 275 318 330 De
336 275 485 331 virtutibus
503 280 531 331 et
549 275 648 331 officiis
665 292 731 344 erga
749 275 879 331 homines.
899 306 932 316 -
952 274 1076 331 Virtutes
1094 274 1216 330 iustitiae
1233 292 1364 330 annexae.

250 451 288 518 R.
306 453 337 518 2.
376 450 537 519 Rudolfus
553 453 796 530 inoboedientia,
820 451 998 519 siluerunt
1017 473 1071 518 res
1087 452 1308 535 quotidianae,
1333 457 1486 519 censetur

160 540 335 607 venialiter
356 544 487 607 tantum
510 560 682 625 peccasse;
705 543 873 623 irrisione,
903 541 933 607 si
961 541 1025 608 fuit
1047 547 1123 627 post
1145 547 1276 624 tergum
1300 548 1483 626 pareutum,

161 630 262 696 etiem
285 629 475 708 venialiter,
499 628 598 695 immo
621 630 685 696 etsi
708 651 817 696 coram
841 631 1047 714 parentibus,
1079 652 1144 696 nou
1167 631 1264 697 facile
1287 631 1482 708 mortaliter,

161 718 238 801 quie
269 718 464 804 supponitur
494 718 639 785 abfuisse
670 720 783 802 gravis
815 723 1022 804 contemptus
1055 719 1203 786 internus
1235 724 1270 787 et
1298 721 1395 804 plena
1426 719 1484 786 ad·

160 807 335 876 vertentia.

249 905 288 972 R.
313 908 343 972 3.
391 907 596 973 Provocaado
627 907 674 972 ad
702 908 855 972 lacrimae
884 906 947 972 diei
977 906 1090 989 nequit
1112 906 1274 973 Rudolfus
1300 906 1486 973 mortaliter

160 1014 330 1080 peccasse,
354 993 383 1059 si
405 994 476 1078 ipse
499 994 568 1077 egit
591 1016 633 1061 ex
656 995 813 1075 levitate,
838 999 872 1062 et
896 995 1046 1079 quaestio
1068 999 1120 1062 est
1143 996 1183 1061 de
1206 1001 1313 1062 matre
1336 1016 1421 1078 quae
1444 995 1485 1061 ed

161 1084 313 1150 lacrimas
341 1104 446 1168 prona
476 1088 536 1151 est.
560 1122 604 1132 --
628 1084 727 1150 Aliud
757 1085 854 1168 plane
883 1083 946 1151 dici
976 1085 1073 1151 debet
1102 1085 1142 1150 de
1171 1084 1246 1150 filiis
1276 1085 1331 1150 vel
1356 1084 1485 1150 filiabus

160 1172 347 1249 maioribus,
372 1172 427 1255 qui
451 1173 592 1257 superba
614 1176 649 1239 et
667 1194 781 1239 amare
797 1173 997 1241 tractatione
1019 1178 1174 1258 parentes
1197 1174 1240 1240 ad
1261 1173 1414 1240 lacrimas
1430 1195 1485 1239 us·

161 1283 223 1344 que
247 1261 453 1329 contristant.

250 1359 289 1426 lt.
314 1361 345 1425 4.
394 1360 511 1444 Optare
533 1361 653 1425 malam
675 1380 718 1425 ex
746 1380 784 1425 se
813 1360 952 1426 mortale
979 1363 1155 1443 peccatum¹
1173 1365 1240 1436 est,
1274 1360 1421 1426 simodo
1445 1360 1484 1425 de

161 1447 257 1530 gravi
286 1447 374 1513 malo
406 1448 533 1530 egitur,
565 1469 630 1514 non
660 1448 700 1514 de
729 1471 766 1514 re
795 1450 893 1533 plene
923 1449 1004 1526 levi,
1035 1448 1120 1515 sicut
1147 1449 1295 1515 accidere
1318 1453 1430 1533 potest
1452 1449 1484 1514 in

162 1558 262 1621 puero
287 1536 342 1618 qui
365 1536 470 1602 solum
493 1540 588 1620 optat
611 1539 754 1620 effugere
770 1559 908 1622 poenam
932 1543 968 1604 et
990 1538 1088 1622 cupit,
1113 1541 1150 1604 ut
1171 1543 1277 1605 mater
1300 1538 1484 1603 inincessu

162 1627 268 1704 fallet,
294 1631 330 1692 ut
352 1626 423 1710 ipse
445 1626 551 1710 possit
573 1628 725 1709 effugere.

251 1724 290 1789 R.
322 1725 352 1789 5.
399 1725 537 1791 Demum
567 1727 711 1791 resistcre
740 1723 881 1808 positive
911 1746 1028 1791 manus
1056 1724 1218 1791 iniciendo
1248 1725 1303 1789 vel
1332 1724 1484 1800 minando

163 1834 206 1877 ex
229 1834 265 1878 se
287 1833 391 1895 greve
414 1813 478 1878 erit
500 1817 688 1897 peccatum,
721 1818 820 1896 atque
844 1813 944 1880 etiam
968 1814 1000 1879 in
1024 1813 1165 1880 Rudolfo
1195 1835 1295 1898 puero
1318 1813 1351 1878 id
1375 1812 1484 1889 fuerit,

163 1901 225 1966 nisi
255 1922 291 1966 re
320 1901 393 1985 ipsa
422 1902 492 1967 sine
515 1902 689 1968 sufficienti
718 1902 978 1969 consideratione
1005 1902 1126 1984 egerit:
1158 1902 1244 1986 quod
1267 1902 1485 1968 confessarius

163 1990 320 2074 indagare
344 1991 450 2059 debet.

458 2180 613 2248 Plures
639 2181 822 2248 FILIALIS
846 2182 875 2248 Α
899 2181 1012 2247 FILIO
1037 2179 1189 2248 eluse.

719 2332 829 2400 Casus.
857 2339 932 2409 (ree)

251 2475 412 2550 Rogeriue,
434 2474 512 2533 filius
535 2477 571 2533 19
592 2493 744 2545 annorum,
766 2473 842 2532 male
863 2473 1069 2549 morigeratus,
1090 2472 1235 2532 rationem
1256 2472 1287 2530 in
1307 2473 1377 2532 vino
1399 2474 1485 2550 sopit,

163 2555 280 2614 domum
310 2574 448 2614 reversus
478 2560 582 2614 contra
611 2562 734 2612 matrem
764 2553 937 2625 insolescit,
968 2552 1110 2612 conviciis
1141 2573 1206 2612 eam
1235 2559 1355 2624 oneret,
1386 2554 1439 2612 vix
1469 2573 1485 2612 a

163 2636 335 2694 verberibus
357 2634 494 2694 abstinet.
536 2632 620 2704 Quod
642 2653 707 2693 cum
728 2633 786 2692 iam
808 2635 927 2710 saepius
949 2633 1076 2707 egisset,
1105 2633 1220 2692 demum
1247 2639 1333 2710 peter
1354 2632 1382 2692 ei
1405 2653 1485 2710 pree·

164 2715 252 2792 cipit,
274 2720 322 2787 ut,
344 2715 371 2774 si
392 2715 449 2774 sibi
468 2734 588 2774 manere
609 2714 683 2774 velit
702 2713 791 2784 filius,
812 2715 843 2772 in
864 2732 1028 2789 cauponam
1049 2732 1087 2771 ne
1107 2714 1233 2790 amplius
1254 2712 1358 2790 pedem
1378 2713 1486 2773 inferet

164 2802 195 2855 et
222 2795 357 2871 sequenti
386 2795 532 2854 dominica
560 2794 607 2853 die
635 2813 701 2853 cum
729 2794 791 2853 Deo
819 2794 1090 2853 reconciliationem
1117 2795 1148 2852 in
1170 2794 1361 2853 Sacramenta
1389 2795 1486 2871 paeni·

163 2877 275 2935 tentiae
290 2882 421 2952 quaeret.
452 2876 536 2934 Haec
550 2875 667 2951 quidem
680 2875 826 2949 Regerius
847 2874 988 2950 neglegit,
1010 2875 1062 2933 sed
1084 2879 1171 2934 cavet
1191 2893 1228 2932 ne
1250 2873 1349 2933 ebrius
1370 2877 1483 2934 dornrnn

163 2965 334 3032 revertatur,
355 2956 406 3015 sed
428 2954 527 3032 potius
548 2955 626 3032 apud
647 2955 773 3014 amicum
795 2953 965 3014 devertitur.

164 3061 340 3131 Qusunmun
361 3060 504 3136 quomodo
525 3060 670 3136 Rogeriue
691 3059 869 3137 peccaverit.

758 3227 893 3295 Salutio.

101 3386 154 3438 470
252 3369 305 3435 Au
329 3391 520 3446 qusesrrun
543 3371 582 3436 R.
610 3373 638 3436 1.
685 3369 839 3436 Convicia
862 3369 992 3452 quidem
1016 3369 1056 3434 ab
1081 3368 1170 3435 ebrio
1198 3369 1329 3452 prolata
1351 3391 1416 3434 non
1439 3367 1485 3433 ite

164 3459 389 3537 aestimentur,
414 3481 519 3542 neque
543 3461 602 3524 bac
627 3463 748 3525 rationo
773 3464 925 3525 censetur
948 3459 989 3523 ab
1012 3458 1139 3524 ebrioso
1162 3458 1322 3524 ebrietate
1338 3458 1486 3541 graviter

164 3549 301 3631 peccari.
349 3549 470 3613 Verum
495 3548 627 3630 Rogerii
651 3548 798 3614 convicia
821 3549 973 3614 videntur
996 3547 1122 3613 atrocia
1145 3547 1262 3624 fuisse,
1293 3553 1394 3629 atque
1421 3548 1485 3612 sal-

164 3644 231 3702 tem
255 3637 462 3703 comminatio
483 3640 665 3714 verberum,
691 3659 710 3703 a
734 3638 849 3720 quibus
872 3636 1057 3719 infligendis
1080 3636 1138 3701 vix
1161 3636 1276 3713 abfuit,
1301 3641 1354 3702 est
1376 3635 1486 3719 gravis

165 3731 279 3791 contra
302 3732 440 3793 matrem
463 3727 581 3791 iniuria
605 3731 639 3792 et
662 3727 890 3803 irreverentia,
915 3748 1012 3809 quam
1036 3727 1095 3791 sub
1119 3726 1214 3808 gravi
1237 3726 1323 3791 lilius
1347 3726 1486 3791 debebat

165 3816 300 3882 evitare.
348 3815 458 3880 Prima
486 3815 587 3899 igitur
616 3815 703 3894 vice,
734 3815 762 3880 si
791 3815 878 3881 farte
908 3814 1048 3880 nescivit
1078 3836 1113 3880 se
1137 3815 1170 3880 in
1198 3820 1288 3881 statu
1316 3814 1485 3881 ebrietatis

165 3905 206 3969 ad
237 3904 311 3968 illos
342 3925 496 3969 excessus
527 3904 705 3988 proclivem
729 3925 816 3981 esse,
848 3904 955 3987 potuit
977 3904 1105 3970 ratione
1134 3903 1272 3969 istarum
1295 3903 1485 3969 iniuriarum

166 4015 185 4058 a
208 3993 339 4058 mortali
363 3999 497 4076 peccato
522 3992 686 4069 excusari,
712 3994 775 4059 etei
798 3994 958 4060 ebrietate
981 3993 1052 4077 ipsa
1075 3993 1259 4059 mortaliter
1282 3993 1484 4076 peccaverit;

165 4104 288 4159 verum,
314 4104 385 4147 cum
409 4083 473 4147 iam
498 4105 539 4148 ex
556 4083 789 4149 consuetudine
813 4089 924 4149 nosset
949 4103 1103 4147 excessus
1127 4104 1219 4159 suos,
1244 4103 1282 4147 eo
1306 4082 1376 4165 ipso
1402 4082 1483 4166 quod

165 4193 200 4236 se
224 4172 452 4250 inebriaverit,
483 4172 631 4254 graviter
653 4173 804 4255 peccavit
828 4177 942 4237 contra
966 4172 1139 4255 pietatem,
1170 4171 1251 4237 satis
1275 4172 1486 4255 probabiliter

164 4261 360 4345 praevidens
389 4282 425 4326 se
452 4266 592 4327 matrem
616 4261 769 4326 iniuriose
792 4266 1012 4328 tractaturum
1035 4282 1117 4328 esse.
1162 4261 1263 4343 quue
1287 4281 1401 4326 verum
1425 4265 1483 4336 est,

165 4351 227 4415 etsi
252 4351 394 4415 ebrietas
417 4351 545 4417 ratione
568 4351 618 4415 sui
642 4372 705 4415 non
729 4351 830 4417 fuerit
853 4352 949 4434 plena
973 4371 1033 4416 neo
1056 4350 1215 4417 mortalis.

254 4450 292 4514 lt.
318 4452 348 4514 2.
396 4449 508 4525 Pater,
534 4453 570 4513 ut
593 4448 625 4511 iu
657 4453 826 4525 esseest,
851 4449 916 4513 filio
940 4449 1095 4531 imposuit
1118 4447 1238 4512 serium
1262 4454 1483 4532 praeceptum,

165 4537 260 4618 idque
292 4539 387 4620 plane
415 4538 502 4603 intre
532 4537 651 4602 limites
684 4543 842 4620 paternae
870 4537 1055 4620 potestatis.
1103 4537 1209 4613 Quare
1240 4537 1300 4602 hoc
1333 4537 1484 4603 violando

165 4627 325 4706 Rogerius
356 4629 461 4692 denuo
491 4627 638 4708 graviter
670 4627 835 4710 peccavit,
864 4633 933 4691 tum
956 4626 1170 4708 frequentans
1194 4647 1391 4709 cauponem,
1416 4634 1483 4695 tum
