3106 5168
149 279 214 343 324
286 273 332 330 De·
344 275 493 331 virtutibus
510 278 540 330 et
556 274 655 330 officiis
672 292 738 343 erga
756 274 886 330 homines.
904 305 941 314 -
959 274 1011 330 Off.
1030 275 1103 330 ciros
1120 274 1191 330 bona
1208 279 1331 330 externa.

150 454 273 519 Verum
297 453 378 520 haec
399 474 509 519 rerum
533 452 679 519 condicio
703 456 813 537 potest
836 453 964 536 quidem
989 474 1061 518 esse
1085 453 1275 519 transitoria
1302 458 1336 519 et
1366 451 1477 517 brevis

150 543 318 627 temporis,
342 563 385 608 ex
407 563 444 608 se
466 563 531 608 uon
554 540 708 608 diuturna
730 543 783 608 vel
807 542 993 608 habitualis.
1039 542 1126 608 Fieri
1148 546 1259 608 tamen
1283 544 1403 625 potest,
1429 545 1476 619 ut,

150 632 179 698 si
201 630 317 714 reliqui
340 629 471 715 patroni
493 633 594 697 nolint
618 631 768 698 altiorem
791 632 974 697 mercedem
997 631 1142 708 solvere,
1176 652 1259 696 unus
1282 651 1340 695 seu
1363 629 1477 711 singu-

150 721 230 787 laris
252 724 411 804 patronus
425 721 531 804 impos
546 720 591 787 sit
613 721 687 804 plus
702 721 868 798 solvendo,
893 721 955 786 nisi
971 720 1053 787 velit
1067 741 1141 786 cum
1156 741 1215 786 suo
1231 719 1349 785 damno
1365 740 1477 801 agere.

89 844 142 902 640
240 836 293 899 An
316 854 508 910 usaasmuu
532 836 571 898 2³
594 833 633 899 R.
660 836 688 900 l.
736 833 788 899 Ex
817 833 908 899 lucro
938 833 1067 918 patroni
1097 834 1179 900 satie
1208 855 1328 916 magno
1359 855 1420 919 per
1442 855 1478 899 se

152 923 300 989 concludi
328 944 393 988 nou
423 926 550 1006 potest,
581 922 763 988 mercedem
794 943 866 988 esse
896 925 983 989 iusta
1011 922 1179 990 minorem.
1225 923 1312 989 Nam
1336 922 1479 1008 operarii

152 1033 217 1079 non
246 1011 431 1078 necessario
461 1032 520 1095 per
549 1012 680 1076 modum
709 1012 879 1079 societ-atie
906 1033 979 1077 cum
1008 1016 1148 1096 patrono
1172 1012 1334 1079 coniuncti
1358 1033 1480 1096 suppo·

152 1105 290 1178 nuntur3
314 1100 373 1166 sed
388 1101 519 1177 suflicit,
542 1105 579 1167 ut
594 1107 794 1178 contractus,
811 1101 917 1184 qualis
933 1121 1006 1166 cum
1022 1100 1240 1177 mercenariis,
1256 1102 1397 1178 ineatur,
1415 1122 1479 1184 quo

152 1192 190 1257 fit
219 1194 257 1257 ut
286 1211 398 1255 eorum
427 1190 557 1256 labores
581 1190 700 1255 cedant
721 1191 754 1254 in
778 1190 903 1255 lucrum
927 1190 1124 1256 damnumve
1153 1191 1283 1273 patroni
1307 1190 1478 1266 variabile,

152 1279 233 1364 ipsis
264 1283 418 1346 manente
450 1278 570 1344 salario
602 1280 679 1348 fixo.
726 1279 759 1345 Si
791 1284 949 1363 patronus
980 1279 1082 1362 igitur
1113 1284 1247 1363 propter
1278 1278 1479 1362 singularem

152 1367 346 1435 industriam
362 1368 417 1433 vel
431 1367 601 1433 scientiam
617 1371 652 1434 et
667 1367 911 1445 dexteritatem,
935 1369 989 1433 vel
1003 1373 1140 1452 propter
1154 1367 1356 1451 ‘singularem
1373 1368 1479 1434 fortu-

153 1478 229 1523 nam
259 1457 332 1541 plus
363 1456 482 1523 ceteris
511 1476 591 1522 suae
621 1455 819 1522 condicionis
841 1458 1077 1523 mercatoribus
1101 1458 1265 1534 lucratur,
1294 1457 1328 1523 id
1358 1463 1479 1541 potest,

153 1547 248 1612 salva
271 1545 408 1622 iustitia,
432 1546 493 1611 sibi
515 1546 668 1624 retinere,
693 1546 721 1611 si
744 1546 840 1611 modo
863 1546 1044 1612 mercedem
1065 1547 1261 1613 naturaliter
1277 1546 1398 1614 iustam
1415 1547 1480 1612 sol·

155 1635 250 1701 verit.
298 1634 362 1700 Sed
391 1635 420 1700 si
449 1640 598 1718 tempore
621 1635 731 1717 magni
759 1635 840 1701 lucri
869 1636 1082 1719 prosperique
1104 1656 1275 1702 successus
1298 1636 1480 1702 mercedem

154 1724 212 1788 vix
233 1724 344 1789 elevat
358 1744 457 1807 supra
473 1723 593 1790 limites
609 1723 736 1790 infimos
751 1724 906 1803 iustitiae,
932 1745 997 1790 non
1012 1724 1123 1792 licebit
1139 1725 1168 1790 ei
1184 1729 1332 1808 tempore
1348 1724 1481 1790 minoris

153 1813 237 1878 lucri
260 1813 314 1878 vel
337 1812 436 1878 etiam
459 1812 642 1879 transitorii
666 1813 777 1879 damni
800 1814 1109 1898 propterdamnum,
1134 1814 1219 1897 quod
1243 1835 1302 1898 pro
1332 1818 1481 1899 tempore

155 1923 312 1987 passurus
334 1901 388 1978 sit,
412 1901 594 1967 mercedem
619 1902 705 1967 infra
728 1901 848 1969 limites
872 1903 954 1968 alias
976 1902 1081 1968 iustos
1105 1903 1296 1986 deprimere.

245 2008 284 2074 R.
310 2010 340 2074 2.
388 2008 421 2073 Si
445 2014 604 2091 patronus
627 2009 750 2074 lucrum
774 2030 927 2091 magnum
953 2031 1012 2092 pro
1035 2031 1071 2075 se
1095 2009 1230 2092 colligit,
1254 2009 1315 2075 loci
1339 2013 1375 2074 et
1397 2013 1482 2074 tem·

155 2097 244 2181 poris
266 2098 543 2176 consuetudinem,
568 2098 596 2162 si
619 2119 655 2162 re
674 2098 745 2182 ipsa
760 2118 886 2163 merces
902 2098 989 2164 infra
1004 2099 1124 2164 iustum
1140 2103 1262 2176 manet,
1286 2098 1348 2164 sibi
1364 2099 1482 2164 saltem

156 2207 215 2270 pro
245 2186 373 2253 ratione
397 2207 524 2252 sumere
548 2208 613 2252 non
638 2191 766 2272 potest,
797 2191 834 2254 ut
857 2187 941 2253 hanc
964 2187 1147 2253 mercedem
1169 2188 1326 2252 minorem
1351 2191 1482 2254 tantum

156 2275 281 2353 solvat,
315 2274 378 2342 etsi
409 2275 465 2340 alii
497 2275 639 2342 fortasse
671 2285 807 2360 propter
836 2276 919 2341 lucri
949 2276 1113 2342 defectum
1143 2279 1351 2343 excusentur.
1399 2277 1483 2343 Utut

155 2363 189 2428 hi
213 2368 328 2431 contra
351 2364 510 2431 iust'tiam
534 2386 598 2431 non
621 2370 775 2448 peccant,
808 2364 878 2449 ipse
901 2365 1049 2450 peccabit
1073 2370 1190 2433 contra
1211 2365 1370 2433 iustitiam
1395 2387 1482 2431 com·

157 2453 362 2520 mutativam.

95 2584 146 2639 641
247 2570 300 2632 An
323 2589 515 2644 uuausrruu
534 2572 573 2634 3„
595 2570 634 2635 R.
654 2572 682 2635 1.
715 2569 746 2635 Si
772 2589 897 2634 merces
920 2591 979 2653 pro
1002 2569 1074 2635 loco
1098 2574 1132 2635 et
1154 2576 1302 2654 tempore
1325 2574 1484 2636 consueta

158 2656 298 2723 solvitur
327 2661 426 2740 atque
456 2657 512 2723 alii
535 2659 655 2723 adsunt
678 2657 835 2740 operarii,
866 2658 920 2740 qui
943 2658 1000 2723 illa
1023 2658 1182 2723 mercedis
1204 2679 1358 2724 mensura
1386 2659 1484 2742 plane

159 2745 304 2813 contenti
328 2749 420 2812 sunt:
452 2746 583 2812 difficile
607 2748 779 2812 admodum
804 2751 838 2812 et
861 2768 972 2812 rarum
994 2747 1074 2824 erit,
1099 2753 1136 2814 ut
1159 2757 1272 2814 constet
1295 2748 1335 2812 de
1358 2747 1484 2813 iustitia

158 2857 200 2900 ex
230 2839 325 2919 parte
354 2836 484 2919 patroni
515 2836 614 2902 laesa.
662 2837 768 2913 Quare
791 2835 824 2900 in
852 2836 913 2901 hoc
935 2857 1013 2901 casu
1044 2837 1188 2920 practice
1212 2836 1383 2902 Almachio
1408 2858 1483 2901 con·

159 2925 337 2990 cedendum
360 2945 425 2990 non
448 2929 515 3003 est,
547 2930 583 2991 ut
610 2925 740 3009 proprio
765 2929 869 2990 marte
892 2925 989 2990 titulo
1013 2926 1287 3008 compensationis
1310 2926 1373 2991 sibi
1396 2927 1484 2992 ultra

159 3013 340 3079 mercedem
363 3014 555 3098 stipulatam
579 3015 700 3096 aliquid
723 3019 841 3081 sumat.
858 3053 903 3061 —
918 3014 1026 3091 Aliud,
1051 3016 1078 3078 si
1103 3016 1204 3080 ceteri
1227 3015 1324 3082 etiam
1343 3015 1484 3098 operarii

159 3124 201 3168 ex
231 3104 303 3169 sola
332 3103 529 3169 necessitate
560 3104 664 3169 coacti
696 3104 824 3168 demum
853 3103 887 3167 in
910 3104 1092 3168 mercedem
1116 3105 1355 3176 consentirent,
1387 3126 1482 3186 quam

159 3197 327 3258 constaret
350 3214 422 3258 esse
445 3193 599 3258 iniustam
623 3198 657 3258 et
680 3213 777 3273 quam
800 3192 930 3275 patroni
954 3192 1023 3256 sine
1047 3214 1106 3257 suo
1130 3194 1246 3258 damno
1263 3214 1386 3275 augere
1411 3215 1483 3277 pos-

159 3285 242 3347 sent.
289 3281 336 3347 cf.
366 3283 422 3348 To.
446 3305 486 3347 m.
510 3282 534 3359 1,
560 3284 641 3357 940;
667 3281 698 3347 S.
723 3281 841 3363 Alph.
865 3281 922 3357 ΙΠ,
948 3284 1011 3345 522
1028 3304 1076 3364 sq.

249 3388 287 3453 R.
313 3391 342 3452 2.
390 3388 561 3465 Similiter,
586 3388 612 3452 si
637 3387 802 3452 accideret
825 3424 868 3431 -
892 3388 1125 3469 utaliquando
1148 3390 1266 3465 fit-,
1292 3393 1328 3455 ut
1352 3393 1484 3473 praeter

160 3476 403 3560 stipulationem
434 3481 568 3561 propter
590 3477 736 3542 rationes
759 3497 823 3541 uon
848 3497 970 3558 aequae
993 3476 1113 3559 aliquid
1138 3478 1178 3541 de
1201 3478 1351 3542 mercede
1375 3479 1484 3545 detra·

160 3565 301 3642 beretur‚
327 3566 367 3630 ad
391 3565 423 3629 id
448 3566 573 3631 occulte
596 3565 657 3631 sibi
681 3565 955 3650 compensandum
979 3566 1126 3648 operario
1151 3566 1201 3630 ius
1225 3570 1285 3632 est.
