3106 5168
397 303 550 358 Translstio
569 304 620 359 iur.
639 322 665 374 p.
684 306 841 358 contractus
859 333 894 340 -
912 309 1041 356 motuum
1315 304 1379 370 437

57 478 286 544 coniunctione
323 479 641 546 circumstantiarum
678 484 864 546 nostrorum
899 483 1082 564 temporum
1115 482 1149 544 et
1184 478 1382 544 condicionis

59 567 288 634 oeconomicae
316 568 450 644 nititur,
489 569 610 653 pendet
640 569 748 652 quoad
779 569 1060 635 determinandam
1090 568 1309 650 quantitatem
1341 568 1382 634 ab

58 656 289 723 aestimatione
313 657 484 736 communi,
510 658 572 736 vel,
597 657 625 723 si
648 658 739 740 leges
762 659 824 724 hac
846 657 879 722 in
898 679 934 723 re
951 657 1125 734 exsistunt,
1149 657 1382 723 adetermina·

61 746 152 812 tione
174 745 284 828 legali.

148 851 188 919 lt.
213 854 243 917 2.
290 850 338 917 Ut
361 857 471 919 autem
494 856 607 918 texam
632 853 773 934 legalem
797 854 850 918 vel
874 852 1108 919 consuetudine
1132 851 1383 918 determinatam

58 940 219 1005 excedere
243 940 357 1017 bceat,
389 941 600 1023 requiruntur
629 962 748 1008 causae
771 942 940 1026 speciales,
964 961 1048 1024 quae
1072 940 1249 1007 ostendant
1275 943 1384 1025 ploras

58 1029 220 1095 interesse
238 1029 377 1112 pecunia
401 1030 442 1095 ad
465 1034 596 1114 tempus
618 1030 752 1115 privari.
786 1030 876 1108 Quae
899 1051 1018 1097 causae
1041 1035 1119 1096 sunt
1142 1033 1267 1117 antiqui
1288 1031 1383 1112 tituli,

60 1119 101 1182 ob
135 1139 217 1200 quos
246 1117 392 1200 theologi
421 1119 519 1185 licere
548 1119 701 1187 dixerant
732 1119 874 1202 aliquam
906 1140 1038 1185 usuram
1068 1139 1110 1184 ex
1137 1124 1250 1185 mutuo
1280 1116 1385 1203 perci·

59 1228 148 1291 pere,
172 1206 259 1289 iique
283 1216 426 1274 consueto
447 1212 629 1294 praetores,-
652 1209 821 1276 videlicet:

153 1303 185 1385 1)
209 1305 360 1370 damnum
378 1326 558 1388 emergens,
583 1306 612 1371 si
635 1306 740 1372 maius
756 1306 909 1372 damnum
931 1306 972 1371 ob
988 1305 1168 1371 carentiam
1184 1325 1264 1371 suae
1288 1325 1385 1388 pecu·

60 1393 137 1458 niae
171 1394 351 1459 mutuatori
381 1415 416 1460 re
447 1415 526 1461 vera
554 1395 739 1462 immineat:
771 1396 857 1478 quod
886 1396 1051 1477 integrum
1074 1416 1095 1460 a
1117 1393 1317 1461 mutuatario
1348 1397 1385 1459 ut

59 1482 123 1547 sibi
146 1487 375 1565 compensetur
397 1488 566 1550 mutuator
580 1488 693 1569 petere
709 1489 837 1570 potest,
862 1484 983 1550 nemini
1006 1483 1091 1549 enim
1115 1482 1273 1561 officium,
1298 1483 1385 1565 quod

60 1571 346 1726 pltgrinprpgegtat,
372 1572 470 1638 debet
492 1594 620 1642 nocere.
666 1574 713 1643 df.
739 1575 772 1642 S.
796 1574 912 1658 Alph.
937 1573 1001 1651 Ill,
1028 1575 1091 1639 769
1115 1593 1182 1655 sq.;
1206 1572 1386 1655 Aertnijs

154 1758 188 1840 2)
212 1759 337 1823 lucrum
362 1780 511 1838 cessans,
543 1760 572 1825 si
602 1760 752 1826 nimirum
784 1781 819 1825 re
843 1760 914 1844 ipsa
936 1759 1094 1843 pecuniae
1118 1759 1265 1826 carentis
1288 1779 1388 1824 causa

61 1847 115 1925 sit,
142 1868 199 1912 cur
221 1851 390 1914 mutuator
404 1849 529 1915 lucrum
553 1871 619 1914 non
634 1849 746 1928 faciat,
770 1849 856 1932 quod
873 1849 956 1915 alias
971 1849 1119 1915 facturus
1135 1853 1233 1915 esset.
1265 1848 1402 1913 Verum·

61 1935 90 2000 si
114 1940 247 2020 praeter
275 1937 446 2020 pecuniam
476 1939 621 2004 laborem
651 1938 838 2022 impendere
862 1938 1014 2015 deberet,
1047 1938 1166 2003 saltem
1198 1935 1280 2002 lucri
1311 1957 1388 2020 pars

61 2025 168 2090 labori
191 2025 380 2103 tribuenda,
412 2048 517 2110 neque
550 2027 635 2093 hanc
664 2032 791 2111 partem
822 2026 882 2092 sibi
913 2027 1186 2111 compensandam
1218 2025 1388 2108 postulare

63 2118 176 2198 potest
199 2135 219 2180 a
242 2116 459 2189 mutuatario;
490 2116 596 2181 minus
620 2117 719 2183 etiam
752 2117 877 2182 lucrum
900 2115 1069 2199 probabile
1092 2136 1150 2198 pro
1181 2115 1272 2179 lucro
1296 2116 1387 2178 certo

65 2224 189 2287 ponere
211 2207 331 2287 potest.
379 2205 411 2271 S.
435 2204 555 2289 Alph.
580 2205 656 2272 ibid.

153 2301 189 2383 3)
204 2301 383 2385 periculum
395 2302 508 2368 sortis:
525 2324 567 2367 ex
582 2323 647 2386 quo
659 2305 706 2379 fit,
722 2308 769 2381 ut,
786 2301 815 2367 si
830 2305 986 2367 consueto
1002 2299 1214 2386 periculosior
1227 2300 1271 2365 sit
1287 2318 1388 2380 nego·

65 2389 172 2466 tiatio,
196 2389 229 2454 in
253 2411 317 2473 qua
340 2391 478 2473 pecunia
494 2391 697 2470 adhibeatur,
721 2391 776 2456 vel
799 2390 1018 2457 mutuatarius
1033 2388 1251 2474 personaliter
1272 2408 1388 2472 parum

63 2479 165 2557 fidus,
196 2483 332 2563 propter
360 2481 422 2546 hoc
451 2481 556 2546 solum
586 2481 764 2565 periculum
789 2500 930 2546 annuum
960 2479 1088 2545 lucrum
1111 2478 1216 2544 maius
1239 2476 1389 2561 stipulari

62 2566 150 2633 iuste
179 2568 303 2650 possit:
336 2589 441 2651 neque
474 2575 649 2654 propterea
678 2573 843 2636 mutuator
871 2569 1061 2653 impeditur,
1096 2569 1173 2650 quin
1205 2566 1327 2652 possit,
1360 2565 1389 2631 si

63 2656 244 2740 periculum
277 2678 342 2722 non
375 2659 519 2725 evaserit
551 2658 675 2725 facturn
707 2659 814 2736 reale,
850 2662 965 2743 postea
996 2662 1101 2725 totam
1135 2660 1256 2722 sortem
1290 2654 1390 2722 etiam

63 2745 220 2828 recipere.
267 2745 304 2810 ln
327 2767 390 2829 quo
415 2769 493 2812 casu
516 2769 596 2813 sane
619 2750 743 2813 luorum
768 2747 900 2813 habebit
923 2768 1091 2828 magnum;
1116 2767 1230 2811 verum
1253 2744 1281 2810 si
1304 2744 1390 2828 peri·

65 2834 174 2900 culum
210 2835 380 2902 transierit
417 2837 450 2901 in
484 2837 573 2902 reale
608 2838 779 2913 damnum,
819 2838 890 2901 loco
925 2836 1007 2901 lucri
1042 2835 1273 2902 detrimentum
1309 2833 1390 2900 satis

64 2944 222 3006 magnum
259 2923 413 2991 incurret.
472 2925 634 3002 Quantum
671 2931 780 2992 autem
819 2926 880 2990 boc
918 2924 1014 2990 titulo
1049 2924 1195 3007 recipere
1233 2922 1303 2988 sine
1341 2922 1391 2986 in·

65 3012 193 3078 iustitia
224 3013 342 3095 possit,
374 3013 404 3077 id
437 3013 566 3079 diverse
596 3014 877 3081 determinandum
908 3017 959 3078 est
990 3034 1031 3078 ex
1061 3012 1196 3096 periculi
1225 3010 1391 3093 magnitu-

66 3103 150 3168 dine.
205 3101 267 3167 Est
298 3101 385 3166 enim
416 3103 494 3168 illud
526 3104 731 3169 auctuarium
764 3103 903 3186 pretium
935 3102 1095 3184 quoddam
1126 3099 1390 3177 assecurationis,

66 3191 153 3273 quod
183 3195 352 3256 mutuator
380 3192 509 3257 solvere
532 3193 684 3270 deberet,
715 3192 743 3256 si
768 3213 839 3256 cum
870 3191 970 3257 tertio
994 3190 1133 3273 quodam
1158 3191 1198 3254 de
1221 3209 1391 3254 assecura-

65 3282 157 3433 {3⁰⁰⁰
184 3300 264 3431 sluaa
294 3280 393 3345 sortis
417 3283 635 3348 contraheret.
681 3280 771 3358 Quae
793 3301 847 3345 res
871 3300 942 3345 cum
967 3279 1059 3344 aleae
1082 3277 1266 3354 subiaceat,
1297 3297 1390 3342 suam

90 3370 169 3434 abet
205 3369 407 3436 atitudinem.

157 3487 211 3552 An
226 3507 417 3563 ouansrruu
443 3490 482 3551 2¹⁰
504 3488 543 3553 R.
571 3492 598 3553 l.
645 3488 682 3551 In
706 3487 878 3552 ordinariis
908 3485 1160 3551 circumstantiis
1183 3486 1307 3550 lucrum
1332 3506 1391 3550 an·
1401 3502 1454 3558 863

66 3597 167 3642 nuum
185 3574 493 3660 censetur-5⁰10,
518 3576 566 3642 its
582 3579 619 3641 ut
642 3576 706 3641 iarn
731 3576 772 3641 ad
792 3575 1032 3641 iustificandum
1048 3576 1172 3640 lucrum
1189 3571 1254 3656 6⁰l0
1270 3573 1391 3656 aliquid

66 3665 212 3750 speciale
236 3665 390 3732 accedere
414 3665 541 3743 debeat,
566 3687 596 3731 v.
614 3687 645 3747 g.
672 3664 799 3730 occasio
822 3664 955 3730 insolita
977 3663 1104 3729 felicius
1125 3663 1315 3746 negotiandi
1337 3664 1393 3729 vel

65 3756 174 3821 minor
189 3754 237 3819 rei
253 3757 366 3820 mutuo
382 3755 526 3820 traditae
541 3754 710 3819 securitas.
750 3753 912 3838 Imprimis
929 3753 1035 3836 quoad
1054 3752 1202 3818 ultimam
1220 3753 1391 3830 rationem,

68 3842 219 3910 defectus
249 3843 437 3909 securitatis
467 3864 524 3908 sen
555 3843 734 3926 periculum
756 3843 803 3908 rei
831 3846 945 3908 mutuo
969 3841 1111 3908 traditae
1134 3863 1198 3907 non
1223 3863 1392 3908 commune

67 3935 186 3999 adesse
206 3932 312 4010 debet,
336 3932 434 4014 idque
456 3933 571 4009 mains,
596 3936 633 3997 ut
656 3931 800 4015 permitti
824 3932 929 4015 possit
952 3930 1118 4015 perceptio
1142 3928 1390 4014 8⁰l0ve110⁰l0.

66 4022 288 4089 Nihilominus
304 4021 462 4086 eiusmodi
486 4021 760 4098 circumstantiae,
784 4041 860 4086 raro
878 4020 1016 4103 quidem,
1041 4021 1157 4086 adesse
1179 4025 1325 4103 possunt,
1351 4039 1392 4084 ex

67 4112 186 4196 quibus
209 4131 274 4175 non
301 4114 341 4176 10
364 4114 518 4187 tantum„
541 4110 600 4174 sed
623 4111 720 4191 longe
744 4110 870 4193 plures,
904 4112 946 4175 20
970 4110 1166 4175 centesimae
1197 4107 1392 4191 etamplius

66 4200 214 4267 evadant
236 4199 352 4266 iustae.

158 4303 197 4367 R.
223 4305 253 4368 2.
300 4300 396 4367 Unde
419 4303 512 4383 patet
534 4321 599 4364 nou
622 4320 840 4383 praepropere
866 4298 1043 4364 Achatium
1067 4319 1139 4364 esse
1163 4297 1391 4373 damnandum,

68 4392 127 4458 sed
152 4412 226 4456 esse
249 4389 513 4455 examinandum.
545 4389 597 4454 Ita
613 4389 712 4453 etiam
734 4388 908 4471 ,spectatis
933 4386 1185 4453 circumstantiis
1208 4390 1393 4468 temporum

68 4486 102 4548 et
126 4479 276 4547 raritatis
304 4478 478 4562 pecuniae“
508 4498 528 4542 a
558 4477 589 4542 S.
615 4476 777 4542 Officio
802 4477 934 4542 dimissa
958 4482 1009 4543 est
1031 4497 1089 4540 seu
1113 4475 1256 4543 tolerata
1279 4473 1392 4556 praxis

67 4569 188 4637 alicubi
223 4569 357 4634 invecta
395 4566 593 4650 percipiendi
618 4565 698 4646 8⁰l0:
742 4567 780 4629 18
813 4565 891 4631 Deo.
927 4568 1027 4641 1872;
1070 4564 1111 4632 of.
1152 4564 1253 4629 lbcol.
1289 4585 1329 4628 m.
1365 4562 1391 4640 l,

71 4662 157 4728 1108
180 4662 305 4724 notem.
