3106 5168
465 292 559 348 Status
577 292 738 362 religiosus:
762 295 901 362 diocense,
918 297 1046 348 ds‘miaaic.
1354 298 1417 362 157

182 469 223 536 R.
247 474 278 537 3.
318 469 471 535 Dimissio
494 491 537 535 ex
562 448 659 554 parte
686 470 809 536 ordinis
839 491 882 536 ex
904 471 1004 537 certis
1028 471 1136 537 causis
1159 471 1229 537 fieri
1252 474 1363 555 potest
1385 470 1418 536 in

92 558 262 624 ordinibus
284 558 512 641 religiosorum
535 580 595 643 per
616 559 704 625 solos
734 559 936 644 superiores,
966 565 1097 628 retento
1120 566 1232 627 tamon
1255 561 1363 626 forma
1385 565 1420 627 et

91 648 190 714 modo
213 648 247 714 in
269 648 422 715 instituto
445 649 499 714 vel
523 669 542 714 a
567 649 598 714 S.
624 648 707 714 Sede
730 649 951 733 praescriptis,

183 755 224 820 R.
248 757 279 820 4.
326 754 363 819 In
392 754 554 821 institutis
583 753 745 838 religiosis
774 758 926 821 votorum
954 754 1147 840 simplicium
1172 755 1337 822 distinctio
1361 757 1482 822 επὶ-312

91 843 235 910 hibenda
257 847 319 910 est.
355 843 389 911 Si
405 844 516 926 agitur
534 843 574 908 de
590 843 751 910 institutis
767 843 977 923 dioecesanis,
1002 865 1085 927 quae
1101 844 1194 910 Sedis
1209 844 1421 929 Apostolicae

92 932 365 1017 approbationem
387 933 441 998 vel
465 932 778 999 commendationem
801 933 944 998 nondum
966 939 1119 1000 assecuta
1138 939 1225 1012 sunt,
1250 935 1420 1019 episcopus

92 1022 261 1088 dimittere
284 1026 383 1105 atque
406 1025 487 1088 vota
502 1022 630 1087 solvere
647 1025 775 1105 potest3
799 1022 842 1087 ad
858 1023 1048 1088 solvendum
1064 1026 1174 1089 tamen
1191 1027 1303 1089 votum
1320 1024 1420 1090 casti·

92 1112 176 1177 tatis
194 1117 375 1195 perpetuae
397 1111 524 1194 indiget
546 1110 718 1195 privilegio
743 1111 811 1177 aS.
827 1110 911 1177 Sede
935 1115 1087 1195 accepto;
1112 1113 1293 1178 cavendum
1308 1117 1420 1179 tamen

93 1206 163 1278 est,
194 1221 236 1266 ne
265 1201 423 1266 eiusmodi
455 1200 642 1266 dimissione
673 1200 724 1265 ius
754 1199 843 1267 tertii
873 1200 1040 1278 laedatur,
1071 1222 1129 1267 seu
1156 1222 1197 1266 ne
1219 1203 1279 1267 det
1309 1201 1420 1267 insciis

93 1289 355 1357 moderatoribus
377 1289 527 1372 iusteque
554 1289 830 1356 dissentientibus.
878 1289 924 1356 cf.
949 1289 1086 1356 Constit.
1114 1290 1307 1372 ,Conditne“
1334 1291 1364 1357 d.
1389 1292 1419 1358 d.

94 1382 114 1444 8
139 1380 219 1444 Dec.
246 1381 341 1445 1900.

186 1468 221 1534 Si
250 1467 361 1550 agitur
384 1469 423 1532 de
447 1467 607 1534 institutis
637 1488 658 1532 a
688 1467 720 1535 S.
751 1467 835 1532 Sede
865 1468 1056 1551 approbatis
1086 1468 1141 1533 vel
1170 1467 1419 1535 commendatis:

94 1559 239 1623 dionissio
266 1556 396 1638 quidem
419 1560 470 1623 est
493 1578 593 1640 penes
616 1555 840 1623 moderatores
863 1557 916 1622 vel
939 1557 1183 1633 moderatrices,
1208 1558 1351 1623 serratis
1373 1558 1420 1623 le·

94 1646 191 1728 gibus
221 1645 364 1712 instituti
394 1649 494 1728 atque
521 1644 695 1730 pontificiis
724 1645 881 1723 decretis;
912 1646 1097 1713 condonare
1126 1650 1237 1712 autem
1267 1652 1346 1713 vota
1369 1652 1421 1713 est

96 1736 192 1801 unius
208 1736 240 1801 S.
257 1734 361 1802 Sedis.
399 1735 452 1800 Ita
474 1735 593 1801 saltem
615 1734 650 1799 iu
672 1734 833 1801 institutis
855 1734 1025 1800 mulierum
1043 1741 1077 1802 et
1093 1735 1237 1801 virorum
1253 1736 1420 1804 laicorum.

95 1825 199 1889 Immo
230 1824 330 1891 etiam
360 1845 420 1908 pro
452 1824 614 1891 inst'tutis
643 1823 788 1889 virorum
818 1844 882 1888 non
912 1845 1001 1890 mere
1025 1824 1183 1890 laicorum
1205 1826 1287 1892 haec
1310 1828 1420 1910 reputa

95 1919 167 1989 est;
198 1912 304 1979 videri
326 1917 440 1980 tamen
463 1913 575 1990 debet,
606 1934 684 1977 num
706 1911 891 1979 institutum
919 1914 1109 1996 ampliorem
1133 1915 1295 1999 receperit
1317 1914 1421 1980 facul-

94 2008 212 2069 tatem.
257 2002 338 2068 Ibid.
363 2002 472 2069 Const.
499 2002 704 2082 ,Conditoe“.

186 2091 224 2156 In
236 2090 396 2158 institutis
411 2091 605 2157 feminarum
618 2089 869 2157 constitutiones
885 2091 950 2158 aS.
963 2089 1047 2156 Sede
1063 2093 1266 2176 approbatae
1282 2091 1421 2175 plerum·

96 2201 160 2262 que
183 2180 217 2245 id
240 2184 374 2258 cavent,
398 2185 445 2258 ut,
470 2179 598 2262 quando
622 2180 662 2245 de
685 2199 797 2245 sorore
821 2179 1015 2247 dimittenda
1038 2185 1174 2262 agatur,
1205 2201 1357 2246 recursus
1380 2181 1422 2247 ad

96 2271 129 2338 S.
154 2269 272 2334 Sedem
295 2271 354 2336 fiat
377 2290 451 2335 curn
474 2269 608 2334 consilio
638 2269 794 2334 ordinarii
817 2268 897 2334 loci:
920 2269 962 2335 de
985 2291 1049 2353 quo
1072 2270 1114 2336 ci.
1131 2268 1336 2354 Schuppe,
1360 2271 1423 2336 Die

96 2358 525 2446 Fraompeoosacnacbnften
548 2379 619 2441 cap.
644 2361 675 2436 4,
700 2356 718 2439 ἐ
742 2362 772 2424 2.

186 2463 226 2531 R.
251 2466 282 2530 5.
306 2463 439 2528 Dimissi
462 2464 503 2528 ab
527 2463 684 2529 eiusmodi
707 2463 1031 2546 congregationibus,
1056 2463 1084 2529 si
1108 2468 1187 2530 vota
1210 2465 1319 2530 soluta
1341 2485 1422 2530 non·
1432 2472 1484 2526 313

97 2554 173 2617 dum
197 2556 290 2630 sunt,
320 2556 489 2631 tenentur,
513 2556 550 2618 ut
573 2573 615 2618 ex
639 2553 734 2618 dictis
757 2557 864 2637 patet,
893 2553 980 2619 votis
1003 2552 1203 2637 simplicibus
1226 2557 1260 2619 et
1282 2553 1423 2636 privatis

97 2642 129 2708 S.
147 2640 298 2706 Pontifici
321 2642 510 2708 reservatis.
547 2642 668 2706 Verum
692 2642 918 2708 oboedientiae
941 2646 1054 2708 votum
1072 2642 1142 2707 fere
1158 2643 1349 2710 destituitur
1364 2664 1422 2708 suo

96 2730 242 2805 obiecto;
267 2731 471 2814 paupertatis
488 2736 611 2807 votum,
636 2752 708 2796 cum
732 2730 776 2796 sit
791 2731 931 2816 simplex
947 2751 1052 2814 neque
1069 2731 1200 2796 dominii
1216 2732 1422 2798 habilitatem

97 2840 204 2902 neque
225 2819 370 2885 testandi
394 2820 586 2886 facultatem
609 2820 756 2898 auferat,
789 2821 894 2885 solum
917 2820 1056 2904 imponit
1078 2821 1281 2886 moderatam
1305 2821 1337 2885 in
1362 2843 1422 2886 usu

97 2930 207 2973 rerum
231 2908 486 2992 dispositionem.
525 2908 743 2974 Nihilominus
763 2930 826 2991 quo
842 2909 974 2975 liberius
997 2914 1032 2975 et
1054 2909 1159 2976 tutius
1182 2910 1204 2974 ii
1220 2910 1275 2991 qui
1299 2910 1423 2975 dimissi

96 2998 220 3063 fuerint
249 2998 376 3081 possint
399 3019 514 3079 agere,
546 2999 723 3064 curandum
748 3004 815 3075 est,
846 3003 883 3065 ut
905 3019 965 3082 per
987 3000 1018 3065 S.
1043 2999 1159 3064 Sedem
1183 3000 1314 3082 plenam
1337 3000 1423 3065 acci·

97 3087 191 3170 plaut
214 3087 420 3153 solutionem.
455 3087 544 3164 Quae
567 3109 631 3152 non
647 3108 722 3152 raro
739 3087 786 3153 sic
802 3088 908 3165 datur,
933 3093 970 3154 ut
984 3088 1145 3154 intactum
1161 3093 1294 3154 maneat
1310 3093 1422 3154 votum

97 3176 274 3243 castitatis.
322 3176 385 3242 Sed
415 3176 543 3243 etiamsi
573 3176 634 3241 hoo
659 3177 732 3242 Sedi
756 3176 968 3260 Apostolicae
991 3181 1196 3243 reservatum
1222 3198 1294 3242 esse
1316 3177 1350 3241 in
1373 3177 1423 3242 in·

97 3269 282 3332 strumento
306 3265 558 3349 dispensationis
583 3286 739 3349 expresse
763 3265 964 3333 declaratum
987 3265 1103 3343 fuerit,
1133 3265 1166 3330 id
1190 3287 1255 3331 non
1277 3265 1422 3349 impedit,

97 3355 177 3438 quin
204 3359 322 3420 exorta
345 3376 445 3421 causa
472 3356 513 3420 ab
537 3376 592 3432 eo,
617 3355 671 3438 qui
695 3376 738 3420 ex
762 3354 933 3438 privilegio
956 3355 990 3420 in
1013 3354 1099 3420 votis
1123 3354 1302 3421 reservatis
1325 3356 1424 3421 casti·

98 3444 180 3511 tatis
205 3448 268 3510 etc.
293 3444 483 3528 dispensare
512 3444 633 3528 possit,
664 3444 865 3527 dispensatio
895 3445 949 3509 vel
972 3445 1183 3510 commutatio
1207 3445 1422 3510 concedatur:

98 3533 162 3598 nisi
186 3533 319 3600 litterae
343 3533 602 3617 dispensatoriae
625 3536 756 3619 memoli
778 3533 926 3598 clausula
949 3533 1049 3599 etiam
1072 3533 1133 3599 hoc
1156 3533 1366 3600 excluserint.

189 3657 242 3720 Ao
265 3677 456 3732 qunsrruu
480 3659 519 3720 2¹¹¹
542 3657 581 3722 R.
607 3660 634 3722 l.
675 3657 737 3721 Pro
762 3660 912 3721 votorum
937 3655 1129 3740 simplicium
1153 3655 1314 3722 institutis
1337 3657 1424 3721 viro·
1434 3670 1486 3723 314

97 3765 170 3810 rum
196 3745 363 3811 decretum
386 3745 504 3810 Leonis
528 3745 607 3810 XIII
631 3745 661 3810 d.
679 3746 747 3811 (1.4
772 3745 857 3811 Nou.
878 3747 963 3810 1892
987 3765 1103 3810 causas
1128 3744 1312 3812 dimittendi
1327 3746 1425 3811 valde

97 3833 289 3900 restrinxit:
320 3856 434 3899 verum
464 3834 545 3899 haec
576 3834 727 3900 instituta
756 3835 927 3899 mulierum
958 3855 1022 3899 non
1051 3838 1203 3916 tangunt.
1256 3835 1423 3912 Attamen,

98 3921 162 3988 nisi
192 3923 331 4007 amplior
364 3922 506 3989 facultas
540 3922 573 3988 in
599 3923 679 4008 ipsis
712 3922 1000 3990 constitutionibus
1029 3923 1152 3988 ordinis
1181 3923 1252 3989 sive
1287 3945 1424 4006 cougre-

98 4010 244 4094 gationis
268 4032 425 4096 expresse
449 4015 483 4077 et
506 4012 688 4096 approbata
711 4018 778 4090 est,
809 4017 885 4097 post
911 4016 992 4078 vota
1014 4017 1173 4096 perpetua
1197 4012 1317 4079 emissa
1339 4013 1424 4079 ratio

99 4101 285 4168 dimittendi
315 4123 380 4166 non
410 4101 473 4167 erit
504 4101 631 4165 nisiex
655 4102 750 4185 culpa
774 4101 885 4183 gravi,
917 4123 1000 4184 quae
1028 4107 1086 4168 aut
1107 4102 1425 4184 incorrigibilitatem

100 4192 265 4274 quandam
289 4191 442 4257 ostendat
465 4191 518 4255 vel
542 4190 732 4255 scandalum
756 4211 859 4272 grave
883 4191 982 4256 etiam
1006 4192 1173 4257 extraneis
1197 4198 1342 4274 generet.

190 4296 229 4362 R.
255 4299 285 4362 2.
310 4297 390 4362 Post
412 4300 493 4361 rota
515 4301 738 4380 temporanea,
763 4296 790 4361 si
814 4302 945 4380 tempus
966 4298 1111 4380 elapsum
1135 4297 1252 4363 fuerit:
1278 4296 1426 4362 monialis

101 4408 159 4471 per
188 4407 225 4451 se
255 4386 408 4451 recedere
431 4389 557 4469 potest;
589 4385 668 4450 ordo
699 4406 757 4450 seu
784 4386 997 4469 congregatio
1020 4387 1123 4451 libera
1147 4387 1209 4452 erit
1232 4388 1294 4451 hoc
1317 4407 1424 4461 sensu,

101 4481 153 4553 ut,
179 4475 207 4540 si
237 4475 388 4541 monialis
418 4496 460 4539 ex
489 4475 584 4557 culpa
608 4495 668 4539 sua
691 4496 755 4539 non
779 4475 994 4552 satisfecerit,
1026 4475 1130 4558 possit
1153 4475 1273 4540 dimitti
1303 4496 1359 4539 seu
1384 4475 1425 4538 ad

100 4586 187 4631 nova
210 4569 291 4631 vota
313 4586 377 4629 non
408 4564 546 4630 admitti.
593 4563 626 4630 Si
649 4585 809 4629 summum
832 4565 883 4629 ius
899 4563 1098 4648 respicimus,
1123 4564 1206 4628 idem
1223 4563 1293 4628 fieri
1316 4568 1427 4647 potest

102 4660 237 4739 propter
265 4653 514 4738 ineptitudinem
545 4653 588 4719 ad
617 4673 754 4720 munera
783 4653 953 4736 religiosa;
984 4673 1181 4735 quamquam
1204 4653 1370 4719 rarissime
1393 4652 1426 4717 id
