3106 5168
171 304 239 369 loa
311 294 1356 367 mammaemaeamm-oamnmm

765 496 902 567 Solatia

111 651 162 707 911
262 642 316 707 Aa
337 658 529 717 cumana
547 642 585 705 1³
599 639 640 708 ll.
666 642 696 707 1.
725 638 845 707 libera
859 638 1078 707 conventione
1091 638 1170 708 licet
1184 640 1370 723 marafim
1385 646 1493 711 certae

173 728 379 797 condiciones
393 727 613 797 constituere:
636 749 721 813 qaae
743 727 773 795 si
795 728 954 795 honestae
968 733 1056 809 sunt,
1081 727 1202 797 debent
1215 730 1355 797 servari.
1386 730 1493 799 Parti·

173 818 336 887 cuderibm
366 816 609 885 condicionibus
630 838 675 885 ex
704 818 809 885 libera
831 816 1049 884 conventione
1080 816 1227 885 oriundis
1256 817 1492 901 deficientibus,

171 907 325 977 standum
348 910 401 975 est
429 906 558 989 legibus
579 905 724 991 regionis
746 907 800 973 vel
822 906 1049 974 eonsuetudini
1071 906 1144 975 loci.
1167 944 1213 957 ·-
1233 908 1342 992 Leges
1373 914 1493 990 satem.

170 1016 256 1081 quae
279 1016 361 1063 onus
382 994 555 1080 imponunt
576 994 665 1063 nultra
687 994 873 1064 naturalem
898 994 1102 1079 aequitatem
1116 1000 1217 1081 atque
1231 997 1266 1063 in
1280 1002 1494 1085 praesumpta

171 1085 268 1172 arripe
290 1084 479 1162 tundantur,
504 1084 642 1153 absente
663 1084 762 1169 eulpa
775 1082 963 1166 theologica
977 1106 1043 1151 nan
1066 1084 1215 1170 obligant
1235 1085 1271 1153 in
1292 1086 1494 1157 canscientia

171 1175 234 1242 nisi
256 1178 334 1260 poet
354 1173 519 1242 estimem
541 1172 576 1239 in
597 1172 671 1241 faro
693 1177 832 1241 externo
854 1170 990 1241 molam.

260 1280 300 1349 ll.
324 1282 355 1347 2.
401 1279 544 1347 Locatar
571 1298 642 1345 rem
663 1277 797 1345 madere
819 1277 917 1347 debat
937 1278 1059 1358 alem.
1091 1278 1179 1347 siout
1199 1284 1401 1349 conventura
1424 1286 1492 1359 aa

169 1373 306 1455 propter
328 1366 491 1435 defectum
514 1387 580 1434 non
601 1366 779 1434 notabilem
802 1370 993 1435 contractus
1015 1388 1080 1433 non
1101 1368 1400 1449 damnabilis,
1432 1370 1493 1439 ald

170 1456 313 1544 pretium
344 1476 405 1543 pro
435 1460 512 1524 rata
541 1455 646 1540 possit
675 1455 787 1522 reduci
816 1453 865 1539 (Ο.
890 1455 998 1523 Germ.
1021 1455 1041 1539 ἕ
1064 1458 1162 1541 542);
1191 1458 1373 1527 lanatarius
1401 1460 1492 1527 linita

169 1546 334 1614 locatione
355 1566 427 1613 rem
447 1544 585 1612 reddere
607 1544 707 1613 debet
720 1544 850 1628 qualem
865 1545 999 1630 recepit,
1022 1544 1073 1613 ita
1094 1548 1133 1613 ut
1153 1547 1195 1614 de
1216 1547 1427 1616 detrimemia
1447 1549 1492 1616 rei

170 1638 334 1713 teneatur,
358 1633 505 1719 exceptis
527 1633 584 1713 iia,
616 1654 701 1717 quae
730 1654 784 1699 ree
806 1654 849 1701 ex
880 1654 940 1700 usu
963 1634 1179 1702 communiter
1209 1636 1346 1721 patitur.
1392 1636 1492 1705 (lasus

170 1729 282 1793 autem
304 1723 459 1791 fortuitos
480 1722 551 1789 sine
583 1723 681 1807 culpa
708 1725 843 1789 exortos
871 1743 936 1790 nan
966 1722 1146 1791 lacatarius
1172 1726 1232 1793 sed
1252 1726 1383 1793 locator
1411 1725 1490 1797 fert:

170 1813 205 1881 in
228 1834 295 1897 qua
316 1833 353 1879 re
375 1812 527 1879 diversae
548 1811 640 1895 leges
663 1810 792 1879 diverse
821 1815 974 1879 statam
995 1814 1105 1896 quoad
1126 1812 1356 1898 probationem
1378 1814 1492 1901 culpae

171 1903 225 1970 vel
247 1900 462 1971 immunitatis
485 1923 507 1968 a
528 1900 642 1986 cnlpa3
665 1900 725 1967 aed
745 1901 775 1967 si
797 1899 895 1984 culpa
907 1900 1096 1984 theologica
1110 1901 1228 1982 abfuit,
1249 1901 1433 1971 locatarius
1453 1904 1491 1972 iis

170 1991 299 2076 legibus
313 2011 379 2058 aon
394 1995 528 2058 tenetur
542 1989 604 2057 nisi
618 1992 696 2074 post
708 1988 825 2056 iudicis
835 1990 1035 2058 senteutiam
1047 1989 1135 2061 iuste
1149 1991 1262 2060 latam
1286 1990 1351 2073 (Cf.
1361 1992 1397 2061 c.
1408 1993 1490 2061 dall.

170 2085 235 2149 art.
262 2082 365 2157 1734;
389 2078 423 2147 0.
449 2078 558 2147 Germ.
582 2080 601 2161 Q
625 2080 689 2145 547
712 2076 800 2163 sqq.)

125 2231 130 2239 -
259 2186 298 2254 R.
329 2190 361 2253 3.
406 2185 606 2252 Rescindere
640 2188 846 2252 contractum
877 2188 957 2253 ante
989 2188 1120 2270 tempus
1154 2206 1197 2253 ex
1231 2186 1329 2271 gram
1362 2191 1489 2257 anam

170 2296 271 2343 causa
292 2274 387 2353 licet;
417 2274 561 2359 alloquia
584 2272 762 2341 locatarias
783 2294 843 2359 pro
866 2277 939 2342 toto
961 2279 1111 2360 tempore
1132 2295 1197 2358 qao
1220 2280 1414 2345 conmeatus
1435 2278 1489 2345 ob·

169 2365 310 2521 3322}
321 2383 475 2521 doletque
497 2363 541 2430 ad
554 2362 738 2449 proximum
753 2363 929 2429 terminum
944 2384 1009 2445 quo
1023 2363 1125 2431 licoat
1139 2385 1213 2431 eum
1227 2365 1335 2444 finire,
1359 2386 1488 2433 censum

258 2552 298 2618 R.
321 2555 353 2617 4.
399 2549 512 2628 Quoad
541 2568 634 2615 asum
667 2548 713 2615 rei
739 2548 921 2639 locatarias
952 2570 1018 2615 non
1039 2554 1151 2634 potest
1172 2550 1283 2617 facere
1309 2572 1407 2619 usum
1435 2554 1489 2619 ab·

169 2640 312 2717 usivum;
344 2639 451 2722 quoad
480 2638 738 2705 sublooationem
768 2637 816 2704 rei
846 2638 976 2705 locatae
998 2638 1111 2705 eiasve
1133 2638 1239 2724 partis
1261 2641 1417 2708 standum
1439 2646 1489 2708 est

170 2728 298 2812 legibus
320 2727 393 2806 laci,
417 2748 501 2810 quae
525 2727 620 2792 modo
644 2747 715 2794 eam
731 2725 937 2812 permittunt,
962 2727 1023 2792 nisi
1045 2726 1079 2794 in
1102 2732 1278 2796 contractu
1301 2728 1487 2814 specialiter

170 2817 215 2884 sit
236 2815 413 2884 interdicta
435 2816 482 2899 (C.
508 2816 610 2883 Gall.
636 2836 665 2882 a.
693 2816 806 2898 1717),
839 2816 935 2882 modo
958 2837 1032 2883 eam
1054 2818 1248 2897 excludunt,
1271 2817 1336 2885 nisi
1358 2819 1393 2885 in
1416 2840 1488 2886 oon·

169 2911 280 2975 tractu
303 2906 404 2972 fuerit
426 2905 585 2991 permissa
609 2904 656 2985 (C.
682 2905 809 2971 Germ.
834 2904 852 2987 ἕ
876 2905 965 2987 549).

107 3028 160 3088 ala
258 3021 311 3087 Aa
334 3041 525 3098 aunnsmau
549 3022 587 3083 2¹²
612 3018 651 3085 a.
679 3022 707 3085 1.
749 3018 861 3095 Quoad
884 3019 1025 3086 subitam
1049 3023 1239 3086 contractae
1254 3021 1486 3089 'rescissionem

168 3110 239 3177 iure
263 3113 393 3178 Germ.
418 3109 436 3192 Q
461 3112 525 3174 544
549 3113 679 3175 cautum
703 3112 773 3185 est,
804 3112 841 3174 ut
863 3115 997 3192 propter
1020 3109 1240 3176 condicionem
1263 3110 1380 3178 domus
1402 3112 1486 3178 vale

167 3200 272 3268 tudini
296 3199 486 3266 notabiliter
507 3198 681 3264 adversam
705 3196 826 3264 locatio
841 3197 981 3263 rescindi
996 3198 1110 3264 statim
1133 3197 1245 3282 possit,
1271 3202 1398 3267 etiam
1420 3224 1485 3268 ean·

169 3291 251 3357 diedo
275 3292 386 3355 domus
420 3289 573 3354 locatorio
605 3295 680 3352 uota
708 3288 825 3369 faerit,
861 3290 955 3353 immo
979 3287 1018 3353 ab
1044 3309 1077 3353 eo
1109 3292 1328 3354 renuntiatum
1359 3294 1401 3356 ait
1423 3292 1486 3356 iuri

168 3382 332 3445 locationis
355 3378 595 3443 rescindendae.
641 3375 730 3453 Quae
759 3376 814 3441 lex
844 3396 924 3441 sane
953 3376 1042 3443 iusta
1064 3379 1135 3454 est;
1165 3397 1272 3459 neque
1303 3383 1417 3445 tamen
1439 3379 1485 3446 iu·

168 3467 256 3535 iusta
278 3471 367 3533 esset
389 3465 470 3544 alia,
502 3464 641 3547 quaein
672 3464 731 3530 tali
761 3485 840 3530 casu
863 3484 954 3544 eum,
985 3465 1040 3547 qui
1067 3464 1173 3531 sciens
1202 3470 1238 3533 et
1263 3467 1380 3534 valens
1413 3489 1486 3535 aaa·

167 3557 336 3635 traxisset,
360 3559 495 3638 cogeret
517 3555 559 3619 ad
581 3554 773 3620 solvendum
795 3553 936 3638 pretium
959 3553 1131 3620 locationis
1153 3554 1327 3638 integrum.

257 3663 296 3729 a.
321 3666 351 3728 2.
398 3662 461 3727 Pro
484 3666 649 3745 tempore,
679 3682 744 3744 quo
776 3681 812 3726 re
841 3661 914 3745 ipae
936 3661 1067 3728 Clodius
1099 3661 1195 3728 domo
1224 3663 1389 3731 eonducta
1410 3684 1486 3729 usus

168 3757 228 3830 est,
252 3751 380 3818 iustitia
401 3750 515 3833 exigit,
538 3755 576 3817 ut
599 3770 715 3815 census
738 3750 914 3834 stipulatus
937 3751 1102 3828 solvatur,
1126 3750 1147 3818 i.
1172 3770 1200 3818 e.
1223 3772 1283 3835 pra
1306 3756 1383 3818 rata
1404 3757 1486 3818 tem·

167 3839 264 3925 paria.
297 3842 397 3905 Imma
414 3840 511 3907 silex
527 3838 670 3922 regionis
686 3860 769 3915 eum,
794 3839 938 3922 quicum
956 3840 1053 3923 plena
1075 3839 1123 3905 rei
1139 3840 1325 3923 cognitione
1340 3842 1389 3907 sic
1412 3864 1486 3908 can-

167 3930 324 4007 trexerit,
349 3929 390 3994 ad
413 3931 486 4013 plus
509 3929 701 3993 solvendum
724 3928 865 4010 obligat,
890 3950 1019 4007 cenem,
1044 3929 1149 4012 legem
1173 3930 1261 3994 illam
1286 3929 1388 3996 etiam
1411 3936 1486 3997 ante

167 4019 363 4086 sententiam
386 4018 500 4083 iudicis
523 4016 567 4082 ibi
591 4018 746 4099 obligare,
770 4019 865 4083 modo
888 4019 1029 4102 pretium
1046 4018 1089 4084 sit
1107 4019 1324 4095 moderatum3
1350 4042 1416 4085 non
1432 4021 1485 4085 ob·

166 4110 280 4192 ligare,
304 4130 346 4174 ne
369 4113 444 4191 post
466 4106 580 4171 iudicis
595 4106 792 4172 sententiam
809 4107 947 4188 quidem,
973 4107 999 4172 si
1016 4107 1162 4173 condicio
1182 4108 1239 4173 illa
1262 4109 1352 4174 mala
1375 4109 1485 4191 ignota

166 4200 263 4283 plane
286 4197 444 4264 locatario
468 4199 541 4262 erat
570 4216 612 4259 ex
642 4195 737 4277 culpa
760 4216 818 4259 seu
848 4196 963 4262 fraude
986 4197 1156 4269 locatoris;
1188 4197 1326 4278 obligari
1357 4198 1484 4280 quidem

166 4289 223 4353 sed
247 4293 322 4371 post
345 4285 541 4353 sententiam
571 4283 685 4348 iudicis
715 4287 853 4362 tantum,
878 4285 906 4349 si
935 4286 1050 4367 ignata
1072 4286 1230 4352 locatorio
1254 4291 1328 4352 erat
1351 4309 1396 4353 ex
1419 4289 1485 4354 eius

167 4377 376 4459 neglegentia
400 4396 457 4440 seu
481 4374 577 4458 culpa
599 4372 746 4439 iuridica.

104 4491 156 4545 913
255 4484 294 4547 a.
319 4486 348 4546 3.
395 4482 444 4546 De
473 4480 543 4544 iure
575 4477 763 4543 sublocandi
793 4477 923 4543 domum
953 4480 1116 4546 desertam
1147 4500 1253 4545 sermo
1278 4501 1352 4547 esse
1377 4482 1486 4566 nequit

165 4573 228 4638 nisi
252 4570 355 4635 relate
378 4571 419 4634 ad
443 4570 475 4634 id
499 4574 637 4651 tempus,
662 4588 721 4651 pro
745 4588 808 4648 quo
832 4567 961 4632 Clodius
985 4569 1084 4633 etiam
1108 4573 1183 4652 post
1206 4574 1371 4637 mutatam
1395 4572 1483 4637 habi·

163 4660 326 4728 tutionem
348 4679 478 4723 censum
501 4658 630 4723 locatae
652 4656 767 4722 domus
790 4657 917 4723 debeat.
957 4656 1099 4734 Quodsi
1122 4678 1181 4741 pro
1204 4658 1315 4742 aliquo
1339 4661 1484 4746 temporo
