3106 5168
521 299 664 355 censurae.
684 329 719 338 —
738 298 817 353 Notio
835 302 864 353 st
882 301 1003 356 effectus.
1357 307 1423 372 503

98 475 281 542 intenditur
303 475 521 557 delinquentis
544 475 744 553 emendatio,
776 497 840 558 qna
870 480 984 543 secuta
1006 498 1082 542 reus
1106 478 1245 559 quodam
1268 479 1339 545 inre
1361 501 1422 546 suo

99 565 204 649 petit,
234 570 273 630 ut
295 586 315 630 a
338 584 443 648 poena
466 564 624 630 solvatur.
671 565 798 631 Dicitur
824 567 1019 632 christianus
1048 587 1105 631 sen
1130 568 1326 652 baptizatus,
1357 590 1422 652 quo

99 656 258 720 efferatur
285 653 467 719 Ecclesiam
502 653 535 717 in
566 674 622 718 eos
656 655 743 719 solos
779 675 872 719 suam
901 655 1156 721 iurisdictionem
1186 656 1421 724 vindicativam

99 763 264 810 exercere.
281 778 323 787 —
347 743 474 807 Dicitur
497 750 674 821 contumax,
699 764 762 825 quo
784 743 977 826 exprimitur
1000 766 1072 809 eum
1096 744 1200 809 solnm
1224 746 1340 828 puniri,
1365 748 1421 830 qui

100 853 165 897 non
190 837 303 898 contra
327 831 431 913 legem
456 835 630 912 utcumque
657 836 786 914 peccet,
818 833 875 896 sed
899 833 953 914 qni
984 833 1090 897 sciens
1113 837 1148 899 et
1170 834 1284 899 volens
1307 841 1423 902 contra

99 923 209 1003 legem
232 925 269 986 ut
292 919 547 985 ecclesiasticam
563 926 687 1002 peccet.
704 957 748 964 -—
771 922 872 986 Bonis
894 921 1087 1006 quibusdam
1109 923 1332 1007 spiritualibus
1351 929 1422 1010 pri·

98 1019 214 1075 vatur:
236 1009 351 1091 quibus
374 1008 547 1074 exhibetur
566 1008 736 1075 character
757 1008 859 1093 ipsius
882 1031 1016 1093 poenae,
1040 1015 1092 1076 cst
1115 1011 1200 1076 enim
1223 1012 1420 1096 spiritualis;

99 1099 212 1183 privat
235 1098 372 1163 diversis
395 1098 488 1163 bonis
511 1118 569 1182 pro
593 1119 717 1181 poenae
741 1098 943 1178 diversitate,
967 1120 1072 1183 neque
1095 1100 1243 1165 omnibus
1265 1102 1421 1185 spiritua·

99 1188 184 1252 libus
207 1187 310 1264 bonis,
334 1187 391 1252 sed
415 1187 606 1270 quibusdam
630 1191 769 1253 tantum.

188 1301 226 1367 R.
252 1303 281 1366 2.
325 1301 407 1366 Sunt
429 1300 493 1366 tria
517 1322 726 1365 censurarum
749 1321 888 1382 genera:
912 1303 1213 1381 excommunicatio,
1239 1305 1417 1389 suspensio,
1429 1316 1482 1370 985

96 1390 324 1466 interdictum
355 1389 536 1472 exquibus
566 1390 734 1473 suspensio
765 1390 852 1456 solos
882 1391 1016 1457 clericos
1046 1395 1192 1475 spectat,
1223 1414 1279 1458 eos
1309 1393 1420 1476 aliqua

96 1480 258 1545 facultate
281 1478 360 1561 ipsis
383 1477 515 1562 propria
537 1478 680 1561 privans.

186 1567 398 1634 Interdictum
422 1567 572 1651 prohibet
595 1568 665 1632 sive
681 1567 780 1633 certis
796 1568 943 1650 personis
966 1568 1036 1633 sive
1058 1567 1208 1635 incertis
1228 1569 1307 1634 locis
1324 1591 1419 1636 exer·

97 1656 210 1722 citium
229 1656 430 1740 quorundam
449 1661 727 1722 sacramentorum
747 1656 949 1739 aliarumque
968 1678 1135 1722 sacrarum
1154 1658 1366 1726 functionum.

185 1745 440 1827 Distinguuntur
472 1765 630 1809 censurae
661 1748 746 1810 latae
777 1749 948 1811 aenianica
983 1751 1017 1812 et
1047 1748 1202 1828 serendae
1234 1752 1417 1816 sententiae.

96 1834 237 1911 Priores,
262 1835 295 1899 in
319 1833 434 1916 quibus
457 1833 622 1899 sententia
645 1834 709 1898 iam
732 1834 802 1899 lata
826 1839 878 1900 est
901 1839 1015 1900 contra
1038 1856 1104 1913 eos,
1129 1836 1183 1917 qui
1207 1842 1331 1903 certum
1356 1837 1419 1902 cri·

96 1943 173 1988 man
195 1922 474 2006 perpetraverint;
499 1943 604 2006 poena
626 1922 803 1988 incurritur
818 1943 856 1987 eo
879 1923 960 2006 ipso,
986 1924 1071 2006 quod
1095 1924 1215 1989 crimen
1239 1925 1284 1992 sit
1305 1932 1419 2009 patra-

95 2018 177 2079 tum.
211 2011 412 2077 Posteriores
428 2011 641 2094 imponendae
657 2016 734 2077 sunt
749 2012 798 2088 iis,
816 2011 871 2094 qui
887 2015 979 2076 certa
994 2012 1129 2078 crimina
1144 2014 1419 2097 perpetraverint,

96 2122 137 2166 ac
159 2101 253 2184 proin
276 2122 339 2166 aon
362 2101 587 2177 incurrantur,
613 2100 675 2164 nisi
697 2122 733 2166 re
756 2101 829 2183 ipsa
851 2100 999 2184 superior
1021 2101 1263 2169 ecclesiasticus
1286 2109 1419 2170 senten·

95 2189 177 2255 tiam
201 2189 346 2272 legitime
369 2189 492 2256 tulerit.

187 2278 486 2343 Excommunicatio
503 2283 553 2344 est
573 2277 713 2343 omnium
731 2299 941 2343 censurarum
958 2277 1163 2359 gravissima,
1188 2299 1291 2360 eaque
1307 2279 1419 2363 privat

95 2370 312 2433 communione
334 2368 476 2451 fideliam
507 2371 605 2448 atque
635 2366 884 2450 participatione
908 2367 1065 2432 bonorum
1088 2367 1305 2450 spiritualium
1330 2389 1418 2434 com·

95 2456 258 2531 munium,
288 2461 449 2537 quatenus
479 2455 646 2520 Ecclesiae
676 2456 834 2539 potestati
864 2457 1053 2522 subduntur.
1101 2455 1191 2533 Quod
1221 2461 1349 2536 tamen,
1380 2461 1419 2525 ut

95 2549 186 2611 recte
208 2543 433 2626 intellegatur,
458 2544 676 2628 explicatione
700 2544 808 2626 aliqua
831 2544 965 2626 indiget.
1012 2545 1140 2612 Dicitur
1162 2545 1261 2613 etiam
1286 2567 1418 2611 excom·

95 2633 273 2700 municatio
304 2637 406 2698 naaior
435 2633 467 2697 in
493 2633 700 2699 distinctione
723 2635 764 2699 ab
788 2633 1122 2700 excommunicatione
1151 2638 1280 2701 minore.
1328 2634 1418 2712 Quas

95 2722 262 2788 distinctio
285 2722 380 2787 hodie
404 2726 455 2787 est
478 2723 612 2787 minoris
636 2722 801 2800 momenti,
826 2744 863 2788 eo
888 2724 973 2805 quod
996 2724 1288 2791 excommunicatio
1312 2723 1419 2791 minor

95 2812 186 2878 latae
216 2811 399 2877 sententiae
428 2832 492 2876 non
516 2811 655 2895 amplius
679 2811 818 2878 exsistit.
866 2813 975 2878 Antea
998 2813 1080 2878 haec
1103 2814 1298 2881 excludebat
1321 2835 1341 2879 a
1364 2835 1417 2880 re·

96 2901 246 2985 ceptione
263 2905 548 2978 sacramentorum,
567 2900 662 2966 facile
674 2905 785 2966 tamen
799 2901 1000 2977 solvebatur;
1018 2901 1244 2968 incurrebatur
1259 2901 1417 2985 imprimis

95 2995 233 3074 propter
255 2990 400 3055 illicitam
425 3011 496 3054 cum
513 2989 793 3054 excommunicato
810 2990 1142 3069 communicationem,
1167 3012 1272 3074 neque
1287 3011 1418 3075 semper

96 3079 246 3161 graviter
268 3078 424 3144 illicitam.

187 3168 234 3234 Cf.
258 3168 528 3243 Laurentius,
553 3169 655 3232 instit.
680 3169 763 3230 iuris
788 3171 855 3232 eccl.
881 3189 911 3233 n.
938 3169 1001 3233 359
1019 3188 1088 3249 sqq.

186 3282 225 3349 R.
250 3285 280 3347 3.
316 3280 606 3358 Excommunicati,
631 3285 665 3345 et
688 3301 746 3344 suo
770 3280 865 3344 modo
889 3280 988 3346 etiam
1012 3281 1161 3365 suspensi
1184 3286 1218 3348 et
1240 3282 1415 3363 interdicti,

96 3371 342 3454 distinguuntur
370 3371 403 3434 in
427 3373 573 3435 toleratos
597 3374 630 3435 et
653 3371 808 3434 vitandos.
855 3370 893 3434 ln
917 3370 994 3434 solis
1021 3370 1255 3453 posterioribus
1278 3392 1417 3438 censura

95 3464 203 3527 totam
226 3481 318 3525 suam
334 3458 400 3523 vim
424 3480 466 3523 ex
489 3462 607 3524 natura
622 3479 682 3523 sua
704 3457 764 3522 sibi
789 3457 920 3524 insitam
944 3464 1093 3535 exercet;
1117 3459 1150 3523 in
1170 3459 1321 3525 toleratis
1344 3461 1415 3526 effi-

95 3550 220 3615 caciam
244 3549 381 3613 multum
405 3548 657 3613 moderavernnt
678 3546 847 3630 pontifices
871 3546 905 3628 (a
920 3553 1067 3631 tempore
1083 3547 1216 3614 Martini
1229 3548 1272 3633 V)
1291 3549 1416 3618 directe

95 3639 129 3703 in
148 3638 295 3703 favorem
319 3637 471 3714 fidelium,
495 3636 550 3718 qni
573 3658 615 3701 ex
638 3636 801 3720 prohibita
824 3657 895 3701 cum
920 3636 1101 3702 censuratis
1124 3639 1416 3705 communicatione

95 3748 162 3793 non
184 3748 299 3810 parum
323 3726 515 3791 incommodi
539 3725 734 3792 sentiebant.

185 3816 287 3881 Immo
310 3815 534 3891 moderamen,
560 3815 645 3896 qnod
668 3815 701 3879 in
724 3813 830 3879 vetita
853 3813 910 3878 illa
933 3835 1004 3879 cum
1028 3814 1172 3880 vitandis
1196 3816 1415 3882 communica·

95 3905 185 3972 tione
209 3926 251 3969 ex
272 3904 378 3970 causis
402 3903 634 3969 excusantibus
657 3924 785 3986 semper
807 3902 1039 3982 adhibebatur,
1070 3904 1192 3970 nostris
1214 3905 1415 3990 temporibus

94 3994 195 4060 etiam
219 3994 315 4075 longe
338 3993 437 4058 latius
461 3998 512 4058 est
533 3992 797 4074 intellegendum.

185 4108 224 4176 R.
249 4112 279 4175 4.
325 4109 449 4174 Nativa
472 4129 532 4173 sua
555 4108 588 4172 vi
610 4108 719 4192 privat
742 4105 1050 4173 excommunicatio:
1423 4129 1477 4185 98⁶

187 4207 220 4289 1)
243 4208 410 4290 satrapiis
432 4206 657 4272 conrrnnnibas.
696 4206 747 4270 Ex
764 4203 987 4270 communione
1010 4209 1196 4270 sanctorum
1221 4208 1256 4271 et
1278 4226 1319 4270 ex
1337 4226 1414 4270 con·

95 4301 193 4378 captu
224 4296 391 4360 Ecclesiae
424 4299 460 4360 ut
491 4295 586 4360 unius
618 4294 762 4377 corporis
797 4293 947 4376 mystici,
980 4293 1071 4358 cuius
1100 4293 1247 4359 membra
1276 4298 1311 4358 et
1340 4315 1413 4359 cum

94 4385 224 4450 Christo
256 4389 290 4450 et
321 4384 407 4450 inter
429 4405 465 4448 se
487 4387 600 4448 mutuo
623 4384 839 4467 spiritualiter
861 4383 927 4448 sint
950 4382 1137 4461 coniuncta,
1168 4382 1316 4465 sequitur
1339 4404 1413 4448 ora·

93 4474 201 4540 tiones
232 4479 265 4540 et
294 4474 380 4539 bona
409 4494 509 4556 opera
539 4472 633 4537 unius
663 4472 762 4538 etiarn
792 4472 825 4536 in
849 4471 986 4536 aliorum
1009 4471 1211 4556 spiritualem
1236 4471 1412 4538 utilitatem

94 4563 288 4628 redundare.
335 4562 424 4638 Quae
454 4566 567 4627 mutua
589 4562 746 4626 bonorum
769 4560 986 4644 spiritualium
1010 4560 1259 4626 communicatio
1282 4562 1320 4625 fit
1342 4566 1413 4627 tum

92 4652 227 4737 privata
244 4652 413 4717 voluntate
436 4651 577 4717 fidelium
602 4654 713 4715 mutuo
737 4670 795 4733 pro
819 4649 959 4714 invicem
978 4649 1090 4715 orandi
1115 4654 1148 4716 et
1170 4648 1412 4726 satisfaciendi;
