3106 5168
169 293 233 357 218
329 287 370 342 De
388 288 537 343 virtutibus
555 291 584 343 st
601 288 699 343 officiis
718 305 784 358 erga
802 288 932 343 homines.
947 317 983 326 -
1001 289 1109 344 Cautus
1126 288 1155 343 in
1172 288 1334 361 proximum.

169 485 302 537 sorores,
332 464 409 524 sicut
437 463 585 523 sacerdoti
613 463 760 523 catholico
789 483 874 540 opem
901 464 1001 524 lerunt
1028 463 1059 522 in
1085 464 1228 542 parandis
1253 466 1343 524 rebus
1370 484 1425 542 pro
1446 466 1493 524 sd·

167 544 385 605 ministratione
406 544 574 603 ultimorum
595 549 863 614 sacramentorum,
890 544 933 604 ita
955 543 1044 603 etiam
1065 543 1240 604 acatholicis
1259 544 1406 606 ministris
1426 546 1493 606 aile-

168 632 238 685 runt
258 645 365 703 panem
385 630 416 684 et
435 625 536 683 vinum
557 624 674 700 aliaque
695 624 732 683 ad
754 623 936 684 acatholicos
956 624 1032 684 ritus
1053 624 1231 684 necessaria.

170 733 346 804 Quaesisse
367 734 396 791 1⁰
420 730 547 790 liceatne
576 729 722 789 advocare
747 731 915 790 ministrum
941 730 978 790 ad
1000 731 1183 791 acatholicos
1203 730 1278 791 ritus
1298 731 1493 809 peragendos.

366 821 396 879 2ο
421 820 549 879 liceatne
564 819 760 879 acatholicum
776 819 940 880 ministrum
963 825 1069 897 sponte
1084 820 1133 879 vel
1146 819 1210 880 eius
1225 826 1333 896 rogatu
1347 820 1451 880 iuvare
1464 820 1494 879 in

421 899 483 959 suis
505 900 619 960 ritibus.

764 995 899 1063 Salutio.

105 1149 157 1203 426
256 1138 309 1203 Au
332 1159 524 1215 qnansrrun
550 1141 587 1203 1⁰²
610 1138 649 1205 R.
676 1140 705 1206 1.
751 1138 824 1204 Hoc
847 1142 925 1204 ante
948 1137 1057 1205 omnia
1080 1141 1189 1223 patet:
1218 1139 1490 1223 cooperationem,

167 1226 238 1293 sive
267 1229 311 1294 sit
340 1227 504 1305 formalis,
535 1227 605 1293 sive
637 1227 817 1293 materialis
846 1231 993 1306 tantum,
1027 1248 1099 1293 esse
1122 1227 1337 1312 propinquam
1361 1229 1491 1295 omnino

169 1316 210 1383 ad
233 1336 303 1381 rem
327 1316 490 1384 obiective
513 1317 664 1400 graviter
686 1316 823 1393 malam;
848 1317 986 1400 ideoque
1009 1316 1281 1400 cooperationem,
1307 1318 1371 1385 etsi
1394 1318 1494 1384 fuerit

167 1405 348 1472 materialis
371 1410 511 1485 tanturn,
536 1405 660 1471 licitam
682 1428 748 1471 nou
771 1426 854 1485 esse,
879 1406 941 1470 nisi
965 1426 1007 1471 ex
1030 1426 1130 1472 eausa
1153 1406 1259 1488 gravi.

256 1512 294 1577 ll.
320 1515 349 1579 2.
396 1512 512 1579 Potest
544 1517 654 1578 autern
684 1533 742 1596 pro
773 1511 938 1577 sororibus
970 1511 1130 1577 exsistere
1154 1532 1254 1577 causa
1285 1510 1491 1594 gravissima,

165 1600 316 1666 nimirum
339 1621 405 1665 non
428 1600 560 1686 privata
583 1601 640 1667 sed
664 1601 852 1679 communis,
876 1621 918 1666 ne
941 1600 1094 1667 videlicet
1117 1621 1160 1666 ex
1183 1600 1348 1683 denegata
1375 1622 1490 1685 coope-

166 1690 295 1755 ratione
325 1711 425 1755 causa
457 1689 691 1757 catholicorum
721 1690 812 1776 peior
840 1691 900 1756 fiat
929 1694 1029 1772 atque
1057 1688 1137 1774 ipsis
1160 1688 1327 1755 sororibus
1350 1690 1491 1758 facultas

167 1778 331 1844 adimatur
354 1783 518 1862 utcunque
542 1778 719 1844 nosocomii
743 1800 854 1845 curam
877 1778 1075 1862 suscipiendi
1099 1799 1257 1861 suumque
1275 1777 1492 1846 ministerium

166 1867 249 1933 adeo
272 1867 353 1933 utile
376 1868 561 1936 exercendi.
600 1868 691 1946 Quae
709 1869 738 1933 si
760 1867 901 1945 exsistit,
926 1867 1098 1933 dicendum
1118 1871 1170 1934 est
1191 1871 1319 1933 remoto
1335 1868 1490 1935 scandalo

166 1955 266 2022 licere
288 1956 328 2023 iis
350 1956 408 2022 illa
430 1962 611 2040 praestare,
636 1957 788 2040 aquibus
804 1958 890 2023 ratio
912 1957 1060 2040 formalis
1083 1955 1322 2042 cooperationis
1338 1957 1490 2024 abfuerit.

167 2045 287 2122 Quodsi
317 2046 482 2111 sororibus
511 2046 544 2112 id
568 2046 662 2123 licet,
693 2046 806 2112 licebit
829 2046 929 2112 etiarn
952 2066 1066 2112 aarum
1089 2046 1229 2123 famulo,
1263 2045 1327 2112 etsi
1349 2047 1492 2114 fortasse

166 2156 231 2200 non
247 2139 381 2219 propter
395 2135 497 2220 ipsius
514 2136 632 2201 bonum
648 2136 814 2220 proprium
831 2140 865 2201 et
880 2134 1056 2219 privatum,
1080 2138 1192 2201 tamen
1208 2138 1344 2218 propter
1359 2155 1490 2202 causam

166 2244 324 2291 sororum.

105 2346 157 2399 427
256 2329 377 2406 Quibus
393 2328 596 2414 praenotatis
611 2330 651 2396 R.
669 2331 699 2396 3.
733 2329 867 2413 Proprie
883 2329 1047 2394 advocare
1062 2327 1244 2394 ministrum
1262 2328 1490 2407 acatholicum,

166 2427 202 2483 ct
229 2419 328 2485 ritum
359 2440 452 2483 suum
477 2424 631 2485 exerceat
654 2439 734 2501 erga
757 2422 911 2500 aegrotos
935 2439 1013 2484 suae
1037 2424 1165 2496 sectae,
1195 2438 1261 2482 nou
1285 2417 1379 2495 licet;
1412 2418 1490 2484 haec

167 2507 252 2572 enirn
284 2512 373 2574 esset
402 2510 547 2573 incitatio
571 2508 612 2572 ad
643 2528 711 2573 rem
736 2512 827 2573 certo
851 2508 1012 2574 obiective
1035 2507 1313 2591 peccaminosam,
1344 2506 1490 2590 adeoque

167 2595 353 2680 cooperatio
370 2596 527 2663 formalis.
561 2596 684 2662 Verum
703 2599 849 2662 indicare
872 2618 944 2662 esse
967 2596 1108 2678 aliquem
1129 2595 1230 2681 ipsius
1246 2600 1358 2663 sectae
1374 2616 1491 2679 aegro·

166 2689 254 2764 tum,
287 2686 342 2768 qui
372 2685 483 2771 cupiat
513 2685 600 2750 illius
630 2685 807 2768 alloquium
836 2689 870 2751 et
900 2685 1139 2763 visitationem,
1171 2689 1223 2751 est
1250 2705 1303 2751 res
1326 2708 1366 2751 eu
1388 2707 1421 2751 se
1443 2685 1491 2751 in·

167 2774 337 2852 differens,
373 2796 446 2839 curn
481 2774 525 2840 sit
556 2779 686 2841 tantum
718 2775 867 2840 nuntium
903 2775 981 2840 dare
1016 2774 1152 2840 alicuius
1184 2773 1281 2851 facti3
1317 2779 1418 2857 atque
1449 2774 1490 2840 ad

167 2863 360 2929 exercitium
383 2863 457 2928 falsi
482 2864 580 2932 ritus.
612 2864 697 2946 quod
721 2864 866 2930 futurum
892 2885 963 2929 esse
987 2864 1199 2948 praevidetur
1221 2868 1255 2930 et
1279 2863 1371 2928 cuius
1395 2864 1490 2930 datur

167 2974 258 3031 ansa,
282 2953 422 3018 habetur
445 2952 632 3036 cooperatio
655 2974 744 3018 mere
768 2952 956 3020 materialis.

255 3058 294 3124 R.
319 3061 350 3124 4.
396 3056 614 3123 Nihilominus
647 3057 747 3124 etiam
777 3057 930 3123 damnum
961 3058 1012 3122 vel
1043 3057 1161 3122 bonurn
1195 3056 1367 3140 spirituale
1390 3057 1490 3143 ipsius

167 3148 293 3230 aegroti
318 3147 517 3212 considerari
541 3147 654 3222 debet,
685 3168 726 3211 ne
749 3145 902 3212 videlicet
926 3168 984 3230 per
1007 3146 1228 3212 interventum
1251 3145 1392 3211 ministri
1416 3168 1490 3212 aca-

166 3237 277 3302 tholici
308 3237 487 3302 coniciatur
517 3236 550 3301 in
579 3236 775 3319 periculum,
809 3257 916 3317 aquo
940 3236 1022 3300 alias
1050 3235 1225 3302 mansisset
1248 3235 1410 3302 immunia.
1458 3236 1489 3301 Si

166 3326 267 3408 igitur
289 3325 359 3409 ipse
383 3330 539 3407 aegrotus
562 3325 595 3390 in
619 3325 704 3391 bona
727 3326 789 3390 fide
812 3347 878 3390 non
901 3331 952 3391 est
980 3325 1065 3391 circa
1088 3346 1181 3389 suam
1205 3324 1414 3405 religionem,
1438 3325 1489 3390 vel

166 3415 236 3498 ipse
260 3436 324 3478 nou
346 3415 565 3497 postulaverit
587 3414 806 3498 praesentiam
831 3419 865 3480 et
889 3436 983 3498 opem
1006 3415 1057 3479 sui
1080 3413 1229 3489 ministri,
1254 3434 1329 3479 raro
1346 3413 1398 3478 fas
1418 3414 1488 3485 erit,

166 3504 240 3568 huic
271 3504 369 3568 istum
400 3503 548 3570 nuntium
579 3506 674 3578 dare;
705 3503 762 3567 sed
792 3503 820 3568 si
846 3504 1051 3570 sacerdotem
1075 3503 1271 3570 catholicum
1294 3523 1415 3569 vocare
1438 3504 1489 3567 vel

167 3592 366 3675 impossibile
396 3597 448 3657 est
477 3592 531 3658 vel
561 3614 625 3657 non
656 3591 805 3675 expedit,
836 3592 980 3676 ipsarum
1011 3613 1157 3658 sororum
1186 3612 1264 3657 cura
1287 3612 1361 3656 esse
1385 3593 1489 3666 debet,

167 3685 203 3748 ut
227 3685 381 3762 aegrotus
404 3681 535 3746 iuvetur
558 3681 591 3744 in
614 3681 741 3748 actibus
763 3681 921 3748 virtutum
938 3681 1131 3747 necessariis
1147 3679 1323 3758 eliciendis
1348 3682 1489 3747 maxime

166 3770 198 3835 in
230 3769 388 3836 elicienda
418 3775 493 3854 post
522 3775 616 3836 actus
639 3771 715 3835 fidei
744 3770 947 3836 necessarios
970 3771 1110 3838 caritate
1140 3775 1174 3837 et
1197 3768 1393 3836 contritione
1417 3792 1489 3855 per·

167 3861 265 3925 fecta.
313 3860 359 3925 cf.
385 3860 448 3925 vol.
473 3859 513 3936 II,
538 3882 569 3925 n.
596 3862 669 3926 515.
696 3863 759 3926 518
776 3880 846 3942 sqq.

104 3978 156 4031 428
256 3958 305 4022 De
328 3957 457 4021 formali
481 3958 673 4022 evocatione
696 3956 836 4023 ministri
863 3957 1037 4023 acatholici
1061 3958 1162 4023 habes
1186 3977 1346 4040 responsa
1370 3958 1402 4025 S.
1428 3957 1490 4023 Oi·

167 4046 260 4112 ficii
284 4048 315 4110 in
339 4049 458 4112 Arucci.
484 4050 552 4111 eccl.
578 4047 649 4125 Vll,
676 4048 733 4111 98:

255 4151 402 4210 Videlicet
423 4152 449 4210 d.
473 4154 509 4209 14
531 4152 603 4211 Dec.
627 4152 720 4222 1898,
749 4152 964 4227 interrogatum
986 4152 1020 4209 de
1042 4152 1099 4209 hac
1121 4171 1169 4222 re,
1194 4151 1321 4210 liceatne
1344 4151 1489 4211 advocare

166 4233 332 4293 ministrum
360 4231 572 4303 acatholicum,
601 4232 769 4308 respondit:
802 4233 914 4303 ,Detur
941 4236 1084 4291 decretum
1112 4231 1142 4289 in
1164 4231 1332 4291 Coloniensi
1361 4232 1416 4292 fer.
1438 4232 1488 4295 Il'.

167 4313 454 4451 sslFllssartqglglll,
485 4332 543 4371 una
575 4331 639 4370 curn
669 4314 859 4372 declaratione
889 4313 927 4370 ad
949 4313 1047 4372 Viear.
1069 4315 1174 4388 Apost.
1196 4312 1327 4389 Aegypti
1357 4314 1412 4373 fer.
1439 4312 1488 4377 ll’,

235 4412 294 4452 er.
365 4416 372 4451 l
400 4394 423 4452 .“

255 4492 414 4550 Decretum
437 4490 462 4549 d.
485 4489 510 4549 d.
535 4493 572 4547 14
594 4490 694 4549 llsrtii
720 4491 795 4547 1848
818 4495 864 4547 est
885 4491 956 4548 hoc:

259 4579 310 4650 ,N
325 4580 358 4638 N.
381 4579 677 4638 SanctitatiVestrae
699 4579 848 4636 humiliter
869 4579 999 4653 exponit,
1022 4577 1097 4653 quod
1119 4577 1150 4636 in
1172 4578 1293 4637 civitate
1310 4577 1346 4639 N.
1364 4578 1488 4638 exsistat

165 4659 342 4735 hospitium,
364 4660 447 4718 cuius
467 4660 530 4736 ipse
552 4666 649 4718 rector
670 4665 699 4717 et
721 4659 892 4735 capellanus
913 4664 975 4730 est,
1004 4678 1038 4716 ac
1060 4659 1091 4716 in
1112 4678 1169 4734 quo
1189 4658 1371 4718 infirmorum
1391 4678 1489 4718 curam
