3106 5168
380 287 449 340 Iuris
466 286 534 341 laesi
552 287 697 357 reparatio.
715 316 747 325 —
770 285 888 343 Causae:
907 289 1064 357 cooperatio.
1317 290 1381 354 365

60 461 227 527 subditum
249 461 441 528 relationem
465 464 627 547 supponit.
674 464 711 529 ln
734 485 773 530 eo
797 467 905 529 autem
930 462 1044 528 iubens
1068 468 1101 529 et-
1124 462 1284 527 mandans
1307 484 1384 528 eon-

62 550 216 628 veniunt,
249 551 334 631 quod
357 556 495 634 uterque
518 553 657 618 alterum
682 557 829 619 assumat
852 574 910 636 pro
939 553 1173 630 instrumento,
1205 552 1274 635 ipse
1305 572 1383 616 vero

61 640 216 722 primarie
249 639 411 705 actionem
443 645 480 707 ut
511 662 604 706 suam
636 663 694 707 seu
725 664 784 707 suo
814 642 944 708 nomine
973 642 1114 725 positam
1143 640 1326 706 consideret
1350 644 1384 706 et

62 728 272 794 considerare
296 729 424 795 debeat.

152 843 191 911 R.
217 846 246 908 2.
288 843 384 909 Unde
407 844 555 926 seqnitur
577 845 787 911 mandantem
811 850 845 912 et
867 845 1032 911 iubentem
1056 843 1213 910 obnoxios
1236 864 1308 908 esse
1331 865 1384 909 re·

62 932 218 1014 parandis
235 932 383 997 omnibus
399 933 536 1010 damnis,
555 955 639 1016 quae
655 934 824 1000 inferenda
839 934 1078 1000 mandaverunt
1094 937 1128 999 et
1144 953 1227 1015 quae
1243 933 1275 997 vi
1293 954 1384 997 man·

63 1020 132 1086 dati
155 1021 251 1087 illata
274 1026 360 1098 sunt,
385 1021 469 1087 siout
493 1022 592 1088 etiam
615 1044 664 1101 ea,
690 1044 773 1105 quae
795 1023 829 1087 in
845 1022 1053 1106 exsequendo
1069 1022 1224 1087 mandato
1247 1022 1385 1087 ulterius

62 1111 157 1175 illata
180 1114 275 1188 sunt,
308 1111 436 1192 qnando
460 1133 480 1176 a
506 1111 711 1177 mandatario
735 1112 911 1177 difficulter
939 1115 1068 1177 tantum
1097 1114 1253 1195 poterant
1276 1110 1383 1177 vitari.

64 1200 156 1264 Haec
180 1199 289 1264 omnia
312 1223 351 1265 ea
373 1200 527 1267 mandato
551 1205 657 1265 ortum
681 1202 812 1279 babent,
837 1205 936 1283 atque
959 1200 1040 1266 haee
1055 1221 1210 1285 reparare
1225 1200 1384 1265 mandans

64 1288 163 1353 debet
186 1289 287 1353 etiam
311 1292 388 1353 ante
411 1289 661 1356 mandatarium.

154 1402 192 1469 R.
218 1407 248 1470 3.
295 1404 332 1468 ln
362 1425 400 1470 eo
431 1409 541 1471 autem
570 1405 684 1471 iubens
714 1427 734 1470 a
764 1427 852 1471 mere
883 1404 1058 1470 mandante
1088 1403 1315 1486 distinguitur,
1349 1406 1385 1468 ut

62 1492 178 1557 iubens
202 1513 331 1575 semper
353 1497 506 1559 teneatur
529 1494 629 1560 etiam
652 1494 692 1572 ei,
717 1515 812 1576 quem
835 1494 940 1573 iussit,
965 1494 1084 1559 damna
1112 1514 1276 1576 reparare,
1301 1512 1385 1574 quae

64 1582 96 1644 in
122 1581 332 1662 exsequendo
350 1582 506 1649 mandato
522 1603 639 1666 passus
663 1587 714 1649 est
737 1588 771 1650 at
787 1604 871 1666 quae
887 1582 1100 1667 probabiliter
1114 1584 1267 1665 poterant
1289 1602 1386 1665 prae·

64 1669 186 1744 videri;
211 1670 369 1735 mandans
393 1676 503 1738 autem
527 1672 557 1737 ei
580 1671 802 1751 mandatario,
834 1672 888 1755 qui
911 1672 1013 1736 libere
1035 1671 1223 1738 mandatum
1249 1671 1384 1753 accepit,

64 1759 96 1823 in
122 1759 232 1841 rigore
255 1758 334 1823 nihil
350 1760 477 1838 debeat,
501 1760 563 1826 nisi
579 1761 619 1826 de
635 1762 784 1826 mercede
801 1765 834 1827 et
851 1761 890 1826 de
907 1761 1058 1826 cautione
1074 1769 1202 1846 pactum
1226 1759 1285 1826 sit:
1310 1780 1385 1824 nam

64 1848 149 1912 alias
165 1848 388 1914 mandatarius
403 1849 473 1933 ipse
489 1849 686 1935 respondere
702 1851 799 1915 debet
822 1851 862 1914 de
878 1849 1015 1927 damnis,
1040 1870 1122 1931 qnae
1146 1848 1207 1914 sibi
1223 1848 1384 1915 accidant.

65 1937 287 2002 Communiter
321 1942 432 2003 tamen
464 1939 623 2004 mandans
655 1960 697 2003 ex
729 1939 859 2004 formali
890 1939 945 2004 vel
977 1938 1080 2004 tacita
1112 1938 1263 2022 pactione
1293 1936 1325 2001 in
1350 1958 1385 2002 se

64 2026 166 2091 sumit
181 2026 359 2109 periculum
376 2027 576 2105 damnorum,
601 2049 684 2111 quae
708 2027 913 2094 mandatario
937 2049 980 2093 ex
1003 2027 1157 2093 mandato
1173 2027 1386 2111 probabiliter

64 2115 245 2181 imminent.

156 2247 209 2310 An
225 2267 416 2322 quassmuu
432 2250 470 2311 2¹¹²
494 2249 532 2313 R.
553 2251 580 2313 1.
619 2247 746 2313 Rictins
769 2252 859 2314 ce1te
883 2247 979 2312 debet
1003 2267 1156 2330 reparare
1172 2246 1280 2321 aedes,
1305 2256 1448 2328 quaem

65 2335 216 2400 incendio
241 2336 455 2401 destruendas
478 2337 702 2402 mandaverat.
751 2336 870 2401 Villam
901 2336 1027 2401 incendi
1052 2357 1115 2399 non
1138 2335 1296 2409 iusserat;
1328 2333 1386 2399 sed

65 2424 209 2488 famulus
232 2426 362 2508 proprio
386 2430 491 2492 marte
514 2426 598 2490 bano
621 2425 779 2501 incendit3
811 2446 916 2507 neque
939 2424 1118 2492 ratihibitio
1141 2424 1232 2502 facit,
1256 2429 1293 2491 ut
1316 2424 1386 2507 ipse

66 2513 195 2577 Rictius
225 2534 303 2578 vere
333 2514 432 2580 fuerit
462 2519 577 2579 auctor
605 2514 804 2598 principalis.
857 2515 965 2591 Quare
995 2534 1127 2579 censeo:
1166 2513 1198 2594 1)
1228 2514 1386 2578 famulum

66 2603 175 2683 quoad
199 2602 259 2667 hoc
283 2603 436 2668 damnum
461 2603 613 2687 pr'unarie
637 2604 758 2681 teneri,
788 2603 886 2669 immo
910 2603 1052 2669 Rictium
1082 2603 1188 2685 quoad
1212 2602 1272 2668 hoo
1296 2601 1387 2667 dam·

65 2712 143 2754 num
168 2690 210 2756 ad
233 2692 474 2758 restitutionem
498 2693 685 2758 nullatenus
707 2693 829 2770 teneri,
860 2692 923 2757 nisi
946 2692 1032 2758 forte
1055 2730 1098 2739 -
1122 2692 1208 2774 quod
1230 2691 1288 2757 vix
1311 2712 1387 2774 pos-

64 2779 160 2843 sibile
184 2785 236 2845 est
251 2817 294 2824 —
311 2781 521 2862 subsequenti
544 2781 779 2864 approbatione
795 2782 952 2847 famulum
975 2781 1191 2864 impediverit,
1215 2782 1387 2863 quominus

65 2869 274 2948 restitueret,
310 2872 450 2955 alioquin
476 2874 688 2936 restituturus.
735 2871 822 2936 Nam
857 2891 929 2936 cum
962 2870 1105 2935 famulus
1139 2890 1203 2933 non
1236 2869 1388 2935 videatur

64 2958 167 3022 fuisse
190 2957 223 3022 in
246 2957 308 3023 hac
332 2958 528 3037 condicione,
554 2963 590 3025 ut
612 2981 689 3024 mox
712 2960 918 3035 restitueret,
948 2960 1021 3024 laus
1050 2958 1107 3022 illa
1137 2962 1171 3023 et
1194 2958 1386 3041 approbatio

64 3047 174 3128 quoad
198 3048 350 3112 damnum
374 3047 500 3114 illatum
524 3048 587 3113 fuit
610 3048 774 3115 inefficax,
814 3048 921 3113 Aliter
944 3047 1113 3112 dicendum
1138 3047 1244 3129 quoad
1268 3047 1387 3112 damna

63 3138 208 3200 fortasse
232 3136 354 3214 futura,
379 3137 418 3201 ad
445 3158 528 3219 quae
557 3137 727 3202 inferenda
750 3137 891 3201 famulus
915 3136 1010 3201 laude
1034 3136 1104 3200 heri
1131 3135 1181 3199 sui
1204 3139 1386 3201 moveatur.

64 3224 98 3288 Si
135 3225 220 3289 enim
255 3245 374 3290 revera
409 3226 550 3290 famulus
585 3227 626 3291 ad
663 3226 711 3292 ita
742 3226 902 3307 agendum
934 3224 1186 3301 determinatur,
1226 3223 1267 3289 ad
1306 3225 1387 3288 haec

64 3314 186 3378 damna
210 3315 393 3397 reparanda
416 3315 485 3398 ipse
508 3316 616 3391 herus,
640 3315 830 3380 secundarie
853 3319 963 3380 tamen
987 3335 1044 3379 seu
1061 3313 1230 3379 deficiente
1253 3312 1387 3390 famulo,

63 3407 206 3469 tenetur.

156 3517 195 3583 R.
221 3519 251 3582 2.
297 3516 333 3580 In
365 3518 471 3582 allero
502 3539 579 3583 casn
610 3519 752 3583 famulus
782 3517 1008 3583 fraudulenter
1030 3518 1159 3585 litteras
1184 3518 1313 3582 clausas
1336 3520 1387 3583 te·

64 3606 154 3682 nuit;
179 3611 380 3689 quapropter
402 3628 533 3671 revera
557 3609 747 3672 mandatum
770 3629 829 3691 pro
845 3612 999 3673 revocato
1022 3607 1143 3672 habere
1159 3607 1308 3682 debebat,
1333 3608 1387 3672 vel

64 3695 202 3772 saltem,
233 3716 306 3759 cum
330 3695 568 3778 suspicaretur,
599 3718 662 3760 non
686 3700 817 3779 poterat
848 3696 986 3779 amplius
1009 3695 1139 3762 nomine
1162 3695 1233 3761 heri
1256 3695 1305 3760 sui
1330 3697 1387 3761 ab·

64 3785 173 3849 solute
197 3804 306 3866 agere,
331 3785 387 3848 sed
408 3783 440 3848 in
457 3806 492 3848 se
508 3785 647 3868 sumpsit
662 3806 756 3849 omne
772 3785 960 3869 pericnlum,
984 3785 1113 3852 nomine
1129 3785 1259 3870 proprio
1275 3807 1387 3869 agens.

64 3874 273 3956 Quapropter
297 3894 360 3937 non
384 3873 524 3951 Iuctius,
558 3874 616 3938 sed
647 3874 788 3939 famulus
818 3875 860 3939 ad
889 3875 1074 3958 reparanda
1104 3876 1223 3941 damna
1246 3881 1386 3942 tenetur.

64 3962 187 4038 Quodsi
211 3962 307 4038 forte,
332 3983 368 4026 re
391 3962 566 4027 manifesta
582 3962 672 4028 facta
695 3967 729 4028 et
752 3963 793 4027 ad
809 3963 961 4028 iudicium
986 3965 1105 4042 delata,
1131 3965 1256 4030 Rictius
1272 3965 1388 4028 nibilo-

64 4052 174 4116 minus
209 4051 249 4114 ad
281 4051 464 4133 reparanda
495 4051 613 4116 damna
644 4058 834 4134 cogeretur,
870 4053 950 4118 haec
981 4075 1086 4138 poena
1117 4059 1204 4119 esset
1234 4054 1387 4137 positiva,

64 4162 164 4223 quam
190 4140 246 4294 llerp
260 4139 313 4203 vel
337 4139 434 4204 iudex
452 4143 597 4205 statuere
620 4145 740 4224 potest,
765 4142 821 4206 sad
839 4162 934 4224 quam
952 4164 1046 4208 nemo
1068 4143 1205 4208 incurrit
1228 4143 1288 4207 nisi
1313 4163 1387 4206 sen·

64 4230 173 4296 tentia
211 4249 277 4294 aa.

156 4370 423 4444 aequissumi
455 4371 493 4431 3¹¹¹
520 4369 558 4434 R.
587 4373 615 4435 1.
662 4370 698 4434 ln
731 4370 914 4454 sumptione
948 4372 1036 4439 tertii
1069 4371 1213 4448 Quaesiti
1246 4370 1449 4438 famulum-25

64 4459 188 4524 mansit
212 4458 311 4523 Rictii
334 4457 568 4522 mandatarius.
616 4459 805 4525 Mandatum
830 4460 913 4524 eninr
938 4466 1060 4535 manet,
1085 4463 1186 4525 donec
1210 4458 1389 4525 efficaciter

64 4548 109 4614 sit
126 4551 360 4620 retractatum
386 4546 531 4627 adeoque
548 4546 661 4610 famuli
677 4549 762 4612 actio
782 4549 869 4613 actio
893 4549 955 4614 fuit
980 4550 1057 4626 heri,
1081 4556 1179 4632 atque
1203 4549 1231 4613 is
1256 4552 1295 4614 de
1319 4569 1388 4612 om·

64 4637 161 4702 nibus
185 4636 326 4718 saquelis
351 4636 448 4700 debet
472 4636 678 4716 respondere.
731 4638 785 4703 lle.
811 4661 850 4700 ua
876 4638 900 4712 I,
928 4642 1022 4704 1001.
