3106 5168
528 267 718 323 voluntarium
737 272 765 322 et
784 267 1004 322 involuntarium.

319 467 644 535 VOLUNTARIUM
667 468 724 534 ΕΤ
748 468 1122 537 INVOLUNTARIUM
1148 468 1217 551 (ll).

678 636 788 703 casus.
815 644 855 712 (a)

194 776 348 835 Amandus
370 796 407 835 ex
428 775 608 835 catechismo
629 776 752 835 retinuit
775 782 930 853 peccatum
951 795 1017 835 csse
1038 776 1235 835 voluntariam
1257 780 1288 834 et
1307 775 1430 833 liberam

102 857 373 933 transgressionem
400 856 476 931 legis
504 856 630 915 divinae.
672 855 773 933 Nuper
799 876 968 933 repugnans
990 856 1091 915 esuis
1119 856 1270 915 sodalibus
1293 856 1430 914 inductus

102 943 152 996 est
166 937 201 995 ad
215 942 320 1014 potum
337 936 523 996 excessivum
544 941 575 994 et
596 936 776 1007 ebrietatem,
798 941 912 995 tractus
935 936 971 994 ad
986 936 1100 995 lasciva
1114 937 1240 1007 theatra,
1263 936 1431 1013 compulsus

102 1017 187 1076 utin
208 1017 355 1092 eligendis
377 1016 525 1092 deputatis
546 1016 610 1075 viro
631 1016 720 1092 impio
742 1022 843 1076 votum
864 1017 963 1075 daret:
986 1017 1037 1076 sed
1058 1035 1125 1075 sese
1147 1017 1334 1085 consolatur,
1355 1015 1431 1091 quod

103 1098 299 1157 haecomnia
320 1116 379 1156 non
399 1096 505 1155 iecerit
523 1097 698 1156 voluntarie.

102 1202 284 1274 chunrrun
307 1204 336 1260 1⁰
360 1200 428 1339 quidl
455 1200 495 1261 sit
522 1201 720 1261 voluntarium
748 1202 921 1278 simpliciter
949 1207 979 1261 et
1010 1201 1240 1261 involuntarium
1271 1201 1432 1261 secuudum

305 1373 336 1429 2⁰
361 1301 446 1445 iiiiide
468 1369 666 1430 voluntarium
687 1371 855 1447 requiratur
876 1378 906 1428 et
927 1370 1059 1430 sufficiat
1079 1371 1116 1429 ad
1138 1375 1300 1447 peccatum.

305 1461 336 1520 3ο
361 1459 428 1535 quid
450 1460 485 1518 de
506 1458 632 1533 siugulis
654 1459 773 1519 casibus
794 1459 956 1519 dicendum.

704 1642 839 1709 Solutio.

195 1784 249 1849 An
274 1804 465 1859 ousesruuu
492 1787 528 1848 1m
552 1784 590 1850 R.
619 1788 647 1849 l.
694 1784 933 1862 Voluntarium,
959 1785 998 1849 de
1022 1806 1086 1867 quo
1109 1805 1218 1868 supra,
1244 1783 1459 1868 simplicitorl
1523 1836 1527 1845 .

103 1873 225 1939 dicitur
254 1872 288 1938 id
318 1873 403 1956 quod
433 1877 607 1955 utcumque
640 1895 660 1938 a
695 1874 874 1939 deliberata
910 1874 1081 1940 voluntate
1118 1874 1281 1957 procedit,
1319 1872 1366 1939 ita
1397 1876 1434 1939 ut

103 1963 191 2028 ratio
216 1983 281 2027 non
304 1963 466 2028 habeatur
489 1965 597 2027 utrum
621 1962 798 2028 sollicitate
815 1961 914 2028 fuerit
931 1964 1084 2027 voluntas
1101 1985 1120 2028 a
1137 1963 1310 2029 contrariis
1333 1962 1432 2029 etiarn

104 2051 364 2135 appetitionibus
394 2072 504 2117 necne.
553 2051 604 2115 Ab
634 2051 695 2116 hoc
718 2051 929 2134 distinguitur
953 2052 1174 2118 voluntarium
1204 2052 1281 2132 (non
1309 2052 1433 2135 simpli·

105 2142 191 2206 citer
206 2141 278 2224 sed)
302 2141 479 2206 secundum
496 2139 571 2221 quid
596 2144 734 2206 tentum.
774 2140 934 2206 Videlicet
957 2140 1003 2206 sic
1030 2145 1169 2207 vocatur
1191 2140 1269 2205 mihi
1292 2141 1325 2205 id
1349 2141 1434 2223 quod

106 2250 173 2294 non
188 2229 264 2294 volo
281 2229 406 2295 efficaci
428 2229 532 2305 modo,
556 2228 604 2295 ita
627 2234 664 2295 ut
687 2250 804 2294 revera
827 2229 868 2294 ad
892 2231 1042 2294 effectum
1059 2230 1249 2306 deducatur,
1274 2231 1330 2294 sed
1347 2229 1433 2313 quod
1486 2300 1491 2309 ,

105 2318 267 2384 inefficaci
292 2319 410 2383 affectu
435 2339 492 2383 seu
517 2318 686 2383 velleitate
710 2339 904 2402 prosequor;
929 2318 961 2383 in
990 2321 1139 2384 effectum
1165 2318 1265 2401 igitur
1280 2320 1434 2384 voluntas

106 2429 183 2473 mea
206 2407 316 2489 aliquo
339 2408 434 2472 modo
457 2407 572 2483 fertur,
597 2428 661 2471 non
684 2413 795 2473 tamen
820 2407 926 2472 efficio
950 2413 986 2473 ut
1009 2408 1145 2473 effectus
1168 2408 1223 2472 ille
1247 2422 1342 2473 ame¹
1358 2428 1433 2492 pro·

106 2497 214 2563 cedat.
263 2495 451 2562 Generatim
480 2501 590 2562 tamen
620 2517 684 2560 non
708 2496 749 2560 de
772 2495 957 2562 voluntario
988 2497 1163 2562 secundum
1189 2496 1281 2578 quid,
1312 2497 1370 2562 sed
1394 2496 1434 2561 de

107 2588 323 2651 involuntario
347 2586 516 2650 secundom
539 2587 617 2671 quid
640 2585 809 2668 loquimur.

199 2690 238 2757 R.
256 2693 286 2756 2.
321 2691 383 2756 Est
405 2690 505 2773 igitur
528 2690 783 2756 involuntarium
808 2691 977 2755 secundum
994 2692 1082 2775 quid,
1106 2711 1171 2754 non
1194 2689 1385 2773 simpliciter
1400 2694 1435 2757 et

105 2802 145 2847 re
163 2801 243 2846 vera
264 2779 530 2857 involuntarium,
555 2779 648 2861 quasi
664 2800 684 2843 a
700 2800 751 2844 me
767 2799 905 2861 meaque
922 2779 1102 2845 deliberata
1118 2780 1290 2845 voluntate
1306 2779 1434 2844 demum

106 2892 145 2935 re
169 2870 241 2953 ipsa
264 2890 329 2934 non
352 2869 508 2952 procedat
538 2907 581 2914 -
612 2869 758 2951 procedit
781 2868 867 2933 enirn
892 2889 927 2932 re
952 2872 1153 2951 versatque
1177 2873 1228 2935 est
1251 2871 1435 2953 simpliciter

106 2961 323 3024 veteratorium
347 2994 404 3035 —‚
429 2958 486 3022 sed
510 2957 636 3040 inipso
661 2957 716 3020 illo
740 2958 872 3034 effectu,
898 2957 951 3039 qui
976 2979 995 3022 a
1019 2979 1092 3022 mea
1116 2957 1296 3023 deliberata
1320 2958 1434 3022 volun·

106 3053 182 3114 tate
205 3046 360 3131 procedit,
385 3047 550 3113 invenitur
566 3046 697 3129 aliquid,
722 3067 821 3127 aquo
841 3047 995 3112 voluntas
1017 3067 1091 3112 mea
1114 3051 1276 3129 repugnat
1299 3051 1332 3112 et
1349 3047 1435 3128 quod

109 3139 197 3202 rellet
219 3157 283 3201 non
308 3136 432 3201 adesse.
480 3136 568 3217 Elrgo
592 3135 812 3200 voluntarium
836 3136 1026 3219 simpliciter
1049 3140 1083 3202 et
1105 3135 1358 3201 involuntarium
1383 3156 1435 3200 se·

107 3227 251 3293 cundum
282 3225 357 3307 quid
387 3224 447 3290 sibi
478 3224 616 3289 invicem
647 3246 711 3288 non
742 3228 964 3308 opponuntur,
996 3224 1053 3289 sed
1084 3224 1170 3289 circa
1199 3225 1334 3289 eandem
1365 3246 1434 3289 rem

107 3315 313 3396 eundemque
346 3315 496 3380 effectum
529 3313 653 3378 versari
689 3318 798 3397 potest
834 3322 1008 3399 utrumque.
1052 3350 1093 3356 —-
1140 3314 1227 3378 Cave
1259 3313 1360 3395 igitur
1394 3334 1435 3378 ne

113 3403 353 3482 ¹,voluntarium
377 3402 584 3487 simpliciter“
605 3402 690 3467 idem
714 3403 836 3467 habeas
860 3408 958 3483 atque
986 3402 1222 3480 „voluntarium
1243 3424 1314 3467 cum
1339 3404 1434 3487 pleno

108 3492 291 3559 voluntatis
314 3492 418 3558 nisu“.
466 3491 512 3557 ef.
538 3492 658 3556 Frins
682 3493 702 3556 l.
727 3513 754 3558 c.
780 3514 810 3558 n.
836 3494 910 3558 282.

201 3607 253 3672 An
276 3627 466 3682 ouansrrnu
491 3609 529 3669 2¹²²
555 3606 592 3672 R.
612 3610 640 3672 1.
676 3605 727 3669 Ad
751 3610 919 3690 peccatum
944 3628 1008 3672 non
1031 3605 1216 3688 requiritur,
1241 3610 1277 3671 ut
1301 3608 1461 3673 effectuae

108 3696 357 3780 peccaminosus
381 3717 443 3760 non
467 3695 588 3760 habeat
611 3694 786 3778 quidquam
810 3695 1020 3760 involuntarii
1044 3695 1218 3759 secundun]
1244 3695 1336 3777 quid;
1363 3695 1436 3761 aliis

110 3785 237 3850 verbis:
269 3790 306 3852 ut
328 3789 496 3868 peccatum
522 3785 623 3861 absit,
652 3806 717 3849 non
741 3783 877 3862 sufficit,
903 3790 1031 3859 utres,
1057 3784 1096 3849 de
1120 3805 1184 3867 qua
1208 3785 1333 3866 agitur,
1359 3784 1436 3848 mihi

107 3874 156 3941 sit
179 3873 399 3941 involuntaria
414 3874 590 3939 secundum
608 3874 693 3955 quid,
719 3873 776 3938 sed
793 3873 890 3940 debet
906 3895 977 3939 esse
998 3873 1218 3940 involuntaria
1233 3873 1435 3957 simpliciter.

202 3979 239 4046 R.
266 3983 295 4045 2.
343 3979 390 4045 Ut
412 3984 581 4062 peccatum
606 3979 705 4055 adsit,
730 3979 826 4061 idque
850 3979 881 4042 in
906 4000 941 4043 re
965 3978 1059 4060 gravi
1083 3979 1235 4056 mortale,
1260 3979 1437 4061 requiritur

110 4074 147 4135 et
171 4068 308 4145 sufficit,
340 4073 377 4134 ut
399 4090 452 4133 res
476 4089 533 4132 seu
557 4071 692 4134 effectus
716 4069 758 4132 sit
782 4068 985 4133 voluntarius
1009 4067 1215 4149 simpliciter,
1240 4068 1302 4133 etsi
1326 4090 1435 4134 secum

109 4158 233 4224 habeat
263 4157 516 4223 involuntarium
548 4158 724 4222 secundum
749 4157 841 4239 quid;
875 4157 948 4221 eliis
973 4157 1096 4221 verbis:
1127 4156 1264 4235 sufficit,
1297 4162 1333 4223 ut
1364 4180 1434 4223 cunr

109 4248 211 4332 plena
234 4246 467 4312 deliberatione
491 4269 512 4312 a
535 4248 705 4313 voluntate
730 4246 902 4329 procedat,
935 4246 996 4312 etsi
1027 4246 1112 4310 forte
1137 4267 1208 4310 cunr
1240 4268 1361 4329 magna
1385 4270 1436 4312 re·

110 4335 303 4421 pugnantia.

203 4445 255 4508 An
278 4463 469 4518 ouuusrruu
494 4446 532 4507 3¹¹¹
556 4443 594 4507 R.
622 4430 660 4508 l.¹
691 4442 723 4507 Si
747 4441 915 4506 Amandus
937 4442 986 4507 ita
1009 4441 1160 4506 inductus
1184 4445 1234 4506 eet
1258 4441 1300 4504 ad
1324 4444 1463 4522 poturus

108 4533 319 4599 excessivum
349 4534 383 4597 et
413 4530 621 4608 ebrietatem,
654 4535 689 4595 ut
720 4530 789 4596 cius
819 4531 996 4614 periculum
1028 4530 1198 4595 nonsatis
1229 4529 1435 4605 adverteret;

107 4627 202 4689 recte
218 4621 375 4687 iudicavit
390 4642 426 4686 se
443 4642 552 4685 coram
569 4622 637 4686 Deo
654 4620 815 4696 excusari,
838 4641 876 4684 eo
893 4620 978 4701 quod
995 4618 1169 4685 nesciverit
1185 4618 1340 4682 virtutem
1358 4619 1437 4686 vini.

1185 4722 1222 4774 1*
