3106 5168
367 290 503 345 Luxuriae
521 293 634 360 peccata
651 291 680 344 in
697 307 797 359 genere
815 307 961 359 corumque
980 289 1126 344 distinctio.
1343 292 1408 357 277

81 466 177 534 dicit:
206 466 364 546 ,Videtur
386 467 503 533 saltem
528 467 722 534 satisfacere
746 466 982 542 confessarius,
1011 467 1039 532 si
1062 465 1284 551 paenitentem
1308 464 1409 542 inter·

82 561 196 640 rogat,
228 557 314 621 circa
345 557 474 638 qualem
504 578 676 640 personam
702 557 754 621 vel
784 557 989 640 suppositum
1018 556 1119 622 fuerit
1143 554 1335 632 delectatio,
1366 575 1409 620 an

81 647 169 711 circe
191 644 371 723 hominem,
396 666 536 721 marem,
562 646 732 723 feminam,
757 645 899 729 seipsum
923 651 1002 712 etc:
1028 645 1074 710 sio
1097 645 1184 710 enim
1207 643 1411 726 intellegitur

81 738 175 801 actus
203 734 390 811 ultimetus,
422 734 590 812 videlicet,
622 740 730 801 utrum
761 734 885 802 fuerint
908 734 1124 817 cogitationes
1147 732 1343 798 fornicariae
1367 753 1410 798 an

81 823 293 891 sodomiticae
317 828 397 891 etc.“
447 824 550 890 lmmo
580 825 713 905 insuper
736 823 827 889 addit
855 846 937 901 ,non
961 845 1033 890 esse
1056 822 1153 889 anxie
1176 822 1408 904 indagandum,

81 933 154 978 cum
177 913 285 978 minus
308 913 429 978 malum
452 914 512 993 sit,
538 914 775 980 confessionem
798 934 864 979 nou
887 934 960 979 esse
982 915 1150 991 exactam,
1161 931 1273 1066 tquum
1297 910 1410 994 paeni·

80 1006 153 1068 tent
155 1023 206 1067 em
236 1003 482 1069 scandalizari&
536 1003 628 1080 Quod
657 1003 862 1068 verissimum
893 1007 954 1069 est.
1006 1002 1113 1080 Quare
1143 1001 1242 1067 etiam
1272 1001 1410 1067 adverte

81 1112 180 1175 saepe
210 1091 357 1170 aliunde,
388 1092 531 1158 maxime
554 1114 596 1158 ex
626 1092 769 1177 peccatis
793 1113 891 1176 opere
915 1091 1071 1176 patratis,
1104 1089 1212 1173 colligi
1235 1110 1332 1174 posse
1355 1089 1409 1153 vel

81 1180 276 1246 brevissima
298 1181 556 1264 interrogatione
578 1182 665 1259 sciri,
690 1181 776 1247 circa
792 1202 951 1263 quasnam
970 1201 1128 1265 personas
1144 1200 1267 1264 pravae
1283 1177 1409 1261 cogita·

81 1270 188 1336 tiones
211 1275 324 1336 versat
326 1291 365 1336 ae
388 1270 463 1336 sint.
440 1271 557 1338 tuf
587 1270 758 1348 1111111,
784 1273 858 1337 255.
885 1272 959 1336 256.

170 1393 223 1458 An
239 1395 485 1469 ouaasmuu2¹¹¹
501 1394 540 1460 R
561 1398 589 1460 1.
622 1393 653 1460 Si
678 1393 811 1478 respicit
813 1415 852 1459 ur
797 1394 916 1460 tad
941 1393 1181 1460 distinctionem
1199 1391 1472 1471 numericam,543

82 1487 245 1565 quatenus
275 1504 317 1547 ex
347 1482 542 1565 repetitione
572 1489 704 1550 actuum
736 1483 854 1559 oritur,
884 1483 1002 1567 Lysias
1032 1503 1111 1548 sane
1134 1503 1303 1547 numerum
1328 1480 1410 1547 satis

82 1571 281 1649 declaravit,
312 1571 339 1635 si
366 1571 414 1637 ita
438 1576 498 1647 est,
523 1577 560 1638 ut
589 1572 690 1649 dixit,
722 1572 852 1639 etiamsi
880 1573 977 1637 modo
1007 1572 1104 1656 paulo
1135 1571 1282 1656 saepius,
1314 1570 1409 1635 modo

81 1661 188 1727 rarius
222 1660 420 1745 peccaverit.
468 1660 531 1726 Sed
566 1661 606 1726 de
641 1662 776 1728 obiectis
809 1682 986 1744 eorumque
1018 1661 1170 1745 specifica
1201 1659 1410 1726 distinctione

81 1749 247 1816 accusatio
271 1749 367 1814 nimis
390 1750 543 1832 geuerica
567 1755 618 1816 est
641 1755 740 1834 atque
764 1751 908 1834 suppleri
933 1751 1039 1817 debet.

171 1855 210 1921 R
236 1858 265 1921 2.
313 1854 476 1938 Imprimis
504 1855 636 1938 igitur
627 1878 660 1920 m
662 1856 880 1938 terrogandus
904 1861 955 1922 est
978 1855 1056 1937 (nou
1080 1856 1185 1921 solum
1208 1878 1286 1922 uum
1310 1855 1410 1922 etiam

81 1965 180 2029 opere
203 1945 406 2028 peccaverim
431 1966 507 2009 uam
529 1967 593 2010 non
608 1946 657 2011 ita
672 1966 746 2010 raro
763 1945 921 2010 eiusmodi
944 1945 1090 2034 homines
1113 1950 1232 2030 putant
1247 1944 1409 2024 sufficere,

80 2039 118 2099 ut
134 2036 327 2098 accusantes
343 2033 561 2114 cogitationes
577 2034 656 2098 dent
672 2034 871 2099 confessario
887 2055 1001 2099 ausam
1018 2029 1242 2118 interrogandi
1256 2034 1409 2110 alterium

81 2122 139 2187 sed
158 2121 287 2187 etiamsi
303 2142 402 2204 opere
418 2122 495 2187 nibil
520 2124 693 2206 peccavit),
719 2144 795 2188 uum
820 2123 896 2205 quid
919 2127 1016 2208 turpe
1039 2123 1149 2189 facere
1172 2123 1411 2191 desideraverit

81 2211 134 2276 vel
158 2210 224 2276 salt
210 2215 276 2275 tem
301 2212 564 2294 comprobaverit
573 2236 580 2277 :
606 2213 734 2294 quodsi
750 2217 885 2290 annuat,
910 2213 1095 2278 accuratius
1116 2212 1285 2279 declarare
1302 2212 1408 2292 debet,

81 2298 158 2384 quid
181 2299 243 2365 hoc
265 2299 376 2376 fuerit,
401 2321 474 2365 cunr
497 2321 577 2367 sane
601 2301 717 2385 copula
741 2301 963 2385 distinguatur
981 2302 1089 2385 specie
1105 2324 1125 2367 a
1141 2302 1239 2367 meris
1255 2302 1408 2379 tactibus,

81 2409 173 2454 mera
202 2388 375 2454 fornicatio
406 2390 447 2454 ab
478 2389 621 2467 incestu,
655 2390 816 2456 adulterio
847 2395 926 2469 etc,
962 2390 1122 2457 naturalis
1152 2391 1336 2458 coniunctio
1367 2392 1409 2458 ab

82 2477 259 2543 innaturali
283 2482 317 2543 et
341 2499 361 2543 a
383 2483 519 2561 peccato
542 2478 700 2557 solit-ario,
724 2479 821 2562 idque
845 2501 909 2545 non
932 2480 1035 2545 solum
1060 2480 1088 2545 si
1111 2480 1192 2546 haec
1215 2485 1354 2566 peccata
1373 2503 1409 2547 re

82 2571 324 2650 perpetrantur,
349 2569 406 2632 sed
431 2568 530 2635 etiam
553 2568 581 2632 si
605 2569 833 2635 desiderantur
855 2570 907 2634 vel
933 2571 1196 2654 comprobantur.

171 2672 209 2738 R..
235 2674 265 2738 3.
313 2672 346 2738 si
369 2671 486 2756 Lysias
517 2673 689 2754 negaverit
719 2694 754 2737 se
784 2674 915 2759 proprie
945 2676 1023 2740 mali
1047 2674 1123 2758 quid
1147 2675 1257 2742 facere
1281 2676 1409 2743 deside·

80 2782 173 2825 rasse
203 2782 308 2844 neque
338 2762 480 2845 speciale
510 2761 641 2843 aliquod
671 2763 793 2828 mulum
817 2764 1063 2848 comprobasse,
1095 2764 1177 2829 sumi
1201 2770 1311 2849 potest
1334 2787 1408 2832 eum

80 2850 113 2914 in
144 2849 222 2915 solis
246 2849 499 2932 cogitationibus
523 2855 621 2933 atque
645 2850 864 2918 delectatione
887 2874 929 2918 ex
952 2853 991 2918 iis
1015 2858 1113 2937 capta
1136 2857 1171 2918 et
1193 2862 1306 2922 secuta
1328 2855 1409 2921 hae·

81 2939 178 3004 sisse:
209 2960 293 3020 quae
323 2940 536 3023 probabiliter
559 2941 703 3007 eiusdem
728 2941 848 3025 speciei
871 2947 958 3021 sunt,
983 2942 1108 3009 scilicet
1131 2963 1241 3009 merae
1265 2944 1408 3010 delecta·
1464 3015 1466 3019 ,

80 3027 180 3094 tionis
203 3049 374 3096 venereae.

162 3251 391 3318 LUXURIAE
415 3251 587 3318 SPECIES
610 3252 670 3317 EX
694 3252 1057 3321 CIRCUMSTANTIIS
1080 3250 1324 3318 PRRSONAE.

637 3416 748 3483 Casus.
776 3424 851 3493 (161)

169 3559 311 3619 Lucullus
332 3560 439 3618 Annae
460 3560 568 3619 viduae
588 3560 690 3619 iuveni
710 3561 791 3620 locat
812 3561 901 3620 aedes
922 3581 994 3621 suas
1014 3561 1109 3638 pretio
1129 3561 1252 3633 minore,
1276 3561 1328 3622 sed
1349 3561 1407 3622 sibi

80 3646 215 3698 reservat
242 3640 289 3698 ius
317 3640 354 3697 ad
383 3659 448 3698 eam
477 3641 652 3700 accedendi:
680 3642 774 3717 quod,
802 3642 919 3717 quando
947 3661 1022 3701 uxor
1042 3662 1076 3701 se
1097 3641 1245 3701 difficilem
1273 3645 1406 3720 praebet,

80 3720 205 3796 singulis
219 3720 282 3779 fere
302 3720 492 3779 hebdomadis
507 3721 589 3789 facit,
612 3722 688 3781 alias
709 3741 768 3780 une
789 3722 923 3781 alterave
940 3723 1007 3782 vice
1020 3722 1050 3780 iu
1065 3741 1175 3784 meuse
1209 3721 1276 3782 Non
1290 3742 1407 3800 semper

79 3805 179 3858 tamen
207 3800 336 3859 naturali
363 3799 449 3859 modo
478 3820 513 3859 ea
541 3801 634 3859 utitur
665 3821 759 3877 neque
793 3801 822 3861 in
850 3807 956 3880 peccat
957 3803 983 3862 11
1012 3823 1077 3863 cum
1105 3804 1195 3862 Anna
1222 3803 1318 3876 sistit3
1353 3804 1406 3863 sed

79 3879 199 3938 etiam'
190 3900 220 3938 m
242 3881 348 3938 Annas
369 3899 500 3940 sororem
521 3900 621 3940 amore
643 3888 711 3959 capt
713 3902 756 3952 us,
779 3903 844 3940 cum
865 3883 940 3941 haec
961 3882 1063 3942 nolit
1054 3883 1112 3960 ipsi
1134 3884 1318 3956 consentire,
1340 3903 1406 3943 eam

78 3959 109 4019 in
125 3979 227 4019 somno
244 3959 383 4036 opprimit
404 3966 492 4037 atque
511 3961 575 4020 eius
593 3962 694 4033 filium,
716 3982 801 4037 quem
822 3963 1075 4023 innocentissimis
1096 3963 1227 4024 moribus
1249 3964 1405 4024 educatum

78 4040 252 4116 religionem
281 4046 311 4099 11
339 4041 509 4100 castitatem
529 4042 651 4100 vovisse
672 4043 745 4113 scit,
718 4043 890 4103 tseducit
878 4049 1034 4120 teumque
1057 4045 1087 4103 iu
1109 4045 1226 4104 stabulo
1247 4044 1318 4104 adt
1305 4045 1406 4121 turpia

79 4139 145 4179 cum
167 4120 343 4180 animalibus
364 4121 479 4196 agenda
500 4122 635 4198 exemplo
657 4143 711 4181 suo
732 4129 883 4199 provocat

168 4201 204 4260 In
219 4201 407 4260 confessione
427 4202 560 4278 paschali
581 4210 704 4262 accusat
725 4222 766 4275 se,
788 4204 907 4264 circiter
928 4205 1002 4264 ter
994 4224 1025 4264 111
1039 4224 1142 4264 mense
1162 4224 1195 4264 se
1212 4203 1404 4263 oumfemina

79 4281 189 4340 soluta
199 4299 351 4357 peccasse,
372 4283 464 4341 semel
485 4302 518 4341 se
539 4302 660 4359 puerum
682 4249 853 4345 seduirisse:
876 4287 953 4345 alias
973 4305 1032 4345 non
1052 4284 1134 4345 addit
1155 4284 1402 4355 circumstantias,

78 4380 173 4436 neque
187 4361 262 4436 quod
283 4361 469 4421 matrimonio
490 4363 609 4422 iunctus
624 4364 678 4435 sit;
699 4364 729 4422 id
751 4366 954 4442 animaeque
975 4384 1041 4424 oum
1062 4369 1201 4442 peccaret
1221 4382 1315 4438 neque
1337 4383 1402 4422 cum

80 4442 279 4513 confiteretur,
301 4442 510 4503 consideravit.
1021 4479 1023 4483 Α

79 4552 256 4623 Quaamrus
277 4557 307 4613 1⁰
333 4537 476 4632 quomodo
498 4556 614 4633 species
634 4557 769 4617 luxuriae
791 4558 1020 4634 distinguantur.

277 4654 307 4710 2⁰
332 4653 488 4730 inquibus
510 4655 687 4715 accusandis
708 4655 850 4715 Lucullus
871 4656 1005 4718 defuerit.
