3106 5168
163 286 225 351 116
374 279 415 336 Da
433 279 582 337 virtutibus
600 282 629 335 at
645 279 744 336 officiis
762 296 829 349 erga
846 279 942 335 Deum.
961 308 996 319 -
1009 279 1106 336 Virtus
1123 277 1272 348 absona.

249 457 296 524 ef.
328 457 539 539 Laymann
568 457 590 525 l.
614 478 641 523 c.
673 479 701 524 c.
727 458 762 535 8,
791 477 823 522 n.
849 458 868 522 2
890 477 979 539 sqq.;
1010 457 1181 536 Reuter,
1213 457 1317 524 thol.
1341 479 1419 524 mor.
1443 457 1486 534 ll,

159 544 713 720 ffisgqggllsglllcrini-Palm.
737 550 780 613 tr.
798 549 828 624 6,
852 567 879 612 s.
899 547 927 625 1,
947 566 978 612 n.
996 549 1060 612 219
1077 567 1148 629 sqq.
1165 548 1230 612 246
1246 567 1335 629 sqq.;
1358 545 1486 612 Leinz

96 745 150 802 230
248 743 288 810 R.
312 743 332 806 4
363 741 405 807 ad
428 762 539 806 casum
563 740 775 825 propositum.
823 739 975 808 Officium
998 740 1168 819 sacristae,
1192 761 1265 806 cum
1288 740 1332 806 sit
1355 738 1487 806 omnino

159 852 276 896 munus
310 829 566 896 ecclesiasticum
605 834 639 897 ot
677 850 824 909 sacrum,
864 830 1025 897 obiectum
1063 829 1220 897 simoniae
1253 849 1326 895 esse
1364 834 1485 914 potest.

158 920 327 986 Habemus
349 939 392 985 ex
415 924 511 1003 parte
534 918 671 985 Gerardi
695 923 730 985 et
752 918 888 985 alterius
911 940 1025 985 veram
1047 919 1233 1003 pactionem
1260 939 1320 985 seu
1343 939 1486 984 conven-

158 1008 297 1085 tionem3
320 1008 478 1075 habemus
493 1008 636 1092 pretium
651 1008 833 1092 temporale
847 1011 919 1074 tum
940 1008 974 1073 in
997 1030 1125 1075 summa
1140 1007 1298 1092 pecuniae
1312 1007 1486 1092 promissa,

157 1100 229 1164 tum
251 1098 284 1164 in
307 1097 470 1182 promissa
492 1097 784 1166 commendatione.
829 1097 1090 1177 Commendatio,
1122 1101 1160 1164 ut
1181 1097 1323 1176 videtur,
1353 1097 1487 1180 reipsa

158 1187 301 1254 nondum
324 1191 376 1254 est
398 1186 508 1265 facta;
537 1186 613 1252 hino
642 1191 721 1254 ante
750 1187 908 1271 pecuniae
935 1186 1131 1253 solutionem
1160 1184 1299 1253 simonia
1321 1185 1385 1254 fuit
1407 1207 1486 1252 con-

157 1276 354 1345 ventionalia
368 1276 423 1342 vel
445 1275 560 1355 mixta,
583 1280 660 1359 post
682 1276 846 1360 inceptam
869 1275 987 1342 saltem
1003 1276 1197 1342 solutionem
1220 1275 1359 1342 simonia
1374 1275 1484 1341 realis.

246 1365 363 1448 Neque
385 1365 505 1444 refert,
529 1364 616 1447 quod
638 1386 704 1430 non
725 1364 799 1449 ipsa
822 1364 920 1430 officii
943 1366 1079 1448 coemo,
1110 1365 1169 1431 sed
1190 1365 1296 1431 solum
1320 1385 1486 1431 commen-

158 1454 246 1522 datio
271 1457 312 1521 ad
336 1453 478 1520 officium
502 1459 614 1538 empta
643 1453 703 1531 sit;
735 1475 810 1520 nam
841 1453 911 1519 sive
940 1453 1012 1538 ipsa
1043 1474 1097 1519 res
1126 1453 1307 1539 spiritualis
1335 1453 1407 1520 sive
1431 1454 1486 1519 viu

157 1543 200 1610 ad
223 1565 296 1611 eam
319 1543 448 1622 emitur,
473 1543 611 1610 simonia
633 1546 686 1609 est
708 1547 743 1611 et
766 1542 807 1608 ab
832 1542 980 1608 omnibus
1002 1542 1142 1610 simonia
1163 1543 1312 1613 habetur.

245 1633 298 1699 Ita
321 1653 374 1698 res
403 1635 439 1698 in
461 1655 495 1699 se
521 1636 573 1698 est
596 1631 809 1698 diiudicanda.
857 1632 891 1698 Si
915 1631 1080 1700 Gerardus
1109 1631 1141 1698 id
1171 1652 1251 1716 prae
1273 1630 1485 1716 simplicitate

157 1721 306 1800 nescivit,
330 1742 441 1788 coram
464 1723 534 1787 Deo
558 1721 707 1787 excusari
730 1724 857 1805 potest;
890 1743 1001 1787 coram
1023 1721 1173 1787 Ecclesia
1196 1724 1306 1788 autem
1330 1722 1485 1804 sequelae

157 1810 314 1877 simoniae
330 1810 541 1878 sustinendae
563 1815 649 1887 sunt,
673 1811 849 1894 praecipue
864 1811 998 1877 nullitas
1014 1810 1208 1879 collationis.
1242 1810 1359 1893 Neque
1382 1810 1485 1877 trien·

156 1899 224 1965 nali
247 1899 453 1985 possessione
476 1920 516 1965 aa
539 1900 648 1965 sanari
672 1903 792 1983 potest,
817 1899 893 1981 quia
917 1899 951 1964 in
974 1899 1112 1966 simonia
1135 1900 1176 1965 ab
1199 1899 1270 1984 ipso
1293 1920 1485 1984 possessore

157 1988 254 2055 officii
279 1989 453 2055 commisso
475 1988 580 2055 bonae
602 1988 678 2054 fidei
700 1987 915 2073 praescriptio
937 1989 1045 2055 locum
1067 2009 1244 2073 numquam
1266 1987 1377 2057 habet.

722 2195 916 2264 SIMONIA.

721 2352 832 2420 casus
859 2359 918 2430 (64)

245 2493 341 2553 Titius
365 2493 505 2553 sacerdos
533 2493 563 2564 1)
584 2497 704 2570 praeter
723 2491 787 2551 dies
809 2492 971 2552 dominicos
994 2503 1025 2551 et
1044 2493 1139 2552 festos
1166 2510 1227 2551 non
1247 2492 1394 2566 celebrat,
1424 2493 1485 2554 nisi

154 2575 264 2634 habeat
285 2572 478 2650 stipendium,
508 2571 609 2632 dicans
636 2592 669 2632 se
695 2573 775 2632 nolle
795 2572 890 2648 gratis
911 2573 1063 2645 laborare;
1092 2573 1122 2644 2)
1150 2572 1266 2649 quando
1288 2573 1413 2633 offertur
1433 2575 1484 2635 sti*

154 2655 292 2733 pendium
323 2653 481 2712 secundum
503 2657 605 2712 texam
627 2653 833 2713 dioecesanam
855 2656 910 2724 1¹l,
934 2672 1041 2724 mare,
1068 2654 1146 2712 solet
1166 2652 1264 2712 dicere
1291 2672 1324 2713 se
1354 2674 1414 2714 non
1437 2674 1483 2714 ac·

156 2739 276 2812 captare
297 2733 355 2794 nisi
376 2733 526 2810 stipendia
547 2735 565 2792 3
586 2752 767 2804 marcarum
796 2733 828 2807 3)
855 2752 949 2811 nuper
970 2753 1035 2792 cum
1057 2733 1105 2793 bis
1126 2734 1283 2793 offerretur
1302 2733 1481 2810 stipendium

154 2815 293 2893 pinguius
314 2834 367 2891 pro
388 2813 482 2872 Missa
502 2813 567 2891 ipso
588 2814 638 2873 illo
661 2813 706 2873 dia
728 2813 919 2886 celebranda,
948 2819 1104 2889 utrumque
1126 2818 1278 2890 acceptat,
1300 2815 1481 2875 conveniens

155 2915 220 2955 cum
242 2895 300 2954 alio
321 2894 492 2965 sacerdote,
514 2899 547 2953 ut
567 2893 616 2953 hic
636 2894 723 2953 hodia
745 2894 782 2953 ad
802 2893 996 2953 intentionem
1018 2893 1101 2966 Titii,
1123 2893 1219 2953 Titius
1241 2912 1308 2953 oras
1329 2893 1366 2952 ad
1387 2895 1482 2955 inten-

154 2976 264 3036 tionem
284 2974 365 3034 illius
387 2974 530 3044 celebret;
551 2976 583 3048 4)
603 2974 635 3033 in
655 2974 724 3033 ludo
745 2973 900 3033 consucvit
920 2993 974 3050 pro
994 2973 1121 3050 pecunia
1135 2974 1259 3033 Missam
1276 2974 1482 3034 celebrandam

154 3074 319 3132 exponere;
347 3054 376 3129 5)
399 3074 464 3113 cnm
485 3054 596 3114 habeat
616 3055 787 3114 facultatem
810 3053 1010 3132 quadruplicis
1032 3053 1196 3130 scapularis
1217 3053 1401 3131 imponendi,
1425 3055 1482 3114 scit

153 3137 221 3196 indo
242 3137 355 3195 lucrum
376 3135 490 3206 facere,
520 3135 652 3194 vendens
673 3135 842 3211 scapularia
863 3134 937 3193 satis
959 3153 1043 3207 care,
1065 3133 1205 3193 videlicet
1225 3133 1382 3212 expensis,
1408 3154 1486 3212 quas

153 3216 217 3294 ipse
231 3216 332 3275 facere
346 3215 456 3286 debuit,
478 3215 559 3274 addit
580 3215 705 3293 pretium
723 3215 769 3274 sui
790 3215 909 3287 laboris,
932 3233 1017 3290 quem
1031 3215 1130 3274 subire
1145 3215 1232 3274 debat
1244 3214 1276 3273 iu
1290 3215 1481 3276 admittendis

153 3303 184 3356 et
205 3295 408 3356 describendis
428 3294 575 3355 fidelibus.

154 3402 331 3474 Qnsnmrus
350 3420 419 3460 num
441 3405 472 3460 et
493 3401 609 3478 quando
631 3400 726 3460 Titius
748 3399 927 3460 commiserit
948 3399 1111 3462 simoniam.

750 3579 885 3650 Solutio.

90 3736 141 3792 231
242 3724 280 3791 R.
308 3727 336 3789 1.
383 3722 512 3806 Agendi
541 3723 627 3789 ratio
651 3722 728 3789 Titii
758 3723 790 3787 in
819 3726 923 3808 primo
953 3743 1030 3787 casu
1062 3723 1150 3807 sapit
1173 3723 1303 3805 quidem
1330 3724 1479 3809 spiritum

152 3835 267 3898 parum
291 3811 546 3890 sacerdotalem,
578 3815 612 3879 st
641 3812 670 3877 si
693 3813 794 3878 verba
824 3813 953 3879 addita:
989 3832 1043 3890 ,se
1069 3813 1156 3878 nolle
1179 3813 1284 3895 gratis
1307 3813 1475 3880 laborarel

152 3924 251 3969 sensu
275 3924 333 3968 suo
357 3902 472 3968 stricto
489 3906 671 3980 sumuntur,
695 3900 833 3967 simonia
857 3907 918 3980 est,
943 3922 1016 3966 cum
1033 3901 1228 3985 stipendium
1244 3902 1407 3970 habeatur
1422 3926 1480 3988 pro

152 3993 301 4058 mercede
325 3992 447 4056 laboris
469 3991 666 4056 intrinsecus
690 4011 763 4056 cum
785 4011 821 4056 re
845 4012 939 4056 sacra
963 4011 1021 4056 seu
1044 4012 1141 4056 sacra
1159 3990 1327 4060 iunctione
1350 3994 1477 4059 conexi.

153 4081 187 4148 si
210 4103 290 4147 vero
313 4081 415 4146 verba
437 4081 495 4147 illa
517 4080 603 4146 serio
627 4101 691 4145 non
714 4080 991 4163 intellegebantur
1012 4101 1070 4165 pro
1090 4082 1241 4146 mercede
1256 4082 1378 4147 Missae
1395 4083 1479 4148 cele·

152 4171 282 4249 bratae,
306 4168 444 4236 simonia
467 4191 531 4234 non
556 4174 607 4236 est
629 4169 790 4253 stipendio
815 4171 925 4236 oblato
949 4170 1130 4235 socordiam
1155 4174 1328 4250 excutere,
1353 4193 1392 4238 eo
1416 4194 1480 4238 non

152 4261 264 4327 oblato
287 4258 436 4325 socordia
459 4263 494 4325 et
516 4258 650 4343 pigritia
673 4258 756 4324 vinci
782 4279 841 4324 nec
866 4259 1001 4325 Sacrum
1026 4260 1153 4324 offerre.

240 4367 280 4432 R.
305 4369 335 4432 2.
382 4364 420 4429 ln
450 4367 585 4431 secundo
616 4386 694 4431 casu
724 4365 842 4431 iterum
874 4366 975 4431 habes
1003 4365 1122 4449 agendi
1146 4367 1276 4431 modum
1299 4367 1476 4450 indignum,

152 4455 208 4538 qui
229 4454 317 4521 fideli
340 4455 460 4538 populo
483 4455 587 4539 possit
610 4454 705 4539 gravi
728 4455 883 4521 scandalo
903 4476 985 4521 esse.
1022 4455 1166 4522 Simonis
1182 4461 1292 4523 autem
1315 4456 1477 4534 nouerit,

152 4545 215 4610 nisi
237 4544 324 4609 forto
352 4544 386 4609 in
417 4565 471 4624 eo,
502 4543 559 4627 qui
582 4550 690 4611 certas
713 4545 832 4610 Missas
862 4565 905 4610 ex
936 4545 1043 4610 officio
1067 4545 1234 4611 celebrare
1258 4545 1370 4624 debet,
1402 4567 1478 4612 con-

151 4637 263 4700 tentus
293 4633 465 4699 honorario
496 4655 555 4718 per
584 4635 785 4718 superiorem
816 4637 952 4701 statuto.
1001 4634 1193 4700 Timendum
1223 4634 1309 4700 enim
1339 4641 1407 4715 est,
1438 4655 1477 4698 ne
