3106 5168
298 299 452 354 Translatio
470 301 520 354 iur.
537 317 561 370 p.
580 304 787 354 contractus-
807 304 892 355 contr.
905 299 1039 353 defectus:
1058 307 1147 351 anetae.
1320 299 1383 362 411

63 476 316 542 rescindibilitas
338 477 526 556 sustinetur,
551 477 609 542 sed
632 477 730 542 etiam
753 478 882 558 quando
905 480 1012 542 metus
1035 475 1069 540 in
1092 475 1189 540 alium
1213 476 1310 539 finem
1334 476 1386 538 θεῖ

62 567 222 643 incussus,
247 565 300 629 vel
318 587 338 629 a
354 567 452 632 tertio
477 567 624 631 incussus
648 570 708 642 est,
734 567 786 631 vel
810 566 838 630 si
857 566 1059 648 dirigebatur
1081 585 1145 629 non
1170 568 1283 628 contra
1307 583 1385 626 con·

62 655 249 720 trahentem
273 654 389 737 ipsum,
414 655 471 720 sed
495 660 609 722 contra
633 655 724 732 alios,
748 655 775 720 si
800 655 895 721 modo
919 658 1053 738 propter
1075 653 1166 717 illum
1189 656 1312 717 metum
1336 652 1385 715 in·

62 744 150 809 iuste
173 744 337 808 incussum
360 745 556 810 contrahens
580 744 622 810 ad
646 745 902 810 contrahendum
926 748 978 808 est
1000 748 1176 826 permotus

155 867 207 932 Au
239 887 429 943 qunasrruu
463 871 500 932 2¹¹²
533 868 572 934 R.
600 872 627 933 1.
680 867 870 932 Numidiam
902 871 991 931 metu
1022 870 1205 949 permotum
1238 887 1310 930 esse
1343 867 1383 931 ad
1394 881 1446 935 813

63 959 269 1021 contractum
285 957 454 1022 societatis
476 957 650 1021 ineundum
675 957 796 1022 clarum
814 960 881 1032 est;
905 955 938 1020 id
954 977 996 1020 ex
1015 976 1092 1020 casu
1115 955 1216 1021 allato
1237 955 1384 1021 sumitur.

63 1046 149 1110 'Pota
166 1044 313 1126 quaestio
329 1048 389 1122 est,
414 1046 499 1112 sitne
518 1051 625 1112 metus
648 1049 764 1110 larinate
786 1045 951 1121 incussus;
976 1050 1009 1111 et
1032 1044 1209 1109 secundum
1226 1044 1384 1127 quaedam

62 1135 145 1211 iura,
170 1155 246 1198 num
271 1139 443 1200 censeatur
466 1138 573 1200 metus
596 1136 713 1221 pravis.

154 1240 192 1305 R.
219 1243 248 1304 2.
295 1239 329 1304 Si
352 1238 524 1304 Numidius
547 1240 662 1304 timere
686 1239 802 1322 potuit,
827 1259 868 1303 ne
891 1237 1043 1303 avunculi
1066 1238 1212 1303 actiones
1236 1241 1385 1305 effectum

62 1331 222 1395 haberent
245 1328 332 1412 apud
355 1332 498 1411 patrem,
523 1333 630 1394 metus
652 1329 718 1405 ille,
748 1349 789 1393 ne
812 1328 1037 1393 retraheretur
1059 1347 1080 1391 a
1103 1326 1219 1394 studiis
1242 1332 1342 1411 atque
1366 1351 1385 1393 a

62 1422 156 1483 statu
186 1418 274 1484 vitae
304 1417 365 1481 sibi
397 1417 462 1481 iam
492 1417 578 1483 forte
609 1416 824 1501 praestituto,
857 1438 936 1482 sane
968 1417 1001 1481 in
1034 1416 1243 1483 adulescente
1274 1418 1387 1499 gravis

64 1512 172 1572 metus
204 1511 271 1593 est.
312 1507 462 1572 Ceterum
495 1527 536 1571 ne
567 1506 600 1570 id
633 1506 762 1588 quidem
793 1505 826 1570 in
857 1506 927 1571 iure
961 1505 1223 1572 Germanico
1256 1510 1388 1590 oportet

63 1594 238 1677 inquirere.

154 1693 193 1758 R.
218 1696 248 1759 3.
296 1692 404 1758 Minae
427 1692 557 1775 quidem
587 1696 760 1774 parentum
789 1692 976 1757 retrahendi
1006 1691 1108 1757 filium
1132 1714 1152 1757 a
1175 1692 1292 1759 studiis
1322 1705 1448 1759 non814

63 1782 249 1847 necessario
272 1786 349 1847 sunt
371 1781 521 1847 iniustae.
564 1781 598 1846 Si
621 1781 737 1847 studiis
760 1780 945 1846 incumbere
969 1785 1021 1847 est
1043 1801 1143 1865 supra
1166 1781 1388 1848 condicionem

63 1875 253 1955 parentum,
284 1870 317 1935 id
347 1869 553 1935 nihilominus
586 1870 681 1935 alicui
705 1869 770 1934 filio
803 1872 979 1935 concedere
1009 1870 1106 1935 favor
1128 1875 1179 1935 est
1206 1870 1387 1950 indebitus,

62 1981 160 2042 quem
185 1961 353 2024 retrahere
376 1959 530 2024 iniustum
555 1980 619 2024 uon
643 1964 703 2037 est,
728 1958 828 2023 etiam
845 1958 873 2024 si
890 1959 1018 2040 quando
1041 1958 1142 2023 fuerit
1165 1964 1280 2025 contra
1303 1961 1387 2025 cari-

62 2053 180 2114 tatem.
227 2048 260 2112 Si
284 2069 362 2113 vero
389 2048 506 2114 studiis
530 2069 649 2113 vacare
679 2052 730 2113 est
759 2049 935 2112 secundum
959 2048 1179 2114 condicionem
1203 2053 1386 2133 parentum,

63 2138 136 2203 sine
159 2157 259 2202 causa
276 2137 524 2221 proportionata
538 2137 640 2202 filium
664 2137 802 2202 invitum
817 2138 858 2201 ab
880 2137 920 2202 iis
943 2137 1111 2203 retrahere
1135 2142 1187 2203 est
1209 2147 1267 2202 suo
1291 2139 1386 2203 modo

62 2231 181 2292 contra
204 2226 438 2304 educationem,
463 2226 506 2291 ad
529 2248 624 2308 quam
649 2226 740 2307 leges
763 2225 837 2290 filiis
860 2229 910 2291 ias
934 2226 1123 2291 concedunt.

154 2315 265 2396 Longe
296 2319 405 2380 antem
436 2315 566 2397 saepius
596 2317 749 2379 iniustum
780 2314 858 2390 erit,
889 2313 1040 2397 instigari
1069 2335 1089 2379 a
1119 2314 1217 2381 tertio
1245 2315 1386 2397 quodam

61 2408 227 2487 parentes,
252 2407 289 2468 ut
311 2403 412 2468 filium
427 2404 608 2469 retrahant.
649 2403 739 2479 Quod
763 2401 791 2468 si
806 2403 1016 2468 fraudulenta
1038 2403 1108 2468 sive
1124 2404 1271 2470 mendaci
1290 2405 1386 2470 modo

63 2496 111 2569 lit,
136 2513 264 2576 semper
286 2494 325 2558 fit
347 2492 467 2558 iniuste
486 2498 600 2558 contra
616 2492 732 2566 filium;
757 2491 855 2574 idque
878 2492 987 2569 etiam,
1012 2492 1141 2574 quando
1164 2498 1240 2577 post
1262 2493 1385 2559 tactam

62 2582 253 2646 mendacem
277 2582 518 2647 enarrationem
541 2603 594 2646 res
618 2581 767 2666 precibus
783 2584 912 2647 tantum
928 2581 1150 2664 similibusque
1172 2582 1275 2647 modis
1299 2583 1387 2667 apud

61 2675 218 2753 parentes
242 2671 294 2736 vel
319 2692 391 2735 eum
416 2670 534 2753 agitur,
563 2671 617 2752 qui
639 2670 865 2754 procurandae
889 2670 1091 2735 educationis
1114 2671 1164 2735 ius
1187 2675 1221 2738 et
1244 2671 1387 2736 officium

63 2761 174 2825 habet.

154 2849 239 2912 Hinc
262 2848 295 2913 in
319 2851 430 2913 nostro
455 2869 531 2913 casu
556 2847 612 2912 vix
629 2848 760 2912 dubium
784 2852 845 2924 est,
870 2847 946 2929 quin
963 2847 1135 2912 Numidica
1159 2869 1202 2913 ex
1225 2853 1314 2914 metu
1337 2848 1387 2913 in·

63 2938 151 3002 iuste
183 2937 312 3002 incusso
345 2937 482 3001 adactus
514 2937 557 3002 sit
589 2937 631 3001 ad
662 2937 754 3001 illurn
784 2941 988 3002 contractum
1021 2937 1205 3014 societatis,
1240 2938 1386 3020 adeoque

63 3030 154 3091 recte
178 3033 290 3109 petere
312 3026 426 3109 possit,
451 3030 488 3092 ut
511 3026 564 3090 ille
588 3030 776 3091 contractus
794 3026 1016 3090 declararetur
1036 3031 1203 3107 tamquam
1229 3027 1269 3091 ab
1294 3027 1387 3092 initio

63 3115 239 3182 invalidus.

155 3213 193 3280 R.
218 3217 248 3278 4.
288 3212 398 3279 Etiam
421 3211 454 3276 in
479 3211 573 3276 dubio
597 3233 665 3275 rem
689 3233 782 3276 suam
806 3231 914 3276 coram
938 3210 1042 3274 iudice
1066 3210 1095 3274 ei
1119 3231 1217 3292 agere
1241 3210 1326 3288 licet,
1352 3216 1388 3277 ut

64 3302 121 3366 illo
153 3322 212 3385 pro
242 3323 302 3366 sua
333 3300 544 3384 persuasione
575 3301 739 3366 decernat.
792 3299 911 3375 Quodsi
945 3299 1159 3364 favorabilem
1189 3301 1387 3366 sententiam

64 3391 195 3467 tulerit,
227 3411 266 3455 ea
296 3396 405 3473 potest
435 3390 482 3455 uti
513 3395 612 3470 atque
635 3393 741 3454 totum
765 3389 917 3453 damnum
941 3388 1108 3452 ferendum
1134 3388 1166 3452 in
1191 3389 1387 3454 avunculum

63 3499 224 3545 conicere.

429 3640 575 3705 METUS
599 3640 646 3704 IN
671 3638 932 3707 CONTRACTU
958 3639 1026 3722 (ΙΙ).

625 3797 734 3862 Casus,
761 3806 837 3872 (252)

156 3938 323 4007 Ausonius,
352 3937 461 3996 nobilis
482 3935 613 4005 iuveniS,
642 3956 680 3994 ex
700 3937 822 3995 levitate
844 3937 993 3996 contraxit
1014 3939 1107 3997 multa
1129 3939 1243 4010 debita,
1268 3960 1389 4015 quorum

65 4020 274 4080 solvendorum
302 4018 445 4076 terminus
473 4017 575 4075 instat.
618 4016 726 4086 Quodsi
755 4017 926 4092 parentibus
954 4022 1065 4078 statum
1094 4039 1178 4078 suum
1207 4021 1388 4090 manifestat,

65 4101 120 4159 vix
150 4118 209 4156 uon
238 4104 350 4157 certum
372 4103 418 4156 est
445 4103 560 4174 patrem
588 4116 646 4154 non
675 4096 837 4155 soluturum
859 4097 912 4156 sed
933 4098 1024 4157 filium
1046 4100 1291 4159 exheredatorum
1313 4119 1387 4159 esse.

65 4179 153 4249 Quod
179 4177 372 4237 infortunium
399 4184 433 4236 ut
460 4176 584 4247 evadat,
612 4176 675 4236 adit
695 4177 834 4235 Iudaeum
855 4177 902 4253 qui
931 4184 1054 4253 paratus
1075 4186 1122 4237 est
1143 4181 1212 4238 dare
1233 4182 1312 4239 3000
1333 4199 1389 4240 mo.

65 4281 104 4319 ea
124 4259 206 4332 lege,
236 4264 268 4317 ut
289 4258 456 4329 Ausonius,
484 4262 639 4334 postquam
662 4256 766 4315 adierit
789 4263 943 4332 paternam
966 4258 1175 4329 hereditatem,
1204 4258 1261 4317 sibi
1283 4260 1389 4318 debeat

66 4342 105 4399 00
114 4341 173 4399 000
188 4358 242 4398 mo.
277 4339 429 4398 Ausonius
443 4337 623 4395 necessitate
644 4356 764 4413 pressus
780 4337 889 4395 Iudaeo
906 4337 956 4395 dat
977 4339 1177 4414 syngrapham
1198 4341 1386 4415 postulatam.

66 4420 125 4480 Sed
153 4420 241 4495 paulo
269 4425 336 4495 post
365 4424 453 4476 noctu
483 4416 620 4493 opprimit
640 4417 797 4486 Iudaeum,
825 4417 953 4476 obstruit
981 4419 1043 4476 eius
1072 4437 1105 4476 os
1129 4424 1159 4476 et
1186 4419 1290 4476 stricto
1317 4439 1388 4477 ense

66 4501 209 4578 postulat,
231 4505 264 4557 ut
280 4499 336 4557 sibi
359 4498 462 4556 reddat
477 4497 686 4574 syngrapham,
709 4495 795 4553 immo
817 4503 850 4555 ut
872 4497 993 4572 insuper
1008 4497 1138 4555 declaret
1158 4498 1268 4574 scripto
1291 4499 1389 4557 omnia

67 4581 167 4640 debita
195 4584 265 4638 ante
294 4580 369 4636 hano
399 4579 473 4635 diem
504 4582 656 4635 contracta
685 4576 834 4634 exstincta
862 4597 936 4635 esse.
992 4578 1073 4635 Metu
1108 4578 1231 4636 adactus
1260 4579 1388 4638 Iudaeus

66 4664 110 4721 ita
134 4660 216 4720 facit.
