3106 5168
192 289 346 344 Ττθηθῖθῖῖο
363 289 414 344 iur.
433 308 459 360 p.
478 292 632 344 contractus
651 319 685 327 —
704 294 789 345 contr.
808 291 951 344 adiuncta:
969 293 1104 343 enodaret
1122 293 1249 345 condicio.
1316 294 1380 357 415

58 469 152 531 tuam
176 470 300 532 emeret
322 466 430 549 potius
453 487 495 531 ex
518 466 655 550 pecunia
677 466 745 544 illa,
770 487 853 549 quac
873 466 907 531 in
925 466 1067 547 gratiam
1082 467 1286 532 alumnorum
1303 468 1382 533 data

59 559 142 620 erat.
189 554 329 632 Verum,
360 559 397 620 ut
420 555 501 632 dixi,
535 556 578 620 ad
607 555 668 620 hoc
697 555 916 621 necessarium
941 559 1029 632 erat,
1061 559 1098 620 ut
1127 556 1248 621 alumni
1281 556 1381 621 libere

58 644 190 708 omnino
214 643 452 719 consentirent3
484 666 559 710 nam
582 643 725 727 ipsorum
749 647 877 710 tantum
901 648 974 710 crat
996 648 1123 710 mutare
1146 644 1260 723 finem,
1286 667 1381 727 quem

58 733 92 797 in
115 732 260 815 ipsorum
284 732 485 798 commodum
510 733 649 798 donator
671 733 896 799 constituerat.

150 830 307 895 Retinent
335 830 437 912 igitur
467 830 588 895 alumni
618 830 669 894 ius
699 831 739 895 ad
772 830 1066 896 extraordinarium
1097 830 1284 913 prandium,
1318 832 1379 895 nisi

58 919 202 1072 diongtor
228 920 330 1072 tfinem
364 920 559 996 mutaverit;
598 924 656 986 aut
688 920 762 984 huic
795 919 946 985 donatori
977 940 1104 984 summa
1135 924 1272 1003 accepta
1307 920 1380 984 red·

81 1029 122 1072 en
147 1029 167 1072 a
191 1029 252 1074 es.

434 1163 635 1229 CONDICIO
663 1162 711 1227 IN
736 1162 1007 1232 CONTRACTU.

615 1320 725 1387 Casus.
752 1328 829 1396 (254)

148 1460 261 1530 Rufus,
288 1461 557 1531 franoomurarius,
586 1461 686 1538 nepoti
709 1481 762 1520 suo
784 1463 980 1521 instrumento
1009 1463 1120 1539 scripto
1143 1463 1233 1521 donat
1259 1464 1277 1520 2
1299 1462 1380 1521 milia

56 1559 224 1599 marcarum
239 1547 378 1616 quattuor
393 1541 541 1600 distinctis
558 1542 738 1618 temporibus
753 1543 959 1601 solvendarum
974 1562 991 1599 a
1005 1542 1209 1612 nummulario,
1231 1562 1267 1601 ea
1281 1547 1380 1602 tamen

57 1621 243 1691 condicione,
266 1625 298 1680 ut
318 1627 387 1697 post
408 1641 517 1680 annum
538 1642 571 1680 se
586 1622 826 1681 t'ranoomurariis
841 1623 1066 1681 adscribendum
1082 1629 1165 1681 curet
1179 1631 1210 1682 et
1223 1623 1380 1694 Amulium,

57 1720 143 1759 snam
166 1721 203 1759 ex
225 1700 283 1759 alio
305 1703 397 1759 fratre
418 1706 546 1777 neptem,
569 1703 665 1761 ducat.

139 1782 276 1840 Alterum
304 1788 441 1856 nepotem
463 1782 645 1840 duodennem
667 1782 768 1840 eodem
789 1783 874 1840 modo
896 1802 1031 1841 securum
1052 1784 1126 1841 facit
1148 1783 1183 1840 de
1204 1783 1381 1859 recipiendis

57 1863 117 1920 500
139 1880 194 1921 mc.
217 1861 384 1931 annuatim,
408 1861 497 1919 etiam
518 1867 585 1937 post
607 1881 690 1920 suam
711 1867 834 1920 mortem
856 1863 931 1920 forte
953 1867 1135 1933 secuturam,
1164 1869 1227 1922 toto
1248 1869 1380 1940 tempore

57 1941 234 2012 studiorum,
257 1940 308 1999 sed
331 1961 366 1999 ea
388 1941 570 2012 condicione,
592 1962 629 2000 ne
651 1942 790 2000 sacerdos
811 1943 863 2000 fiat
884 1941 932 2000 rel
952 1943 1118 2017 religiosus.

56 2057 238 2126 Qunnmrun
260 2058 289 2113 1ο
315 2076 389 2131 quae
417 2056 458 2114 sit
485 2057 617 2116 condicio
646 2057 811 2115 contractui
840 2056 994 2133 apposita;
1024 2057 1092 2132 quid
1113 2057 1224 2115 efficiat
1245 2057 1379 2117 condicio

312 2136 498 2212 suspensiva,
521 2137 588 2212 quid
610 2137 795 2196 resolutoria.

258 2226 287 2282 2ο
312 2225 380 2299 quid
401 2224 432 2283 in
454 2225 572 2283 casibus
594 2225 763 2301 propositis,
785 2226 811 2284 si
833 2226 913 2300 prior
933 2225 1174 2284 francomurariis
1196 2245 1229 2283 se
1249 2244 1309 2283 non
1331 2226 1379 2283 ad·

312 2305 424 2380 iungat,
446 2305 564 2364 Amalia
578 2308 688 2364 nubere
703 2311 836 2376 recuset,
859 2306 934 2365 alter
949 2325 1041 2381 nepos
1062 2305 1202 2365 sacerdos
1220 2305 1283 2363 fieri
1297 2305 1379 2364 velit.

653 2491 787 2557 Solutio.

146 2631 200 2696 An
224 2653 416 2708 ounnsrrou
442 2635 479 2695 1“ιι
502 2632 540 2698 R.
560 2635 588 2698 1.
634 2633 665 2696 A
689 2636 879 2708 condicione,
904 2634 1000 2699 aliter
1016 2655 1055 2698 ac
1079 2634 1118 2698 de
1141 2635 1232 2700 modo
1257 2633 1440 2706 dictumsaa

54 2725 117 2796 cst,
143 2726 332 2787 contractus
356 2721 449 2785 valor
472 2721 525 2785 vel
549 2723 684 2787 effectus
707 2723 836 2805 pendet.
865 2723 981 2804 Neque
1004 2722 1037 2787 in
1061 2723 1121 2787 hac
1144 2744 1180 2787 re
1204 2722 1379 2788 difficultas

54 2814 118 2887 eet,
145 2811 274 2891 quando
299 2809 409 2890 agitur
439 2809 479 2874 de
503 2810 691 2875 condicione
715 2811 766 2876 vel
791 2811 974 2895 praesentis
1006 2811 1054 2876 rei
1084 2812 1137 2876 vel
1168 2811 1377 2895 praeteritae,

55 2899 114 2963 sed
138 2899 244 2963 solum
268 2899 396 2980 quando
421 2899 531 2980 agitur
554 2899 594 2964 de
617 2900 803 2965 condicione
826 2901 873 2964 rei
896 2901 1036 2966 futurae.

148 2996 236 3060 Nam
260 2997 287 3060 si
311 2995 457 3060 condicio
481 3002 532 3061 est
556 2996 595 3061 de
618 3018 654 3061 rc
678 2997 858 3080 praeterita
881 2998 935 3062 vel
958 2995 1140 3079 praesenti,
1165 2997 1278 3061 stetim
1303 3019 1379 3062 con·

55 3090 185 3150 tractns
209 3089 268 3150 aut
290 3085 419 3149 validus
442 3089 494 3150 cst
509 3089 567 3150 aut
582 3085 755 3161 invalidus,
779 3090 877 3169 prout
900 3085 1054 3164 nondinis,
1080 3106 1300 3167 quaecumque
1317 3090 1377 3163 est,

57 3175 159 3240 fuerit
183 3173 353 3238 verificate
377 3174 428 3238 vel
453 3195 518 3237 non
541 3174 718 3240 verificata.

147 3281 186 3346 R..
213 3282 242 3346 2.
291 3278 323 3345 Si
348 3279 493 3345 condicio
523 3283 575 3344 est
605 3279 644 3344 de
673 3301 709 3344 re
733 3280 860 3358 futura,
893 3280 1066 3344 discrimen
1089 3279 1199 3361 magni
1222 3279 1379 3345 momenti

57 3369 295 3435 attendendum
327 3374 377 3434 est
406 3368 493 3433 inter
522 3369 743 3433 condicionem
772 3373 988 3454 suspensivam
1018 3373 1052 3434 θῖ
1082 3372 1310 3434 resolutoriam.
1334 3406 1379 3416 -

56 3457 211 3523 Condicio
239 3461 425 3542 suspensivo
449 3458 618 3539 suspendit
641 3459 792 3523 effectum
823 3461 1012 3523 contractus
1041 3478 1143 3540 usque
1174 3457 1215 3522 ed
1237 3462 1377 3540 tempus,

56 3568 121 3629 quo
146 3546 290 3611 condicio
315 3546 414 3611 fucrit
437 3546 588 3629 impleta;
614 3546 759 3611 condicio
783 3550 970 3612 resolutoria
993 3550 1197 3612 contractum
1221 3547 1263 3610 ab
1285 3546 1378 3612 initio

56 3635 204 3700 validum
233 3634 389 3701 rescindit
420 3655 477 3698 seu
508 3634 655 3699 efficacia
686 3640 719 3701 et
750 3637 867 3701 effectu
896 3657 955 3701 suo
985 3636 1111 3718 privat,
1142 3636 1379 3718 cumprimum

56 3724 205 3790 condicio
229 3745 312 3805 quae
343 3729 379 3788 ut
409 3744 473 3787 non
503 3724 702 3789 verificando
732 3725 883 3808 apposita
910 3730 959 3791 est
985 3725 1187 3803 verificetur,
1219 3727 1271 3789 vel
1296 3745 1379 3805 quae

56 3813 211 3897 apposita
241 3817 292 3877 est
322 3817 358 3876 ut
382 3811 581 3877 verificando
610 3834 669 3878 suo
699 3819 845 3898 tempore
872 3814 973 3879 fuerit
1002 3835 1067 3879 non
1096 3813 1241 3897 impleta.
1288 3814 1380 3879 Haec

56 3902 198 3984 quidem,
223 3901 252 3965 si
276 3901 479 3965 condiciones
503 3907 578 3968 sunt
602 3902 759 3967 honestae
783 3906 817 3968 et
839 3903 1019 3987 possibiles
1054 3902 1171 3979 Aliter,
1195 3902 1279 3967 side
1304 3924 1380 3967 con-

56 3991 239 4057 dicionibus
266 3989 445 4054 inhonestis
475 3990 528 4053 vel
559 3989 809 4074 impossibilibus
839 3992 885 4056 rei
915 3991 1045 4057 futurae
1069 3991 1252 4074 quaeritur,
1284 3991 1380 4072 idque

55 4081 128 4146 sive
152 4079 226 4161 lege
250 4078 394 4144 naturali
416 4078 486 4142 sive
509 4080 583 4161 lege
606 4081 757 4163 positiva.

148 4186 187 4252 R.
214 4188 243 4250 3.
292 4184 479 4249 Generatim
504 4185 632 4265 quidem
667 4188 698 4266 1)
721 4189 906 4270 suspensivo
930 4186 1076 4251 condicio
1100 4186 1140 4249 de
1164 4206 1198 4248 re
1229 4184 1439 4267 impossi-823

55 4275 112 4339 bili
138 4274 191 4338 vel
216 4274 257 4337 de
279 4295 315 4337 re
339 4272 428 4355 turpi
451 4273 562 4336 future
586 4278 791 4339 contractum
807 4275 888 4341 facit
904 4275 1041 4349 nullum;
1066 4279 1165 4355 atque
1181 4273 1280 4337 etiam
1303 4278 1378 4356 post

54 4365 226 4448 impletam
251 4362 471 4427 condicionem
494 4367 623 4444 turpem
646 4365 738 4427 valor
761 4385 824 4427 non
849 4364 913 4427 iam
938 4384 980 4427 ex
1004 4363 1111 4445 priore
1135 4382 1292 4426 consensu
1321 4361 1378 4425 sed

55 4453 189 4519 aliunde
212 4452 373 4536 petendus
398 4455 459 4515 est.

146 4549 181 4632 2)
211 4548 406 4614 resolutoria
436 4547 579 4611 condicio
604 4547 643 4610 dc
673 4568 708 4611 re
738 4548 926 4631 impossibili
950 4549 1002 4612 vel
1027 4548 1113 4631 turpi
1138 4547 1300 4611 censenda
1329 4553 1380 4613 est

55 4662 115 4724 pro
144 4660 210 4703 non
241 4637 386 4703 adiecta:
419 4636 438 4702 i.
464 4657 491 4700 e.
516 4635 620 4699 sires
650 4636 755 4718 turpis
786 4638 838 4701 vel
869 4637 1077 4719 impossibilis
1104 4636 1307 4719 postuletur,
1338 4657 1379 4701 ne
