3106 5168
225 274 378 330 translatio
396 275 447 330 iur.
465 293 492 345 p.
511 278 718 329 contractus-
737 276 877 328 conductio
895 291 976 342 open,
994 275 1101 327 aedium
1119 277 1286 328 constructio.
1347 277 1413 346 ,457

92 452 270 531 resarcire,
303 472 346 517 ex
368 451 436 517 suis
458 450 552 516 bonis
581 450 694 517 addita
721 470 761 516 ea
783 453 879 533 parte
901 448 1082 527 honorarii,
1113 471 1211 532 quam
1242 454 1417 534 acceperat

93 541 251 607 maiorem
273 545 409 625 propter
432 539 623 605 dividendas
646 539 766 605 iniuste
789 542 913 604 auctas.

184 629 305 706 Quodsi
327 630 387 696 tali
410 630 505 695 modo
521 628 592 693 fieri
614 632 757 710 nequeat
779 627 954 706 restitutio,
978 627 1154 693 videndum
1178 631 1238 704 est,
1263 650 1339 693 num
1364 648 1417 694 re·

94 740 176 784 vera
205 718 238 783 in
269 719 359 784 Sulla
390 718 534 784 abfuerit
566 717 765 783 conscientia
795 716 980 783 mortaliter
1008 717 1105 783 mala.
1158 716 1247 793 Quae
1277 718 1305 782 si
1335 717 1417 783 satis

93 807 307 893 probabiliter
322 807 437 884 abfuit,
461 807 532 890 ipse
555 806 668 888 nequit
690 806 806 872 stricte
824 805 973 888 obligari,
997 809 1034 871 ut
1057 826 1099 871 ex
1122 805 1190 870 suis
1215 827 1309 871 omns
1326 806 1417 872 dam·

93 919 173 962 num
189 897 346 980 operariis
362 896 523 962 obiective
545 895 666 960 iniuste
688 896 816 961 illatum
833 898 1032 978 compenset,
1056 895 1114 959 sed
1137 895 1242 960 solum
1259 915 1308 973 ea,
1334 915 1417 976 quae

93 987 165 1070 ipse
188 1006 231 1050 ex
254 990 350 1051 aucto
374 984 547 1051 honorario
570 983 690 1050 iniuste
713 984 905 1068 perceperit.
929 1021 974 1030 -
1002 983 1154 1050 Ceterum
1178 984 1341 1066 integram
1366 1005 1418 1049 re·

93 1074 299 1141 stitutionem
316 1095 357 1139 ex
376 1074 443 1139 suis
459 1074 579 1151 facere,
603 1073 632 1137 si
647 1073 868 1156 operariorum
885 1077 937 1139 est
959 1091 1098 1156 magnus
1121 1094 1284 1151 numerus,
1309 1072 1418 1138 Sullae

94 1164 193 1229 facile
215 1163 280 1229 erit
301 1162 517 1247 impossibile:
541 1181 737 1244 quamquam
761 1161 841 1227 haec
859 1161 945 1227 ratic
968 1161 1053 1227 inse
1075 1162 1146 1227 sola
1168 1182 1233 1227 non
1248 1161 1419 1227 excusabit

94 1252 256 1330 totaliter,
280 1252 338 1317 sed
361 1252 464 1317 solum
489 1251 665 1316 secundum
688 1255 817 1334 partem
841 1251 991 1332 quaesit
1017 1250 1225 1334 impossibilis
1248 1255 1282 1317 et
1306 1272 1418 1334 quam·

95 1342 151 1407 diu
175 1341 219 1407 sit
241 1340 460 1423 impossibilis.

503 1530 803 1597 ARCHITECTUS
827 1529 1015 1597 uitulus,

653 1682 764 1749 Casus.
791 1690 868 1759 (280)

186 1825 310 1884 Publica
331 1824 504 1883 evocatione
525 1825 622 1892 facta,
651 1823 811 1894 Geruntio,
840 1828 944 1900 utpote
971 1822 1069 1881 minue
1096 1823 1274 1900 postulanti,
1304 1826 1420 1885 aedium

97 1906 262 1981 amplarum
283 1903 464 1964 constructio
486 1903 675 1980 suscipienda
696 1924 713 1962 a
735 1902 836 1973 Gallo,
858 1902 950 1962 divite
972 1903 1103 1969 dominc,
1128 1902 1280 1964 addicitur.
1323 1905 1420 1983 Opere

98 2006 138 2045 ex
158 2004 266 2061 magna
287 1990 371 2061 parte
392 1985 533 2061 perfecto,
556 1983 732 2054 (teruntios,
754 2002 820 2042 cum
841 1983 935 2042 denuo
958 1988 1111 2059 computos
1132 1983 1233 2054 faciat,
1255 1985 1366 2061 reperit
1387 2005 1420 2045 se

98 2067 205 2126 damno
226 2084 279 2124 suc
300 2066 436 2124 laborare
456 2065 571 2136 debere,
593 2063 651 2123 nisi
672 2063 859 2124 condiciones
880 2068 1037 2123 mutentur.
1078 2061 1175 2132 Quare
1195 2064 1357 2141 deprimere
1377 2066 1419 2124 in·

99 2145 172 2223 cipit
191 2145 354 2205 mercedem
375 2145 591 2222 operariorum,
613 2144 678 2221 qui,
703 2163 768 2203 cum
789 2148 851 2203 tum
871 2143 1013 2220 temporis
1034 2143 1110 2202 alios
1131 2144 1248 2203 labores
1269 2145 1357 2204 facile
1377 2145 1419 2205 in·

97 2226 201 2286 venire
222 2231 378 2302 nequeant,
399 2224 485 2284 inviti
501 2224 615 2284 demum
637 2223 842 2296 consentiunt;
864 2223 1017 2282 materiam
1037 2223 1156 2283 adhibet
1169 2223 1312 2295 viliorem,
1331 2244 1419 2301 quam

98 2307 135 2365 de
156 2325 213 2382 qua
235 2311 440 2375 contraxerat;
463 2305 515 2364 sed
537 2324 603 2363 cum
624 2323 662 2362 ne
682 2303 726 2363 sic
747 2304 861 2379 quidem
883 2303 1038 2381 quicquam
1057 2303 1133 2362 lucri
1153 2303 1273 2376 habeat,
1294 2324 1313 2364 a
1333 2305 1419 2365 Gallo

100 2387 235 2463 postulat
255 2385 532 2462 compensationem.
574 2385 668 2455 Quam
689 2384 739 2442 ille
760 2391 858 2461 negat.

189 2465 272 2536 Quod
294 2484 359 2524 oum
381 2464 524 2524 Gerontio
553 2465 612 2523 alia
632 2464 697 2523 vice
717 2464 794 2523 idem
815 2463 963 2523 accideret
989 2463 1021 2523 in
1049 2463 1170 2522 aedibus
1198 2464 1325 2540 publicis
1346 2484 1420 2542 quas

99 2547 314 2605 construendas
335 2549 517 2622 susceperat,
539 2545 608 2604 silet
621 2543 736 2620 quidem
750 2545 787 2603 de
800 2564 847 2615 re;
869 2543 922 2603 sed
942 2547 1020 2603 bona
1040 2550 1147 2603 nactus
1168 2546 1334 2617 occasione,
1354 2546 1420 2624 ipse

99 2627 369 2704 compensationem
391 2626 518 2702 amplam
539 2625 725 2700 exsequitur,
755 2644 820 2683 cum
842 2625 956 2701 copiam
977 2643 1114 2700 magnam
1136 2644 1300 2685 marcamm
1321 2631 1421 2704 posta·

98 2707 181 2776 lium,
202 2707 373 2766 imminente
392 2706 556 2765 mutatione
576 2705 701 2764 flammis
716 2705 903 2775 destinatam,
924 2705 1060 2764 incendic
1076 2705 1202 2781 eriperet
1222 2711 1319 2782 atque,
1340 2713 1420 2767 ante

100 2807 186 2864 quam
209 2787 309 2845 valore
331 2786 571 2856 destituerentur,
594 2805 646 2844 suo
668 2786 750 2844 lucro
771 2786 921 2844 venderet.

100 2892 276 2962 Qusrmruu
299 2895 327 2950 1⁰
352 2891 420 2966 quid
447 2890 519 2950 iuris
541 2895 690 2967 competat
711 2891 895 2963 architecto,
924 2891 971 2967 qui
1000 2891 1031 2949 in
1053 2894 1198 2970 computis
1219 2894 1363 2953 faciendis
1390 2894 1421 2951 in

353 2991 438 3030 suum
459 2971 597 3030 damnum
618 2971 770 3030 erraverit.

299 3061 328 3118 2⁰
353 3060 487 3137 possitne
515 3080 568 3118 suo
597 3065 691 3118 marte
720 3059 748 3117 in
776 3059 829 3119 tali
854 3079 926 3118 casu
947 3060 1108 3120 diminuere
1135 3061 1300 3120 mercedem
1321 3080 1421 3138 opera·

353 3141 464 3201 riorum
484 3141 533 3200 vel
554 3140 696 3199 materiae
717 3140 898 3216 qualitatem.

299 3232 328 3288 3⁰
353 3230 421 3305 quid
443 3230 478 3288 ds
500 3228 642 3288 Geruntio
671 3229 791 3304 eiusque
819 3228 927 3303 agendi
955 3228 1069 3288 ratione
1098 3229 1128 3288 in
1156 3228 1254 3306 priore
1275 3235 1305 3289 et
1325 3234 1421 3306 poete·

354 3310 433 3369 riore
454 3329 525 3368 casu
546 3309 734 3368 iudicandum
756 3309 803 3369 sit.

695 3490 828 3558 Solutio.

190 3634 244 3700 Ao
266 3654 458 3710 cususrruu
484 3635 520 3696 1¹¹¹
550 3632 589 3699 R.
617 3636 644 3701 1.
691 3632 729 3696 ln
759 3632 829 3697 foro
860 3636 997 3699 externo
1027 3654 1092 3698 non
1115 3633 1245 3700 videtur
1268 3634 1359 3700 ullibi
1382 3634 1422 3714 ei,
1431 3648 1482 3705 903

101 3724 157 3807 qui
179 3728 308 3791 statuto
331 3722 436 3806 pretio
453 3726 578 3787 certum
595 3742 676 3806 opus
699 3721 929 3806 perficiendum
945 3721 1098 3805 suscepit,
1122 3723 1172 3788 ius
1188 3723 1260 3789 dari
1283 3724 1423 3790 habendi

100 3812 235 3878 maioris
264 3811 360 3896 pretii
390 3814 525 3894 propter
555 3831 698 3875 errorem
723 3833 743 3877 a
767 3832 802 3876 ss
832 3811 865 3875 in
895 3811 1121 3895 computandis
1152 3813 1305 3896 expensis
1335 3835 1423 3879 com-

102 3901 247 3967 missum.
303 3901 439 3984 Insuper
471 3899 570 3966 etiam
602 3900 636 3964 in
668 3900 740 3965 foro
773 3899 991 3966 conscientiae
1023 3906 1114 3967 certo
1145 3901 1196 3967 ius
1228 3923 1292 3967 uon
1324 3903 1424 3970 habet

102 3990 255 4072 exigendi
288 3988 582 4072 compensationem
617 4009 722 4071 neque
754 3988 840 4055 alter
869 3989 1066 4055 contrahens
1096 3991 1328 4074 obligationem
1358 3991 1423 4056 sol·

100 4080 210 4158 vendi,
234 4078 296 4144 nisi
320 4084 411 4145 certo
427 4082 554 4143 constet
571 4077 611 4142 de
635 4099 745 4143 errore
768 4082 868 4159 atque
884 4078 1002 4143 damno
1026 4078 1206 4158 architecti,
1231 4100 1334 4162 neque
1358 4080 1423 4145 ullo

101 4168 199 4235 modo
222 4169 311 4234 ultra
326 4188 398 4233 eam
422 4187 591 4243 summam,
615 4188 674 4250 pro
691 4189 755 4249 qua
778 4167 834 4232 alii
857 4188 938 4251 opus
961 4168 1214 4251 praestitissent,
1239 4168 1368 4233 etiamsi
1390 4167 1421 4234 in

101 4259 164 4325 hoc
187 4279 265 4324 casu
289 4257 497 4329 architectus,
523 4255 577 4337 qui
600 4276 636 4320 re
659 4256 731 4339 ipsa
749 4277 830 4340 opus
853 4256 1007 4340 suscepit,
1032 4258 1073 4321 ob
1089 4257 1271 4339 singulares
1287 4257 1424 4322 circum·

101 4347 245 4416 stantiae
268 4346 420 4412 damnum
444 4345 575 4412 habeat.

193 4453 230 4520 s.
257 4456 286 4520 2.
335 4452 367 4518 si
391 4472 470 4516 vero
495 4455 585 4516 certo
610 4454 740 4516 constat
764 4452 804 4516 de
827 4472 938 4516 errore
969 4452 1139 4517 commisso
1170 4456 1268 4534 atque
1299 4457 1424 4518 certum

101 4543 148 4609 sit
171 4563 262 4627 opus,
288 4541 328 4607 de
352 4562 415 4623 quo
439 4543 568 4622 agatur,
593 4539 761 4604 anemius
784 4543 852 4605 tam
877 4540 934 4605 vili
958 4541 1065 4624 pretio
1087 4542 1232 4625 potuisse
1255 4542 1309 4607 vel
1329 4562 1424 4625 posse

101 4632 224 4718 perfici,
248 4630 398 4713 aequitas
422 4630 474 4695 vel
498 4628 597 4694 etiam
620 4627 747 4693 iustitia
770 4630 930 4694 naturalis
953 4631 1108 4712 postulat,
1133 4636 1170 4696 ut
1189 4631 1284 4696 detur
1306 4631 1425 4698 saltem
