3106 5168
324 292 467 349 Censurae.
488 324 521 334 -
542 295 699 347 Sollicitatio
718 292 751 347 ad
770 292 861 362 turpia
879 291 991 360 eiusque
1009 292 1183 344 denuntiatio.
1314 354 1318 361 ,
1348 290 1412 355 529

92 470 128 549 2)
144 472 279 553 propter
294 466 589 553 impossibilitatem
604 468 739 533 totalem
757 466 940 550 attingendi
956 465 1030 532 finis
1042 465 1305 542 denuntiationis,
1322 464 1414 530 vide·

91 558 172 624 licet
194 558 369 640 siquando
392 557 516 621 nullum
541 560 592 623 est
615 556 874 622 ecclesiasticum
897 556 1050 633 tribuual,
1075 555 1161 637 quod
1185 558 1299 620 eontra
1322 574 1414 619 reum

94 668 169 713 cum
192 648 311 713 effectu
334 645 508 729 quidquam
533 645 637 729 possit
660 667 768 728 agere.

184 737 317 813 Verum,
334 740 484 800 cessante
500 735 678 813 obstaculo,
695 733 905 800 denuntiandi
923 732 1089 815 obligatio,
1111 731 1210 797 etiam
1225 731 1279 797 diu
1295 729 1413 815 sopita,

94 825 274 903 reviviscit,
299 828 399 906 atque
421 827 556 907 propter
578 825 682 889 solam
706 828 844 889 mortem
867 821 1082 905 delinquentis
1105 821 1262 903 exspirat.

186 946 239 1011 An
257 967 448 1021 ouansrrurr
468 948 506 1010 3¹¹¹
529 945 567 1011 R.
588 949 615 1011 1.
655 946 745 1023 Quod
763 945 904 1011 Rutilius
922 967 963 1010 ex
982 945 1030 1022 iis,
1056 965 1139 1026 qnae
1154 965 1196 1010 ex
1212 943 1415 1010 confessione
1426 949 1491 1006 loll

95 1035 251 1102 Petrinae
274 1036 410 1113 audivit,
441 1056 554 1101 ansam
577 1040 687 1099 sumat
710 1056 782 1100 eam
805 1034 1019 1113 sollicitandi,
1044 1032 1262 1118 compluribus
1285 1032 1417 1099 videtur

95 1125 192 1202 ratio,
218 1145 275 1190 cur
291 1146 332 1190 ex
348 1125 444 1192 t'tulo
474 1123 660 1202 ,occasione
684 1124 914 1190 confessionis“
942 1122 1083 1189 Rutilius
1106 1122 1150 1188 sit
1165 1122 1414 1188 denuntiandus.

186 1214 308 1279 Verum
331 1214 363 1278 id
388 1215 460 1280 aliis
483 1235 547 1278 non
570 1214 737 1297 probatur,
762 1234 834 1278 eum
857 1212 1044 1279 sollicitatio
1067 1213 1101 1276 in
1124 1211 1184 1277 tali
1207 1232 1285 1276 casu
1307 1210 1416 1295 potius

96 1302 268 1368 occasione
291 1302 428 1369 notitiae
452 1323 494 1366 ex
521 1302 724 1367 confessione
747 1302 885 1367 haustae
908 1322 1004 1383 quam
1021 1300 1190 1366 occasione
1206 1299 1418 1366 confessionis

96 1391 168 1456 fieri
192 1391 329 1456 dicenda
351 1391 404 1457 sit.
451 1390 589 1474 Insuper
611 1391 771 1472 quomodo
794 1391 875 1455 haec
900 1389 1102 1456 denuntiatio
1124 1389 1195 1455 fieri
1223 1392 1322 1476 possit
1348 1389 1417 1453 sine

96 1480 231 1564 propria
263 1479 485 1546 denuntiantis
517 1480 759 1556 diffamatione,
794 1479 970 1544 difficulter
1001 1479 1213 1562 intellegitur.
1268 1477 1418 1544 Praetice

97 1590 177 1650 ergo
203 1593 240 1634 ee
262 1571 318 1634 boc
340 1572 429 1634 titolo
452 1568 663 1634 denuntiandi
679 1568 835 1650 obligatio
858 1589 922 1632 non
939 1567 1043 1655 adest.
1083 1567 1130 1633 cf.
1152 1569 1207 1632 fib.
1226 1590 1265 1632 m.
1282 1567 1323 1645 ΙΙ,
1342 1570 1416 1633 976.

188 1682 227 1747 R.
253 1684 283 1748 2.
329 1681 484 1748 Invitatio
511 1681 544 1745 iu
568 1682 697 1747 domum
721 1682 811 1748 facta
834 1686 886 1747 est
915 1686 1006 1747 certo
1036 1684 1216 1748 irremediole
1242 1690 1312 1767 post
1342 1702 1418 1746 con·

97 1771 285 1837 fossionem.
332 1770 450 1847 Quaeri
474 1770 575 1853 igitur
598 1771 703 1847 debet,
729 1792 804 1835 num
827 1771 909 1835 haec
933 1773 1076 1836 inritatio
1099 1771 1143 1836 sit
1165 1771 1330 1837 inchoatio
1353 1771 1419 1835 sol·

97 1859 289 1926 licitationis
312 1864 412 1925 certa.
459 1859 579 1936 Quodsi
609 1859 657 1926 ita
680 1863 748 1937 est,
781 1859 1060 1925 denuntiationem
1083 1859 1153 1925 fieri
1177 1860 1295 1925 debere
1319 1860 1417 1926 etiarn

99 1955 226 2015 certum
250 1953 311 2015 est.

189 2038 277 2103 Nam
299 2037 386 2118 quod
408 2058 461 2101 res
483 2037 572 2120 ipses
596 2035 732 2114 attinet,
763 2057 846 2118 quae
876 2035 1131 2102 intercesserunt
1153 2037 1239 2101 inter
1262 2037 1419 2101 Rutilium

99 2131 136 2194 et
159 2126 342 2204 Petrinam,
372 2129 552 2191 tractatum
582 2125 788 2190 inhonestum
818 2125 1050 2210 indubie'prae
1074 2146 1109 2190 se
1132 2126 1252 2191 ferunt.
1300 2125 1420 2202 Quam·

99 2237 199 2299 quam
223 2215 306 2280 enim
331 2214 517 2280 sollicitatio
540 2214 743 2296 intellegitur
765 2214 807 2279 ad
834 2235 887 2278 res
910 2218 1023 2299 turpes
1046 2214 1194 2296 graviter
1216 2214 1420 2297 peccamino-

98 2325 172 2370 sas:
197 2305 308 2369 oscula
331 2308 365 2369 et
388 2304 558 2386 amplexus
575 2302 776 2369 diuturniora
800 2307 834 2368 et
857 2324 955 2387 saepe
978 2303 1119 2387 repetita
1138 2306 1309 2386 apeccalo
1325 2303 1420 2386 gravi
1458 2355 1459 2358 η

99 2396 239 2459 externe
262 2392 473 2457 manifestato
497 2391 646 2456 excusari
670 2397 843 2473 nequeunt.

190 2480 347 2546 Invitatio
370 2481 426 2545 illa
450 2489 494 2545 est
516 2480 679 2546 inchoatio
704 2479 959 2558 sollicitationis,
990 2481 1018 2545 si
1042 2502 1084 2545 ex
1107 2480 1165 2559 iis,
1197 2501 1281 2563 quae
1304 2485 1421 2564 postea

100 2574 216 2636 secuta
239 2574 331 2647 sunt,
355 2571 559 2653 ononifeslum
581 2571 617 2655 fit
640 2570 865 2636 invitationem
890 2591 928 2634 eo
952 2572 1016 2635 fine
1039 2569 1161 2636 factam
1189 2591 1271 2648 esse,
1295 2572 1333 2635 ut
1355 2570 1421 2634 sol·

100 2659 240 2726 licitatio
263 2659 317 2723 vel
339 2663 510 2742 peccatum
535 2659 692 2724 committi
716 2659 829 2743 possit.
876 2659 977 2736 Quem
1008 2661 1103 2725 finem
1135 2660 1281 2742 adfuisse
1288 2712 1297 2743 ,
1326 2681 1422 2724 casus

100 2753 216 2815 noster
238 2751 324 2813 clare
345 2755 478 2828 narrat,
509 2748 566 2811 sed
597 2749 682 2812 unde
711 2749 744 2813 id
774 2748 822 2814 ita
852 2769 925 2814 esse
955 2750 1168 2815 concludetur
1190 2749 1243 2814 vel
1274 2748 1423 2813 concludi

101 2838 231 2913 debeat,
256 2858 319 2901 uon
343 2841 466 2902 narrat.
514 2836 735 2919 Suspicionem
759 2837 889 2918 quidem
913 2837 1034 2914 exiis,
1060 2859 1143 2919 quae
1167 2843 1304 2903 externe
1327 2843 1423 2920 gesta

100 2931 190 3003 sunt,
215 2925 386 3008 concipere
409 2946 545 3008 pronum
570 2931 635 3002 est;
660 2946 734 2991 nam
759 2947 823 2990 non
847 2927 928 2990 adeo
951 2930 1076 2991 temere
1100 2927 1217 3007 aliquis
1240 2927 1424 3010 suspicetur

101 3014 336 3083 tractationem
360 3015 400 3079 de
424 3014 623 3079 ornamentis
646 3015 803 3080 ecclesiae
827 3014 984 3079 Rutilium
1014 3016 1239 3079 tantummodo
1270 3021 1423 3098 praeten-

103 3103 199 3170 disse.
247 3104 385 3179 Verum‚
410 3104 438 3167 si
461 3124 497 3168 re
520 3103 591 3185 ipsa
614 3102 755 3169 Rutilius
778 3103 893 3187 primo,
917 3124 989 3167 cum
1012 3103 1146 3169 Petrina
1170 3103 1350 3179 advenerit,
1374 3105 1423 3169 lo·

102 3198 201 3259 cutus
216 3196 267 3257 est
283 3192 368 3256 serio
384 3192 424 3257 de
441 3192 512 3257 istis
528 3192 678 3273 negotiis,
704 3215 767 3256 noa
783 3200 902 3258 constat
924 3212 1030 3273 neque
1048 3201 1174 3258 extans
1196 3194 1425 3274 manifestatur

102 3285 201 3347 finem
219 3279 423 3346 invitationis
437 3280 539 3345 fuisse
558 3301 678 3362 pravas
701 3303 754 3346 res
778 3302 893 3362 agere;
918 3281 976 3345 sed
999 3280 1068 3345 fieri
1092 3281 1222 3345 omnino
1245 3282 1363 3365 potuit,
1388 3287 1425 3348 ut

103 3391 191 3436 nuno
214 3371 247 3433 in
269 3369 436 3435 Petrinum
460 3373 683 3452 praesentem,
714 3370 896 3436 tentatione
923 3375 1054 3446 exorta,
1088 3370 1273 3453 conciperet
1295 3377 1424 3454 turpem

103 3479 249 3526 amorem
274 3464 372 3525 etex
396 3479 434 3523 eo
458 3458 499 3523 ad
523 3463 618 3522 actus
640 3458 830 3523 inhonestos
852 3480 1044 3542 progressus
1068 3458 1120 3524 sit.

194 3547 279 3611 Hinc
302 3546 453 3612 existimo
483 3568 547 3611 non
572 3552 723 3612 constare
747 3549 786 3612 de
819 3568 858 3612 ea
889 3547 1135 3625 sollicitatione,
1166 3568 1250 3629 quae
1280 3547 1345 3630 legi
1369 3548 1425 3614 de·

102 3635 319 3703 nuntiationis
349 3635 512 3712 subiacet;
543 3657 648 3717 neque
679 3636 912 3701 confessarium
941 3636 1088 3720 potuisse
1118 3637 1177 3702 sub
1207 3637 1303 3702 minis
1327 3638 1426 3703 dene·

103 3726 234 3809 gandae
258 3725 471 3789 absolutionis
495 3725 536 3790 ad
559 3725 643 3791 hanc
667 3725 945 3791 denuntiationem
968 3725 1136 3791 Petrinam
1160 3748 1286 3808 cogere.

196 3839 233 3906 R.
251 3842 281 3908 3.
321 3839 425 3905 Multo
448 3840 555 3904 minus
577 3839 679 3921 igitur
701 3841 808 3923 potuit
832 3862 949 3923 cogere
972 3841 1133 3908 ancillam.
1173 3843 1259 3907 Nam
1284 3844 1345 3908 etsi
1370 3844 1491 3909 illalot

103 3928 289 4014 perceperit
318 3933 447 4012 turpem
477 3933 655 3994 tractatum
690 3950 762 3994 oum
795 3929 944 4009 Petrina,
976 3936 1065 3997 certe
1095 3953 1160 3997 non
1189 3932 1337 4016 percepit
1367 3933 1426 3998 has

104 4025 220 4100 turpes
252 4017 398 4083 actiones
431 4018 605 4084 cohaerere
638 4039 709 4082 cum
742 4018 946 4084 confessione
976 4020 1139 4087 Petrinae.
1193 4021 1229 4084 ld
1261 4021 1364 4097 enim,
1398 4021 1426 4086 si

104 4128 221 4172 verum
245 4112 333 4173 esset
356 4111 455 4188 atque
478 4106 608 4171 indubie
632 4106 855 4187 manifestum,
893 4106 1011 4174 ancilla
1034 4131 1098 4174 non
1123 4114 1335 4191 cognosceret
1364 4109 1426 4174 nisi

104 4196 292 4280 peripsam
317 4195 469 4262 Petrinae
493 4194 694 4261 relationem.
741 4196 832 4271 Quod
856 4197 883 4261 si
913 4199 961 4263 ita
983 4198 1107 4263 factum
1131 4219 1202 4263 esse
1225 4218 1426 4264 sumeremus

105 4285 156 4367 (re
181 4306 260 4350 vera
283 4290 394 4351 tamen
418 4285 466 4350 ita
488 4305 552 4349 non
577 4283 650 4363 est),
676 4306 716 4348 ne
740 4290 809 4350 tum
829 4287 957 4368 quidem
982 4287 1120 4352 ancillae
1143 4287 1199 4351 illa
1223 4287 1426 4354 denuntiatio

103 4374 325 4451 incumberet,
357 4373 417 4438 nisi
443 4374 611 4439 deficiente
636 4373 784 4451 Petrina,
816 4397 921 4458 neque
951 4376 1113 4440 ullatenus
1143 4376 1203 4439 snb
1233 4397 1338 4459 poena
1369 4399 1426 4442 ex·

105 4462 441 4531 commmunioationis
465 4462 583 4528 ancille
606 4466 783 4529 teneretur.

197 4553 289 4618 Haec
305 4551 338 4614 vi
361 4551 444 4632 legis
467 4551 666 4635 pontificiae;
691 4553 761 4616 fieri
786 4558 905 4635 potest,
930 4556 966 4617 ut
989 4552 1126 4617 ulterius
1150 4557 1267 4635 urgeat
1290 4553 1344 4618 len
1369 4575 1427 4620 na·

104 4641 225 4709 turalis
248 4640 464 4724 praecavendi
489 4641 643 4706 scandala
667 4662 687 4705 a
710 4643 881 4708 sacerdote
904 4640 1058 4707 timenda.

160 4751 330 4801 Lehmkulrl,
346 4752 417 4793 Casas
432 4752 589 4794 consolantiae.
617 4752 634 4794 l.
1182 4746 1216 4800 34
