3106 5168
644 287 719 344 Vitia
737 288 874 360 capitalia.
1380 292 1420 356 77

91 487 123 550 p.
148 465 174 544 l,
205 486 237 531 n.
262 467 328 531 613
358 486 431 531 cum
462 465 630 550 Sporer,
655 465 835 532 Lacroix
858 466 879 533 l.
905 468 935 544 5,
967 486 998 532 1.
1023 467 1099 532 289.
1145 466 1183 531 11
1206 470 1319 533 106110
1344 487 1421 531 casu

91 554 252 621 eiusmodi
276 554 446 621 excusatio
469 555 567 639 plane
590 554 725 620 exclusa
748 559 809 622 est.

182 651 221 719 R.
254 655 284 718 7.
339 652 377 717 11
409 672 448 718 eo
479 652 624 730 demum,
656 653 741 734 quod
772 652 908 717 Rufinus
939 651 1109 735 indignum
1143 651 1265 717 homini
1299 651 1422 718 indicat

90 741 253 808 rationem
284 762 377 806 suam
408 741 598 807 auctoritati
628 741 792 819 subicere,
830 742 933 807 hahes
963 761 1024 825 per
1052 762 1088 807 ee
1118 741 1303 825 snperbiam
1334 762 1421 807 com-

89 831 232 914 pletam,
255 834 426 914 peccatum
450 830 590 895 mortale
613 830 858 913 gravissimum,
883 851 947 913 quo
970 851 1086 915 parum
1110 830 1247 896 01661110
1269 830 1333 915 ipsi
1355 831 1421 913 legi

90 919 224 985 divinae
247 919 417 986 subiacere
440 923 581 986 recusat.

181 1035 235 1098 An
258 1053 450 1110 0111161161
473 1037 513 1097 4““
536 1032 575 1098 R.
597 1035 625 1099 1.
673 1032 726 1098 Ad
748 1032 943 1098 vincendam
965 1031 1151 1116 superbiam
1180 1032 1339 1117 imprimis
1363 1044 1479 1099 ne·151

90 1122 237 1188 cessaria
269 1126 321 1188 est
352 1121 440 1187 seria
463 1120 620 1205 cogitatio
644 1121 796 1206 propriae
819 1121 967 1200 vilitatis,
992 1141 1077 1204 qnae
1100 1120 1198 1187 facile
1220 1123 1327 1188 elucet
1350 1127 1419 1189 tum

90 1232 133 1277 ex
150 1216 272 1278 natura
286 1211 426 1278 hominis
449 1211 482 1276 in
506 1231 542 1276 se
561 1215 722 1294 spectata,
747 1211 817 1277 eius
832 1215 906 1277 ortu
930 1215 965 1277 et
987 1210 1132 1290 interitu,
1157 1214 1225 1276 turn
1243 1231 1284 1276 ex
1301 1215 1421 1278 natura

89 1304 229 1386 peccato
252 1300 382 1379 vitiata,
412 1305 482 1367 tum
515 1322 557 1366 ex
587 1301 733 1385 peccatis
755 1300 982 1385 personalibus
1005 1304 1105 1382 atque
1134 1321 1240 1384 poena
1263 1300 1328 1366 illis
1350 1301 1420 1367 iure

89 1390 210 1457 merito
234 1390 354 1456 debita.

181 1479 221 1545 R.
247 1480 277 1545 2.
321 1478 473 1561 Augetur
495 1478 578 1544 haec
600 1477 758 1561 cogitatio
780 1499 840 1562 per
863 1477 982 1543 seriam
1006 1476 1300 1543 considerationem
1323 1479 1419 1545 effec-

88 1572 185 1634 tuum
200 1568 384 1652 superhiee,
409 1567 568 1649 siquidem
584 1568 673 1633 Deus
696 1566 845 1651 superbie
867 1566 1004 1645 resistit,
1027 1566 1068 1632 iis
1088 1565 1272 1649 gratiarum
1287 1567 1420 1635 divitias

89 1657 225 1734 claudit,
251 1678 323 1722 cnm
347 1656 522 1722 humilibus
544 1677 581 1722 se
604 1677 728 1740 suaque
751 1655 837 1722 dona
859 1656 952 1738 large
975 1655 1061 1723 solet
1084 1656 1332 1723 communicare.

181 1755 221 1821 R.
246 1758 277 1821 3.
324 1756 354 1819 A
379 1753 639 1820 consideratione
668 1753 803 1820 transiri
826 1753 924 1820 10161
953 1754 996 1819 ad
1020 1752 1201 1820 voluntatis
1225 1755 1363 1820 affectus
1386 1761 1420 1821 et

89 1845 225 1909 actuum
248 1847 460 1910 externorum
484 1842 650 1921 exercitia,
684 1848 721 1910 ut
751 1842 868 1908 nimius
891 1842 1046 1926 splendor
1074 1842 1108 1907 11
1141 1863 1201 1908 usu
1229 1864 1340 1908 rernm
1363 1844 1420 1909 ab·

89 1932 221 2009 iciatur,
246 1933 318 1999 laus
340 1932 475 2017 propria
498 1932 631 2009 vitetur,
663 1952 736 1998 cum
767 1932 841 1998 aliis
870 1931 1053 1998 hominibus
1083 1931 1183 1998 etiam
1212 1931 1419 1998 inferioribus

90 2020 323 2088 condescensio
348 2026 382 2088 et
405 2021 582 2086 affabilitas
605 2026 810 2100 exerceatur,
835 2022 886 2086 vel
912 2021 985 2106 ipsa
1008 2021 1124 2086 iniuria
1148 2020 1314 2105 patienter
1336 2023 1419 2089 tole-

89 2115 194 2178 retur.
240 2110 293 2178 Ad
316 2111 533 2177 humilitatem
559 2131 623 2175 non
646 2110 837 2195 pervenitur
859 2110 921 2175 nisi
944 2131 1004 2194 per
1025 2109 1294 2177 humiliationem.

181 2209 220 2275 R.
245 2211 276 2275 4.
331 2209 383 2274 Ad
413 2207 511 2273 vilem
543 2208 594 2272 sui
625 2207 727 2292 ipsius
760 2208 1021 2275 aestimationem
1055 2212 1155 2291 atque
1186 2207 1419 2275 humiliationis

90 2297 287 2364 exercitium
312 2297 566 2381 promovendum
589 2297 727 2363 multum
750 2297 845 2363 iuvat
862 2297 982 2363 Christi
1002 2297 1132 2362 Domini
1156 2297 1296 2381 exempli
1321 2298 1418 2363 medi·

88 2387 186 2463 tatio,
210 2387 275 2469 qui,
305 2407 395 2465 ,curn
418 2386 451 2451 in
470 2387 577 2452 forma
592 2387 652 2452 Dei
677 2390 765 2453 esset
790 2437 859 2464 ...,
884 2386 1021 2452 formam
1046 2386 1134 2451 servi
1157 2386 1337 2470 suscipiens
1356 2439 1416 2465 ...,

88 2476 278 2542 humiliavit
293 2481 398 2543 semet
420 2477 544 2560 ipsum“
565 2475 662 2559 (Phil.
681 2478 711 2554 2,
729 2476 840 2559 6-8),
865 2496 965 2558 aque
981 2495 1041 2541 106
1064 2474 1107 2541 ad
1129 2475 1177 2540 sni
1201 2474 1417 2543 imitationem

89 2586 275 2650 provocans
297 2565 456 2650 imprimis
478 2564 695 2632 humilitatem
719 2565 969 2632 commendavit.

628 2789 804 2856 INVIDIA
827 2790 880 2873 (I).

655 2945 765 3013 dasne.
793 2954 851 3022 (43)

181 3087 326 3146 Amulius
346 3086 495 3147 maestitia
517 3087 714 3159 consumitur,
743 3107 808 3146 cum
829 3087 931 3146 videat
951 3087 1069 3147 sodales
1091 3087 1122 3146 in
1142 3087 1260 3164 publico
1282 3088 1417 3148 examine

90 3187 144 3244 pro
171 3169 308 3227 hahendo
336 3167 434 3227 officio
462 3167 536 3226 adeo
564 3187 654 3243 supra
683 3187 715 3227 se
743 3167 940 3239 excellentes,
972 3173 1005 3227 ut
1033 3168 1098 3244 ipse
1125 3167 1284 3242 ignobilem
1311 3188 1417 3228 revera

90 3248 199 3307 debeat
220 3247 367 3307 sustinere
387 3266 552 3324 personam.

181 3326 740 3387 17611011161611110116111011111100
769 3347 822 3387 suo
847 3347 941 3403 nuper
961 3332 1112 3404 promoto,
1140 3327 1225 3387 timet
1253 3327 1330 3387 enim
1357 3348 1417 3388 non

90 3427 195 3484 parurn
216 3411 253 3467 ab
275 3427 325 3478 60;
356 3414 443 3484 atque
464 3408 553 3467 etiam
580 3427 717 3483 magnam
740 3407 870 3484 concipit
895 3406 1142 3482 indignationem,
1171 3408 1247 3483 qnod
1269 3408 1299 3467 in
1320 3407 1416 3468 distri·

90 3489 216 3548 buendis
238 3488 345 3548 officiis
365 3488 490 3565 publicis
512 3492 597 3564 putet
621 3508 681 3546 non
700 3488 806 3547 merita
827 3488 878 3546 661
899 3488 1020 3547 favores
1040 3488 1213 3565 personales
1236 3489 1416 3566 praevalere,

89 3569 135 3628 ita
155 3573 189 3627 ut
208 3573 359 3646 promotos
380 3568 506 3627 libenter
526 3588 544 3627 a
566 3568 628 3627 suis
649 3569 818 3628 muneribus
839 3567 975 3627 deiceret.

180 3649 257 3708 Dein
277 3649 388 3708 inerte
410 3654 440 3707 61
455 3648 611 3719 industria,
633 3667 719 3724 qnam
739 3668 793 3725 spe
806 3647 916 3725 publici
936 3647 1066 3708 muneris
1081 3648 1200 3708 excisus
1221 3651 1416 3709 exercendam

90 3729 233 3806 suscepit,
255 3729 388 3805 graviter
402 3731 461 3787 fert
480 3729 572 3788 multo
594 3728 692 3805 plures
713 3729 751 3787 ad
772 3749 842 3788 suos
863 3729 995 3788 aemulos
1014 3729 1176 3801 confluere;
1199 3734 1230 3788 01
1242 3748 1418 3806 quamquam

90 3809 156 3886 ipse
178 3809 253 3869 satis
272 3811 379 3880 habet,
401 3809 477 3868 unde
500 3809 649 3868 commode
670 3809 762 3880 vivat,
785 3815 883 3868 tamen
906 3812 942 3868 ob
964 3809 1077 3868 lucrum
1099 3808 1156 3869 sibi
1177 3817 1309 3887 ereptum
1330 3812 1417 3870 veho·

89 3889 183 3949 menti
211 3889 255 3949 ira
282 3908 442 3960 accensus,
474 3888 605 3948 aemulos
633 3908 703 3948 euos
731 3896 819 3966 atque
847 3894 994 3965 emptores
1022 3888 1087 3948 dira
1114 3890 1325 3967 imprecatione
1353 3911 1416 3968 pro·

90 3971 232 4046 sequitur.

90 4075 269 4146 ansmrnn
291 4075 321 4132 1⁰
345 4074 414 4150 quid
436 4074 475 4133 sit
496 4073 616 4146 invidia,
640 4079 670 4133 et
691 4075 778 4150 quale
799 4074 839 4134 sit
860 4079 1023 4151 peccatum.

290 4163 320 4221 2ο
346 4163 395 4239 qni
420 4162 481 4222 sint
501 4164 577 4222 varii
599 4165 723 4222 affectus
744 4163 875 4240 cognati,
897 4166 934 4222 ab
955 4163 1067 4222 invidia
1088 4168 1188 4223 tamen
1207 4164 1415 4241 distinguendi.

290 4254 321 4311 ’1ο
345 4251 413 4328 quid
435 4253 469 4311 de
490 4254 615 4313 Arnulfo
638 4253 801 4313 dicendum.

687 4416 822 4485 solutio.

180 4560 234 4625 An
257 4579 447 4635 6111161111
474 4562 511 4623 lm
533 4559 572 4626 R.
595 4563 622 4625 1.
669 4559 748 4624 Cum
772 4559 804 4625 S.
824 4557 975 4624 Thema
999 4558 1075 4641 Ao,
1100 4560 1133 4625 S.
1150 4559 1192 4623 tlr.
1210 4559 1241 4634 2,
1259 4560 1289 4634 2,
1314 4580 1343 4640 q.
1362 4560 1476 4634 36,152

90 4654 157 4717 a.l
189 4648 334 4727 ,Invidia
357 4652 409 4714 061
426 4648 563 4716 tristitia
586 4649 625 4714 de
649 4647 764 4714 alienis
780 4646 883 4725 bonis,
908 4647 1037 4730 quando
1063 4700 1119 4712 ...
1145 4647 1264 4710 honum
1280 4646 1416 4714 alterius
