3106 5168
160 287 223 350 246
276 282 317 336 De
336 283 484 339 virtutibus
503 287 531 337 et
549 283 646 338 officiis
664 301 729 353 erga
748 285 877 340 homines.
897 315 932 324 -
951 285 1075 340 Virtutes
1093 286 1214 340 iustitiae
1231 303 1363 340 annexae.

248 459 286 526 R.
312 462 342 526 2.
389 461 518 526 Debent
540 461 669 526 solvere
693 461 875 527 mercedem
898 462 1036 540 iustam,
1066 463 1203 545 ideoque
1234 483 1322 539 eam,
1354 463 1395 528 de
1419 485 1484 545 qua

159 552 355 614 conventum
371 556 436 626 est3
461 548 584 615 sivero
601 554 796 616 conventum
814 571 878 616 nou
895 556 992 629 esset,
1017 553 1135 618 saltem
1151 552 1288 618 localem
1305 551 1482 618 minimam.

158 637 249 713 Quod
272 638 435 721 posterius
458 639 587 722 applica
611 639 652 704 ad
677 660 733 705 eos
755 640 894 719 labores,
919 641 972 722 qui
992 642 1079 707 ultra
1096 644 1298 707 contractum
1316 663 1336 706 a
1351 641 1484 707 famulis

159 748 222 792 non
246 725 348 792 libere
371 727 601 812 suscipiuntur,
625 728 684 794 sed
707 750 727 795 a
750 728 847 794 iussis
871 734 1090 813 praestantur.

246 832 285 897 R..
304 836 334 901 3.
373 835 502 901 Debent
518 855 629 900 curam
649 834 771 900 habere
788 834 874 900 circa
898 834 1001 900 bonos
1023 855 1131 899 mores
1155 834 1367 912 famulorum
1392 836 1483 900 hinc:

237 919 281 1022 .¹)
305 923 584 1006 opportunitatem
608 925 767 1008 praebere
790 923 931 1003 famulis,
963 930 999 990 ut
1023 923 1130 989 officia
1157 924 1325 1006 religionis
1348 925 1484 1008 implere

157 1014 487 1201 {oseldl'invigilara
512 1122 553 1167 ne
576 1101 708 1167 famulis
735 1100 832 1168 sociis
856 1102 934 1167 dent
958 1102 1158 1180 scandalum,
1189 1122 1272 1168 neve
1296 1103 1338 1168 ab
1361 1101 1401 1166 iis
1425 1124 1484 1185 pa-

156 1191 410 1360 trant33‚magis
433 1284 588 1347 tenentur
611 1279 776 1346 abstinere
799 1279 861 1364 ipsi
885 1301 905 1344 a
928 1280 1083 1345 scandalo
1108 1279 1214 1345 dando
1237 1281 1290 1344 vel
1314 1278 1485 1346 inferenda

155 1365 406 1433 sollicitatione:
439 1389 554 1434 verum
577 1390 649 1434 curn
682 1369 743 1435 hoc
775 1373 891 1435 contra
923 1369 1085 1434 neminem
1108 1369 1225 1446 liceat,
1259 1369 1413 1434 attende:
1448 1374 1484 1435 ut

155 1458 302 1538 specialis
324 1456 450 1524 malitia
474 1480 554 1523 nouo
578 1457 808 1524 sollicitatione
824 1458 877 1523 vel
901 1458 1056 1524 scandalo
1080 1459 1121 1523 ab
1137 1458 1216 1523 hero
1239 1457 1329 1523 facto
1352 1462 1484 1524 contra-

155 1542 269 1622 hatur,
301 1545 493 1629 requiritur,
525 1549 562 1611 ut
585 1546 727 1612 famulus
756 1569 814 1613 seu
838 1547 962 1614 famula
984 1546 1120 1631 speciali
1149 1547 1218 1612 heri
1242 1567 1357 1622 curae,
1390 1548 1484 1629 quasi

156 1633 226 1697 loco
250 1642 434 1721 parentum,
459 1635 621 1701 commissi
645 1635 776 1701 fuerint.
829 1637 884 1702 rt.
909 1659 949 1702 m.
974 1636 999 1715 Ι,
1022 1639 1101 1712 827;
1126 1635 1158 1702 S.
1179 1635 1297 1720 Alph.
1322 1636 1482 1713 111‚342;

157 1725 366 1809 Guryl.o

94 1858 144 1913 481
245 1852 298 1915 An
321 1869 513 1925 Qunnsmun
537 1851 576 1913 2²n
600 1847 638 1914 R.
662 1851 689 1913 1.
736 1846 901 1913 Iniustitia
932 1850 1048 1913 contra
1077 1846 1241 1913 Getuliam
1269 1847 1485 1915 committ'tur

157 1961 229 2005 eam
253 1938 296 2003 ad
319 1936 507 2003 excessivos
530 1937 661 2002 labores
685 1936 856 2019 adigendo.
903 1936 1025 2001 Verum
1056 1936 1083 2001 si
1115 1937 1245 2018 quando
1275 1957 1334 2021 per
1366 1958 1485 2022 excep·

156 2029 279 2095 tionem
310 2029 350 2092 ob
381 2047 475 2092 raras
506 2026 722 2091 necessitates
751 2026 825 2109 plus
854 2025 976 2090 laboris
1007 2026 1048 2091 ab
1072 2046 1111 2090 ea
1135 2026 1268 2109 petitur,
1299 2046 1364 2091 uon
1389 2027 1485 2093 debet

155 2118 203 2183 ita
219 2116 383 2182 difficilem
407 2136 443 2180 se
466 2115 639 2199 praebere;
664 2114 695 2179 id
720 2114 805 2179 enim
829 2114 946 2196 ubique
970 2117 1080 2198 potest
1104 2115 1261 2193 accidere,
1286 2114 1383 2197 idque
1400 2117 1483 2181 solet

156 2229 176 2272 a
201 2205 339 2271 dominis
362 2205 462 2270 etiam
485 2204 594 2286 aliquo
618 2204 713 2268 modo
737 2203 872 2269 retribui
895 2203 950 2268 vel
974 2203 1186 2287 compensari.

245 2303 282 2368 R.
309 2305 338 2371 2.
386 2301 542 2368 Similiter
566 2301 736 2366 dicendum
767 2304 818 2366 est
849 2301 888 2366 de
919 2305 1103 2384 opportuna
1133 2301 1244 2383 requie
1274 2300 1397 2367 festiva
1420 2324 1483 2367 non

156 2394 250 2467 data;
277 2392 318 2457 ab
342 2412 383 2457 ea
406 2392 492 2456 enim
515 2390 663 2474 impediri
686 2389 800 2455 famuli
822 2383 887 2454 'non
910 2395 1057 2473 possunt,
1082 2390 1144 2455 nisi
1167 2391 1254 2457 forte
1271 2396 1422 2458 occurrat
1445 2412 1483 2457 ea

155 2480 362 2549 necessitatis
378 2501 488 2558 causa,
506 2501 589 2562 quae
605 2479 748 2545 sufficiat
764 2478 805 2543 ad
822 2479 1043 2544 excusandum
1056 2479 1162 2562 alege
1177 2479 1234 2544 ills
1250 2480 1482 2546 ecclesiastica.

244 2579 282 2647 R.
308 2582 338 2645 3.
386 2577 420 2643 Si
450 2577 528 2642 mali
559 2577 679 2643 adsunt
706 2576 820 2641 famuli
851 2576 929 2641 socii
954 2577 1006 2641 vel
1030 2577 1189 2655 famulae,
1221 2597 1305 2658 quae
1328 2577 1483 2642 scandalo

155 2667 222 2736 sint
245 2669 297 2733 vel
321 2667 476 2733 seducere
499 2669 645 2743 tentent,
675 2665 724 2744 hi,
749 2665 812 2730 uisi
835 2664 1055 2731 admonitione
1078 2665 1289 2748 resipiscant,
1314 2666 1481 2748 relegandi

155 2778 213 2823 seu
246 2756 430 2823 dimittendi
462 2761 548 2821 sunt.
600 2754 702 2820 Immo
737 2754 765 2819 si
798 2755 926 2836 quando
962 2755 1002 2819 ob
1036 2775 1189 2836 magnam
1221 2754 1400 2820 utilitatem
1432 2757 1482 2820 vel

156 2847 385 2912 necessitatem
422 2845 520 2909 herus
555 2843 711 2909 eiusmodi
746 2844 887 2909 famulos
924 2865 988 2908 non
1026 2843 1145 2908 eiciens
1182 2844 1334 2909 excusari
1369 2846 1481 2927 possit,

156 2936 362 3000 nihilominus
386 2934 565 3018 periculum
589 2934 706 2998 saltem
730 2953 900 2998 removere
931 2933 1043 3009 debet,
1076 2934 1160 3015 quod
1185 2932 1257 2997 aliis
1281 2954 1322 2997 ex
1347 2933 1482 2999 istorum

156 3024 318 3091 consortio
343 3028 482 3099 creatur,
512 3043 552 3087 ne
576 3022 700 3087 scilicet
723 3021 902 3105 periculum
926 3022 1124 3087 seductionis
1147 3026 1280 3087 maneat
1303 3043 1416 3104 grave.
1442 3063 1483 3070 —

155 3113 248 3190 Quod
271 3114 313 3179 ad
336 3113 558 3178 seductionem
582 3112 623 3176 ab
647 3111 724 3175 hero
749 3114 948 3177 attentatam
968 3111 1098 3188 attinet,
1123 3110 1205 3175 satis
1229 3115 1280 3176 est
1304 3112 1426 3177 dictum
1451 3114 1481 3178 in

156 3224 313 3286 responso
337 3202 379 3267 ad
402 3201 519 3278 Quaes.
539 3203 593 3279 1¹³3
624 3201 814 3283 plerumque
838 3199 957 3264 ancilla
982 3200 1144 3282 adigenda
1167 3204 1234 3277 est,
1266 3203 1303 3264 ut
1327 3200 1482 3266 eiusmodi

154 3293 324 3358 servitium
341 3292 481 3356 deserat.
525 3290 574 3354 De
591 3311 653 3371 quo
678 3289 752 3353 vide
777 3289 839 3355 vol.
857 3288 898 3365 ll,
923 3289 1053 3371 quando
1075 3293 1240 3355 tractatur
1256 3290 1384 3355 occasio
1408 3312 1483 3375 pro-

155 3381 243 3446 xima
267 3381 400 3462 eiusque
424 3379 623 3444 deserendae
649 3377 814 3460 obligat-io,

92 3511 146 3564 482
244 3504 296 3568 An
320 3523 511 3578 ounusrrun
535 3505 573 3567 3¹¹¹
597 3503 636 3567 R.
660 3505 688 3568 1.
735 3501 786 3565 Ex
818 3522 856 3565 eo
887 3501 972 3583 quod
1006 3500 1137 3567 Getulis
1170 3501 1258 3567 dicat
1288 3523 1323 3566 se
1355 3524 1396 3568 ne
1426 3524 1484 3586 pro

155 3592 254 3674 dupla
285 3593 414 3675 quidem
444 3591 593 3656 mercede
624 3595 775 3674 paratam
807 3590 952 3656 futuram
985 3589 1085 3655 fuisse
1118 3591 1282 3674 suscipere
1315 3592 1384 3657 tale
1417 3614 1483 3657 ser·-

155 3681 287 3758 vitium,
320 3681 467 3746 concludi
492 3679 604 3762 nequit
635 3701 706 3745 eam
732 3680 863 3763 duplam
888 3680 1070 3744 mercedem
1103 3680 1173 3745 iure
1206 3681 1357 3762 exigere,
1388 3681 1484 3764 idque

155 3771 255 3834 etiam
285 3790 342 3853 per
367 3769 526 3835 occultam
552 3769 860 3852 compensationem.
907 3769 996 3834 Mala
1020 3769 1077 3834 illa
1101 3768 1299 3852 spiritualia,
1329 3790 1412 3851 quae
1437 3771 1484 3834 in·

155 3859 224 3924 vita
250 3859 382 3941 patitur,
414 3858 615 3925 tentationes
639 3859 709 3922 dico
741 3859 781 3922 ab
812 3858 891 3922 hero
923 3861 956 3922 et
984 3879 1002 3921 a
1027 3858 1158 3923 famulis
1181 3859 1359 3924 suscitatas
1383 3865 1482 3940 atque

157 3948 375 4012 exclusionem
401 3970 421 4013 a
444 3947 566 4012 festiva
589 3947 709 4028 requie,
741 3968 805 4010 non
838 3951 914 4012 suut
939 3968 979 4011 ex
1004 3968 1076 4011 sese
1106 3947 1243 4031 pecunia
1267 3948 1482 4013 aestimabilia

156 4058 260 4118 neque
284 4037 334 4101 ius
359 4038 439 4102 dant
463 4037 503 4101 ad
528 4036 823 4118 compensatiouem
849 4036 1085 4118 pecuniariam,
1110 4036 1172 4103 etsi
1196 4041 1330 4119 propter·
1354 4038 1484 4102 diversa

156 4127 360 4191 incommoda
384 4147 448 4206 que
471 4125 655 4207 personalia
680 4126 891 4202 incommoda,
913 4147 995 4206 quae
1017 4129 1140 4191 certum
1159 4126 1329 4190 servitium
1346 4126 1482 4191 circum·

156 4220 263 4289 stant,
297 4239 335 4280 err
358 4218 556 4280 corruentionc
584 4235 708 4279 merces
732 4213 835 4278 maior
858 4214 945 4296 exigi
969 4215 1082 4297 possit.
1131 4215 1240 4279 Solum
1268 4215 1363 4291 illud,
1397 4217 1480 4297 quod

158 4305 288 4370 Getulis
304 4305 409 4370 invita
426 4309 563 4385 cogatur
586 4304 627 4368 ad
651 4305 780 4368 labores
800 4307 969 4369 contractu
990 4304 1138 4376 maiores,
1163 4303 1213 4368 ius
1238 4304 1295 4369 dat
1320 4306 1362 4369 ad
1382 4327 1484 4388 quan-

157 4394 232 4459 dam
265 4393 561 4477 compensatiouem
597 4392 685 4457 ultra
720 4393 901 4457 mercedem
937 4393 1147 4476 stipulatam
1183 4393 1240 4457 sed
1277 4393 1318 4457 ad
1354 4394 1484 4477 duplam

157 4484 337 4548 mercedem
370 4483 427 4546 vix
459 4481 528 4546 fieri
563 4487 674 4564 potest
709 4488 743 4546 ut
777 4481 826 4545 ius
861 4482 1042 4547 conferant.
1095 4482 1236 4563 Ideoque
1272 4483 1313 4546 ud
1345 4487 1485 4570 aliquem

158 4572 454 4655 compensationem
473 4572 633 4636 occultam
654 4593 694 4635 ex
714 4571 942 4636 aestimatione
962 4572 1107 4635 laborum
1124 4571 1341 4636 indebitorum
1359 4595 1486 4639 sumen·

158 4662 232 4725 dam
257 4662 355 4726 facile
380 4660 509 4727 admitti
534 4666 644 4744 potest
669 4660 809 4735 Getulis,
834 4681 896 4724 non
922 4660 961 4724 ad
987 4669 1118 4725 turriam.
