3106 5168
425 283 531 353 Regula
548 293 651 340 remoto
667 301 717 341 sen
736 285 831 342 19911
850 285 946 353 civilis,
964 285 1095 357 pecudia.
1380 293 1423 358 53

182 458 238 526 An
261 480 452 537 9111911111
476 463 515 524 2³²
544 460 583 527 R.
611 464 639 526 1.
685 462 800 527 Potest
824 482 901 528 vero
932 484 974 528 ex
1004 464 1166 529 communi
1195 463 1422 548 theologorum
1433 475 1485 531 104

91 549 260 616 sententia
283 548 481 627 auctoritas,
512 549 541 614 si
563 549 661 627 velit,
693 551 800 633 legem
824 571 913 617 mere
935 554 1106 636 poenalem
1129 557 1285 619 statuere.
1332 552 1423 629 Quae

93 643 206 706 tamen
230 639 291 704 hoc
314 637 479 703 vinculum
503 638 722 705 conscientiae
750 660 860 705 secum
882 640 964 719 fert,
996 646 1033 708 ut
1062 643 1134 720 ills,
1165 641 1221 724 qui
1249 642 1283 708 in
1312 647 1422 709 trans-

91 726 263 811 gressione
279 727 500 812 deprehensus
523 727 565 792 ad
588 748 728 810 poenam
743 728 925 808 damnetur,
950 751 1022 796 eam
1047 731 1080 795 in
1099 730 1299 798 conscientia
1321 732 1422 798 etiam

91 821 249 885 teneatur
277 817 422 895 solvere,
454 816 481 882 si
511 816 606 882 modo
637 816 781 899 alioquin
811 818 865 883 lex
894 818 982 884 insta
1013 823 1074 887 est.
1121 819 1168 886 Cf.
1198 820 1229 887 S.
1253 820 1370 905 Alph.
1394 821 1421 901 Ι,

95 909 158 972 145
172 927 261 989 sqq.;
285 905 479 988 Aertnijs
501 905 523 971 l.
542 908 572 984 1,
588 928 619 972 n.
639 908 702 972 143
718 928 807 990 sqq.;
832 907 1002 986 Suarez,
1026 909 1076 974 De
1092 910 1149 994 lep.
1164 909 1186 975 l.
1204 912 1235 988 5,
1252 929 1280 976 c.
1298 913 1420 993 3sqq.;

92 995 535 1168 gsgilgnqggeffllfflbcol.
560 1017 637 1062 mor.
662 1000 704 1062 11.
731 999 760 1074 2,
787 995 861 1062 dist.
886 999 916 1074 2,
942 1018 972 1080 q.
998 999 1035 1066 4:
1060 997 1370 1066 Bellen-Palm.
1395 1000 1421 1078 l,

183 1189 300 1273 Neque
323 1210 373 1269 ea,
398 1210 482 1273 quae
506 1190 546 1256 cl.
571 1189 681 1255 Koch
706 1188 1156 1270 (111119919111919911.
1175 1193 1227 1271 82,
1253 1195 1317 1259 204
1333 1193 1420 1275 sqq.)

92 1279 195 1346 obicit
226 1284 342 1345 contra
372 1279 483 1361 legum
514 1298 605 1344 mere
633 1279 819 1362 poenalium
850 1280 1078 1347 exsistentiam
1110 1285 1210 1364 atque
1241 1282 1421 1349 exsistendi

92 1368 355 1452 possibilitatem,
380 1368 468 1433 alind
492 1368 568 1450 quid
591 1368 741 1452 probant,
765 1368 827 1434 nisi
851 1369 1009 1435 eiusmodi
1032 1370 1123 1453 leges
1145 1391 1210 1435 non
1234 1391 1311 1436 esse
1329 1371 1421 1454 leges

91 1479 188 1523 sensu
207 1457 357 1542 perfecto.
394 1456 486 1533 Quod
508 1478 605 1522 nemo
624 1456 747 1522 infitias
769 1457 838 1526 ibit.
874 1458 964 1535 Quod
981 1463 1092 1525 autem
1109 1458 1197 1538 dicit,
1221 1459 1420 1527 constituere

91 1551 204 1613 utrum
227 1546 310 1629 legis
334 1545 470 1611 alicuius
492 1546 711 1628 transgressio
735 1552 906 1630 peccatum
931 1548 975 1614 sit
997 1568 1117 1626 necne,
1147 1569 1324 1631 numquam
1347 1569 1420 1615 esse

90 1635 304 1702 auctoritatis
326 1635 488 1701 humanae
511 1635 569 1700 sed
592 1635 694 1700 solius
710 1635 839 1701 divinae
859 1636 1084 1704 auctoritatis:
1107 1637 1224 1720 regula
1247 1659 1327 1703 sane
1350 1660 1421 1704 am·

90 1725 193 1808 bigua
210 1729 271 1792 est.
304 1723 439 1802 Quando
455 1723 541 1790 enim
557 1724 668 1806 agitur
684 1724 724 1788 de
739 1723 779 1789 iis
794 1726 901 1804 rebus,
919 1746 1004 1808 quae
1018 1734 1140 1792 actara
1156 1748 1215 1792 sua
1232 1731 1309 1792 sunt
1324 1748 1420 1811 prae·

91 1819 211 1898 ceptae
229 1812 434 1890 1911911199,
459 1816 574 1896 utpote
596 1812 918 1879 1111119991919199
942 1819 977 1880 et
999 1814 1204 1881 necessariae
1228 1816 1281 1881 vel
1303 1815 1421 1882 intrin-

90 1924 188 1969 secus
204 1903 321 1980 malae,
345 1902 526 1968 certissime
549 1902 691 1968 humana
707 1902 887 1969 auctoritas
911 1904 1001 1968 nulla
1024 1907 1135 1987 potest
1151 1924 1207 1970 eas
1222 1902 1332 1970 facere
1355 1926 1420 1970 non

89 1991 297 2059 necessarias
319 1992 372 2057 vel
396 2013 460 2056 non
485 1991 606 2068 malas;
630 1991 688 2056 sed
704 1991 832 2073 quando
857 1991 967 2074 agitur
991 1993 1161 2070 derebus,
1187 2014 1270 2075 quae
1286 2015 1328 2059 ex
1347 2015 1420 2060 sese

89 2081 315 2147 indifferentes
338 2084 416 2146 sunt
445 2084 480 2146 et
509 2081 709 2145 solummodo
733 2081 856 2160 bonae,
888 2081 965 2163 quia
994 2081 1036 2147 ab
1059 2082 1199 2147 humano
1230 2082 1420 2165 legislatore

90 2173 299 2255 praeceptae,
324 2171 377 2235 vel
401 2170 519 2248 malae,
543 2169 620 2252 quia
643 2169 684 2235 ab
708 2190 746 2235 eo
769 2170 894 2236 vetitae
916 2174 1004 2249 sunt,
1028 2171 1144 2254 regula
1165 2170 1224 2235 illa
1247 2171 1343 2239 fallit.

182 2292 221 2358 n.
247 2295 277 2358 2.
323 2292 393 2358 Lex
417 2313 505 2357 mere
529 2292 690 2376 poenalis,
719 2313 803 2374 quae
826 2314 890 2358 non
914 2292 1017 2377 primo
1041 2297 1076 2359 et
1098 2314 1157 2378 per
1180 2314 1216 2359 se
1238 2293 1299 2360 sub
1323 2294 1481 2377 culpa105

89 2381 317 2450 contrahenda
332 2381 467 2464 obligat,
491 2381 634 2446 maxime
650 2381 852 2464 dignoscitur
875 2381 909 2465 a)
933 2403 975 2447 ex
991 2382 1224 2450 consuetudine
1248 2383 1418 2463 communi,

90 2470 193 2538 etiarn
220 2471 459 2537 timoratorum.
506 2470 712 2536 Consuetudo
736 2471 821 2536 enim
845 2471 969 2555 optima
998 2471 1107 2554 legum
1131 2470 1304 2556 interpres.
1351 2471 1419 2537 Ad-

88 2559 279 2626 miniculum
308 2565 421 2627 tamen
450 2559 609 2643 praebere
638 2563 748 2644 potest
780 2560 814 2642 b)
845 2560 1108 2626 extraordinaria
1137 2582 1262 2645 poenae
1292 2561 1419 2644 magni·

89 2650 187 2727 tudo,
219 2670 303 2732 quae
332 2648 574 2734 proportionem
598 2669 670 2714 cum
693 2649 956 2732 transgressione
984 2649 1068 2731 legis
1096 2649 1256 2716 excedere
1278 2649 1419 2720 videtur.

89 2739 196 2818 Nam,
227 2743 265 2804 ut
287 2737 432 2820 theologi
455 2736 583 2814 dicunt,
614 2758 752 2820 aequum
781 2759 845 2803 non
868 2742 920 2804 991
942 2738 992 2803 bis
1015 2759 1153 2822 poenam
1177 2739 1259 2804 adeo
1282 2759 1420 2821 gravem

90 2828 316 2894 sustinendam
347 2848 435 2905 esse,
466 2830 537 2892 tum
568 2825 619 2890 hic
642 2848 662 2891 a
686 2826 773 2892 civili
798 2827 997 2894 auctoritate
1026 2828 1254 2910 infligendam,
1285 2833 1355 2895 tum
1386 2827 1420 2894 in

90 2917 200 2983 altera
223 2916 293 2983 vita
322 2916 355 2981 in
384 2915 511 2981 inferno
535 2914 776 2981 sustinendam:
807 2937 839 2982 1.
867 2917 923 2982 Tb.
948 2939 988 2982 m.
1020 2917 1051 2993 Ι,
1083 2920 1165 2991 211;
1197 2917 1228 2983 S.
1253 2916 1368 3001 Alph.
1393 2917 1419 2995 Ι,

93 3009 157 3071 147
182 3011 217 3072 91
239 3005 296 3084 ΙΙΙ,
321 3007 396 3071 616.
436 3004 466 3086 9)
490 3005 656 3070 Accedere
679 3009 789 3088 potest
812 3009 1030 3092 presumptio
1054 3007 1093 3071 de
1116 3005 1296 3072 intentione
1319 3005 1419 3087 legis-

90 3095 225 3161 latoris:
257 3095 297 3160 de
327 3115 392 3176 qua
422 3095 593 3159 instructio
621 3097 655 3161 S.
680 3096 793 3180 Conpr.
820 3097 859 3159 dc
881 3095 1019 3181 Propop.
1045 3095 1128 3160 Fide
1158 3094 1306 3159 231unii
1333 3096 1418 3160 1830

90 3185 139 3250 ita
163 3184 279 3250 habet:
309 3184 397 3261 ,Hoc
420 3184 561 3249 alterum
585 3181 723 3263 (certam
740 3183 882 3266 aliquam
903 3185 1008 3266 legem
1026 3205 1098 3249 esse
1121 3204 1210 3248 mere
1234 3183 1418 3266 poenalem)

90 3273 202 3358 potius
225 3272 477 3339 existimandum
502 3293 575 3337 esse
598 3271 703 3337 videri
733 3276 843 3356 potest
873 3293 914 3337 ex
943 3293 998 3350 99,
1030 3273 1116 3354 quod
1145 3272 1203 3338 illa
1232 3272 1302 3338 lata
1331 3272 1420 3338 sita

91 3363 238 3447 principe
259 3361 397 3439 infideli,
422 3361 493 3443 qui,
519 3382 592 3427 cnm
616 3361 725 3444 putari
748 3361 818 3426 iure
842 3361 946 3445 possit
968 3362 1048 3427 nihil
1072 3361 1181 3427 facere
1206 3381 1295 3438 eam,
1320 3382 1418 3443 quam

91 3451 268 3518 Christiani
298 3451 466 3535 appellant
496 3449 728 3532 obligationem
757 3450 791 3515 in
814 3450 1014 3516 conscientia
1044 3455 1078 3517 et
1107 3449 1325 3533 theologicam
1350 3450 1419 3515 cul-

91 3562 185 3625 pam,
217 3561 324 3623 poena
347 3540 475 3622 quidem
500 3539 633 3621 eiusque
664 3539 843 3606 severitate
867 3560 984 3622 cogere
1008 3538 1112 3605 videri
1142 3543 1254 3623 potest
1276 3539 1418 3605 voluisse

90 3629 239 3696 subditos
262 3650 339 3694 suos
363 3629 403 3694 ad
427 3629 513 3693 illius
529 3628 612 3711 legis
628 3629 882 3706 observantiam,
906 3627 1038 3694 minime
1055 3650 1132 3698 vero
1151 3632 1241 3694 metu
1265 3628 1419 3694 laesionis

91 3717 312 3785 conscientiae
335 3722 370 3784 et
391 3716 595 3801 theologicae
619 3718 762 3802 culpae.“
814 3719 934 3785 Collect.
959 3720 992 3784 S.
1016 3719 1129 3803 Conpr.
1154 3719 1193 3783 de
1214 3718 1312 3802 Prop.
1335 3719 1419 3784 Fide

90 3830 122 3876 1.
150 3810 247 3877 1186.

182 3933 235 3997 An
265 3951 456 4008 9191911111
486 3932 525 3995 3¹¹²
557 3929 595 3997 11.
624 3933 651 3995 1.
698 3929 896 4013 Principium
925 3933 1071 4017 99991919
1100 3929 1212 3995 Aiacis
1242 3927 1418 4014 adprobari
1428 3936 1479 3993 106

90 4022 225 4088 minime
247 4024 374 4105 potest;
398 4019 544 4104 practice
567 4024 677 4085 tamen
702 4039 800 4102 saepe
823 4018 915 4101 leges
938 4018 1052 4084 civiles
1074 4019 1222 4102 proxime
1245 4041 1305 4108 pro
1329 4039 1418 4084 mere

90 4110 284 4197 poenalibus
306 4110 428 4175 habere
451 4109 536 4175 licet.
573 4108 625 4174 Ita
652 4107 684 4189 1)
702 4107 767 4186 lex,
793 4128 876 4190 quae
892 4113 1001 4173 certas
1015 4128 1142 4173 merces
1164 4108 1319 4173 invehere
1342 4127 1418 4192 pro·

89 4201 192 4279 hibet,
216 4199 302 4266 solet
318 4220 406 4264 mere
421 4197 567 4282 poenalis
583 4218 665 4275 esse,
690 4196 751 4261 nisi
775 4196 862 4262 forte
885 4200 1006 4279 agatur
1022 4197 1061 4262 de
1084 4197 1124 4261 iis
1143 4198 1250 4275 rebus,
1275 4218 1359 4279 quae
1382 4217 1418 4261 re

89 4311 172 4356 vera
204 4289 383 4373 periculum
415 4287 468 4353 vel
500 4287 652 4352 damnum
685 4306 854 4352 commune
886 4307 997 4352 secum
1029 4284 1150 4352 ferunt.
1197 4287 1231 4369 2)
1262 4286 1418 4351 Similiter

89 4380 196 4465 primo
219 4382 254 4445 91
276 4398 336 4462 per
351 4398 387 4444 se
402 4398 461 4461 pro
477 4397 566 4441 11919
588 4374 717 4459 poenali
733 4374 873 4441 sumitur
888 4375 1103 4441 communiter
1117 4375 1173 4440 lex
1189 4373 1416 4456 vectigalium:

89 4489 206 4535 verum
229 4466 346 4533 fraude
376 4471 409 4533 et
437 4464 607 4531 mendacio
630 4463 678 4530 uti
702 4485 766 4529 non
790 4464 868 4531 licet
891 4464 933 4529 ad
956 4464 1126 4529 evadenda
1149 4463 1206 4529 illa
1229 4461 1415 4543 vectigalia.

90 4561 125 4640 3)
149 4556 341 4625 Declaratio
363 4555 604 4640 possessionum
627 4557 663 4619 et
686 4553 863 4631 redituum,
888 4574 951 4636 quo
974 4552 1223 4637 proportionata
1245 4552 1418 4616 solvantur

88 4649 226 4725 tributa,
251 4645 364 4728 nequit
380 4644 443 4710 dici
466 4644 521 4710 lex
539 4642 687 4728 poenalis
703 4646 843 4720 tantum,
867 4642 894 4707 si
918 4642 1013 4707 modo
1037 4641 1196 4707 iustitiam
1219 4640 1417 4706 tributorum
