<?xml version="1.0" encoding="UTF-8"?>
<!DOCTYPE html PUBLIC "-//W3C//DTD XHTML 1.0 Transitional//EN"
    "http://www.w3.org/TR/xhtml1/DTD/xhtml1-transitional.dtd">
<html xmlns="http://www.w3.org/1999/xhtml" xml:lang="en" lang="en">
 <head>
  <title>
</title>
<meta http-equiv="Content-Type" content="text/html;charset=utf-8" />
  <meta name='ocr-system' content='tesseract 3.04.00' />
  <meta name='ocr-capabilities' content='ocr_page ocr_carea ocr_par ocr_line ocrx_word'/>
</head>
<body>
  <div class='ocr_page' id='page_1' title='image "./casusconscienti01lehmgoog_0124.png"; bbox 0 0 3106 5168; ppageno 0'>
   <div class='ocr_carea' id='block_1_1' title="bbox 153 271 1260 346">
    <p class='ocr_par' dir='ltr' id='par_1_1' title="bbox 153 271 1260 346">
     <span class='ocr_line' id='line_1_1' title="bbox 153 271 1260 346; baseline 0.004 -18"><span class='ocrx_word' id='word_1_1' title='bbox 153 276 215 340; x_wconf 88' lang='lat'>108</span> <span class='ocrx_word' id='word_1_2' title='bbox 363 271 404 327; x_wconf 86' lang='lat' dir='ltr'>De</span> <span class='ocrx_word' id='word_1_3' title='bbox 423 273 571 328; x_wconf 87' lang='lat' dir='ltr'>virtutibus</span> <span class='ocrx_word' id='word_1_4' title='bbox 589 276 618 328; x_wconf 90' lang='lat' dir='ltr'>et</span> <span class='ocrx_word' id='word_1_5' title='bbox 635 273 733 329; x_wconf 81' lang='lat' dir='ltr'>officiis</span> <span class='ocrx_word' id='word_1_6' title='bbox 751 291 817 344; x_wconf 77' lang='lat' dir='ltr'>erga</span> <span class='ocrx_word' id='word_1_7' title='bbox 835 274 930 329; x_wconf 86' lang='lat' dir='ltr'>Deum.</span> <span class='ocrx_word' id='word_1_8' title='bbox 950 305 986 314; x_wconf 96' lang='lat'>-</span> <span class='ocrx_word' id='word_1_9' title='bbox 1000 275 1096 331; x_wconf 84' lang='lat' dir='ltr'>Virtus</span> <span class='ocrx_word' id='word_1_10' title='bbox 1112 275 1260 346; x_wconf 73' lang='lat' dir='ltr'>religionis.</span> 
     </span>
    </p>
   </div>
   <div class='ocr_carea' id='block_1_2' title="bbox 37 447 1477 1088">
    <p class='ocr_par' dir='ltr' id='par_1_2' title="bbox 150 447 1476 670">
     <span class='ocr_line' id='line_1_2' title="bbox 238 447 1475 528; baseline 0.003 -21"><span class='ocrx_word' id='word_1_11' title='bbox 238 447 340 526; x_wconf 85' lang='lat' dir='ltr'>Nuper</span> <span class='ocrx_word' id='word_1_12' title='bbox 366 449 457 508; x_wconf 89' lang='lat' dir='ltr'>etiam</span> <span class='ocrx_word' id='word_1_13' title='bbox 483 448 619 508; x_wconf 79' lang='lat' dir='ltr'>interfuit</span> <span class='ocrx_word' id='word_1_14' title='bbox 646 449 822 519; x_wconf 90' lang='lat' dir='ltr'>conventui,</span> <span class='ocrx_word' id='word_1_15' title='bbox 849 450 878 508; x_wconf 90' lang='lat' dir='ltr'>in</span> <span class='ocrx_word' id='word_1_16' title='bbox 907 470 964 527; x_wconf 92' lang='lat' dir='ltr'>quo</span> <span class='ocrx_word' id='word_1_17' title='bbox 992 450 1099 528; x_wconf 85' lang='lat' dir='ltr'>aliquis</span> <span class='ocrx_word' id='word_1_18' title='bbox 1126 458 1219 511; x_wconf 87' lang='lat' dir='ltr'>artem</span> <span class='ocrx_word' id='word_1_19' title='bbox 1247 471 1330 512; x_wconf 88' lang='lat' dir='ltr'>suam</span> <span class='ocrx_word' id='word_1_20' title='bbox 1359 452 1475 528; x_wconf 81' lang='lat' dir='ltr'>legendi</span> 
     </span>
     <span class='ocr_line' id='line_1_3' title="bbox 150 528 1476 610; baseline 0.004 -23"><span class='ocrx_word' id='word_1_21' title='bbox 150 528 348 604; x_wconf 85' lang='lat' dir='ltr'>cogitationes</span> <span class='ocrx_word' id='word_1_22' title='bbox 371 529 486 589; x_wconf 85' lang='lat' dir='ltr'>alienas</span> <span class='ocrx_word' id='word_1_23' title='bbox 513 528 667 605; x_wconf 85' lang='lat' dir='ltr'>produxit,</span> <span class='ocrx_word' id='word_1_24' title='bbox 696 529 797 605; x_wconf 92' lang='lat' dir='ltr'>idque,</span> <span class='ocrx_word' id='word_1_25' title='bbox 826 529 905 590; x_wconf 90' lang='lat' dir='ltr'>sicut</span> <span class='ocrx_word' id='word_1_26' title='bbox 926 530 1044 590; x_wconf 82' lang='lat' dir='ltr'>Amalia</span> <span class='ocrx_word' id='word_1_27' title='bbox 1071 530 1210 605; x_wconf 87' lang='lat' dir='ltr'>miratur,</span> <span class='ocrx_word' id='word_1_28' title='bbox 1238 531 1386 610; x_wconf 87' lang='lat' dir='ltr'>stupenda</span> <span class='ocrx_word' id='word_1_29' title='bbox 1407 533 1476 592; x_wconf 85' lang='lat' dir='ltr'>dex·</span> 
     </span>
     <span class='ocr_line' id='line_1_4' title="bbox 150 609 551 670; baseline 0.002 -2"><span class='ocrx_word' id='word_1_30' title='bbox 150 610 270 668; x_wconf 87' lang='lat' dir='ltr'>teritate</span> <span class='ocrx_word' id='word_1_31' title='bbox 291 615 322 668; x_wconf 91' lang='lat' dir='ltr'>et</span> <span class='ocrx_word' id='word_1_32' title='bbox 342 609 551 670; x_wconf 78' lang='lat' dir='ltr'>sanctitudine.</span> 
     </span>
    </p>

    <p class='ocr_par' dir='ltr' id='par_1_3' title="bbox 150 687 1477 1006">
     <span class='ocr_line' id='line_1_5' title="bbox 240 687 1477 767; baseline 0.003 -19"><span class='ocrx_word' id='word_1_33' title='bbox 240 689 338 749; x_wconf 80' lang='lat' dir='ltr'>Etiam</span> <span class='ocrx_word' id='word_1_34' title='bbox 359 689 515 766; x_wconf 80' lang='lat' dir='ltr'>aliquoties</span> <span class='ocrx_word' id='word_1_35' title='bbox 546 687 619 749; x_wconf 92' lang='lat' dir='ltr'>adiit</span> <span class='ocrx_word' id='word_1_36' title='bbox 648 693 827 749; x_wconf 89' lang='lat' dir='ltr'>conventum</span> <span class='ocrx_word' id='word_1_37' title='bbox 854 689 1060 767; x_wconf 89' lang='lat' dir='ltr'>spiritistieum</span> <span class='ocrx_word' id='word_1_38' title='bbox 1082 690 1181 767; x_wconf 79' lang='lat' dir='ltr'>ibique</span> <span class='ocrx_word' id='word_1_39' title='bbox 1201 691 1276 752; x_wconf 88' lang='lat' dir='ltr'>vidit</span> <span class='ocrx_word' id='word_1_40' title='bbox 1303 697 1334 752; x_wconf 90' lang='lat' dir='ltr'>et</span> <span class='ocrx_word' id='word_1_41' title='bbox 1361 692 1477 753; x_wconf 82' lang='lat' dir='ltr'>audivit</span> 
     </span>
     <span class='ocr_line' id='line_1_6' title="bbox 150 768 1476 849; baseline 0.002 -18"><span class='ocrx_word' id='word_1_42' title='bbox 150 771 272 848; x_wconf 88' lang='lat' dir='ltr'>spiritus</span> <span class='ocrx_word' id='word_1_43' title='bbox 288 770 492 830; x_wconf 88' lang='lat' dir='ltr'>defunctorum</span> <span class='ocrx_word' id='word_1_44' title='bbox 513 769 604 829; x_wconf 89' lang='lat' dir='ltr'>etiam</span> <span class='ocrx_word' id='word_1_45' title='bbox 625 768 682 829; x_wconf 88' lang='lat' dir='ltr'>sibi</span> <span class='ocrx_word' id='word_1_46' title='bbox 702 776 848 842; x_wconf 87' lang='lat' dir='ltr'>notorum,</span> <span class='ocrx_word' id='word_1_47' title='bbox 871 779 958 847; x_wconf 89' lang='lat' dir='ltr'>atque</span> <span class='ocrx_word' id='word_1_48' title='bbox 972 770 1105 849; x_wconf 78' lang='lat' dir='ltr'>percepit</span> <span class='ocrx_word' id='word_1_49' title='bbox 1118 790 1167 831; x_wconf 91' lang='lat' dir='ltr'>res</span> <span class='ocrx_word' id='word_1_50' title='bbox 1182 771 1289 832; x_wconf 88' lang='lat' dir='ltr'>solatio</span> <span class='ocrx_word' id='word_1_51' title='bbox 1310 778 1340 832; x_wconf 88' lang='lat' dir='ltr'>et</span> <span class='ocrx_word' id='word_1_52' title='bbox 1361 778 1476 833; x_wconf 90' lang='lat' dir='ltr'>terrore</span> 
     </span>
     <span class='ocr_line' id='line_1_7' title="bbox 150 849 1477 931; baseline 0.002 -21"><span class='ocrx_word' id='word_1_53' title='bbox 150 852 254 928; x_wconf 84' lang='lat' dir='ltr'>plenas</span> <span class='ocrx_word' id='word_1_54' title='bbox 276 851 311 909; x_wconf 95' lang='lat' dir='ltr'>de</span> <span class='ocrx_word' id='word_1_55' title='bbox 332 850 504 928; x_wconf 80' lang='lat' dir='ltr'>purgatorio</span> <span class='ocrx_word' id='word_1_56' title='bbox 526 855 556 908; x_wconf 89' lang='lat' dir='ltr'>et</span> <span class='ocrx_word' id='word_1_57' title='bbox 578 849 613 919; x_wconf 88' lang='lat' dir='ltr'>de</span> <span class='ocrx_word' id='word_1_58' title='bbox 632 850 764 922; x_wconf 84' lang='lat' dir='ltr'>inferno,</span> <span class='ocrx_word' id='word_1_59' title='bbox 793 850 824 908; x_wconf 92' lang='lat' dir='ltr'>in</span> <span class='ocrx_word' id='word_1_60' title='bbox 845 870 901 927; x_wconf 91' lang='lat' dir='ltr'>quo</span> <span class='ocrx_word' id='word_1_61' title='bbox 923 850 1100 926; x_wconf 81' lang='lat' dir='ltr'>gravissimo</span> <span class='ocrx_word' id='word_1_62' title='bbox 1127 851 1229 911; x_wconf 89' lang='lat' dir='ltr'>labore</span> <span class='ocrx_word' id='word_1_63' title='bbox 1255 852 1379 931; x_wconf 88' lang='lat' dir='ltr'>spiritus</span> <span class='ocrx_word' id='word_1_64' title='bbox 1400 853 1477 913; x_wconf 90' lang='lat' dir='ltr'>dice·</span> 
     </span>
     <span class='ocr_line' id='line_1_8' title="bbox 150 930 1477 1006; baseline 0.001 -15"><span class='ocrx_word' id='word_1_65' title='bbox 150 934 259 992; x_wconf 85' lang='lat' dir='ltr'>bantur</span> <span class='ocrx_word' id='word_1_66' title='bbox 273 930 451 991; x_wconf 79' lang='lat' dir='ltr'>contendere</span> <span class='ocrx_word' id='word_1_67' title='bbox 464 931 579 999; x_wconf 91' lang='lat' dir='ltr'>debera,</span> <span class='ocrx_word' id='word_1_68' title='bbox 603 934 637 988; x_wconf 91' lang='lat' dir='ltr'>ut</span> <span class='ocrx_word' id='word_1_69' title='bbox 660 935 844 1006; x_wconf 83' lang='lat' dir='ltr'>emergerent</span> <span class='ocrx_word' id='word_1_70' title='bbox 858 930 895 989; x_wconf 89' lang='lat' dir='ltr'>ad</span> <span class='ocrx_word' id='word_1_71' title='bbox 909 931 1004 991; x_wconf 92' lang='lat' dir='ltr'>lucem</span> <span class='ocrx_word' id='word_1_72' title='bbox 1020 935 1050 991; x_wconf 92' lang='lat' dir='ltr'>et</span> <span class='ocrx_word' id='word_1_73' title='bbox 1063 931 1224 992; x_wconf 83' lang='lat' dir='ltr'>feliciorem</span> <span class='ocrx_word' id='word_1_74' title='bbox 1238 937 1349 992; x_wconf 86' lang='lat' dir='ltr'>sortem</span> <span class='ocrx_word' id='word_1_75' title='bbox 1365 939 1477 993; x_wconf 90' lang='lat' dir='ltr'>cetero·</span> 
     </span>
    </p>

    <p class='ocr_par' dir='ltr' id='par_1_4' title="bbox 37 1010 1049 1088">
     <span class='ocr_line' id='line_1_9' title="bbox 37 1010 1049 1088; baseline 0.001 -18"><span class='ocrx_word' id='word_1_76' title='bbox 37 1013 40 1018; x_wconf 80' lang='grc'><strong>’</strong></span> <span class='ocrx_word' id='word_1_77' title='bbox 150 1011 219 1088; x_wconf 91' lang='lat' dir='ltr'>quin</span> <span class='ocrx_word' id='word_1_78' title='bbox 241 1011 413 1071; x_wconf 89' lang='lat' dir='ltr'>condicione</span> <span class='ocrx_word' id='word_1_79' title='bbox 434 1030 489 1071; x_wconf 89' lang='lat' dir='ltr'>sua</span> <span class='ocrx_word' id='word_1_80' title='bbox 510 1014 667 1070; x_wconf 89' lang='lat' dir='ltr'>contentos</span> <span class='ocrx_word' id='word_1_81' title='bbox 688 1016 718 1069; x_wconf 88' lang='lat' dir='ltr'>et</span> <span class='ocrx_word' id='word_1_82' title='bbox 742 1010 908 1071; x_wconf 88' lang='lat' dir='ltr'>hominibus</span> <span class='ocrx_word' id='word_1_83' title='bbox 929 1012 1049 1072; x_wconf 88' lang='lat' dir='ltr'>amicos.</span> 
     </span>
    </p>
   </div>
   <div class='ocr_carea' id='block_1_3' title="bbox 151 1116 1477 1372">
    <p class='ocr_par' dir='ltr' id='par_1_5' title="bbox 151 1116 1477 1372">
     <span class='ocr_line' id='line_1_10' title="bbox 151 1116 1009 1194; baseline 0 -17"><span class='ocrx_word' id='word_1_84' title='bbox 151 1116 327 1187; x_wconf 79' lang='lat' dir='ltr'>Quannrrua</span> <span class='ocrx_word' id='word_1_85' title='bbox 350 1120 378 1176; x_wconf 90' lang='lat'>1⁰</span> <span class='ocrx_word' id='word_1_86' title='bbox 403 1118 472 1194; x_wconf 89' lang='lat' dir='ltr'>quid</span> <span class='ocrx_word' id='word_1_87' title='bbox 493 1118 529 1176; x_wconf 94' lang='lat' dir='ltr'>de</span> <span class='ocrx_word' id='word_1_88' title='bbox 550 1117 739 1194; x_wconf 91' lang='lat' dir='ltr'>hypnotismo</span> <span class='ocrx_word' id='word_1_89' title='bbox 760 1116 801 1176; x_wconf 90' lang='lat' dir='ltr'>sit</span> <span class='ocrx_word' id='word_1_90' title='bbox 822 1117 1009 1177; x_wconf 90' lang='lat' dir='ltr'>censendum.</span> 
     </span>
     <span class='ocr_line' id='line_1_11' title="bbox 348 1205 1476 1283; baseline 0.001 -18"><span class='ocrx_word' id='word_1_91' title='bbox 348 1208 378 1265; x_wconf 82' lang='lat'>2⁰</span> <span class='ocrx_word' id='word_1_92' title='bbox 403 1206 472 1283; x_wconf 91' lang='lat' dir='ltr'>quid</span> <span class='ocrx_word' id='word_1_93' title='bbox 483 1207 523 1266; x_wconf 92' lang='lat' dir='ltr'>sit</span> <span class='ocrx_word' id='word_1_94' title='bbox 533 1205 721 1265; x_wconf 91' lang='lat' dir='ltr'>iudicandum</span> <span class='ocrx_word' id='word_1_95' title='bbox 732 1206 768 1265; x_wconf 89' lang='lat' dir='ltr'>de</span> <span class='ocrx_word' id='word_1_96' title='bbox 780 1211 844 1264; x_wconf 85' lang='lat' dir='ltr'>arte</span> <span class='ocrx_word' id='word_1_97' title='bbox 856 1205 908 1265; x_wconf 92' lang='lat' dir='ltr'>illa</span> <span class='ocrx_word' id='word_1_98' title='bbox 919 1206 1000 1266; x_wconf 91' lang='lat' dir='ltr'>intus</span> <span class='ocrx_word' id='word_1_99' title='bbox 1011 1207 1129 1282; x_wconf 86' lang='lat' dir='ltr'>legendi</span> <span class='ocrx_word' id='word_1_100' title='bbox 1139 1207 1170 1266; x_wconf 90' lang='lat' dir='ltr'>in</span> <span class='ocrx_word' id='word_1_101' title='bbox 1182 1207 1330 1267; x_wconf 90' lang='lat' dir='ltr'>mentibus</span> <span class='ocrx_word' id='word_1_102' title='bbox 1343 1206 1476 1266; x_wconf 86' lang='lat' dir='ltr'>aliorum.</span> 
     </span>
     <span class='ocr_line' id='line_1_12' title="bbox 348 1294 1477 1372; baseline 0 -17"><span class='ocrx_word' id='word_1_103' title='bbox 348 1298 377 1355; x_wconf 83' lang='lat'>3⁰</span> <span class='ocrx_word' id='word_1_104' title='bbox 403 1296 471 1371; x_wconf 91' lang='lat' dir='ltr'>quid</span> <span class='ocrx_word' id='word_1_105' title='bbox 492 1296 527 1354; x_wconf 91' lang='lat' dir='ltr'>de</span> <span class='ocrx_word' id='word_1_106' title='bbox 549 1295 709 1372; x_wconf 90' lang='lat' dir='ltr'>spiritismo</span> <span class='ocrx_word' id='word_1_107' title='bbox 730 1294 888 1354; x_wconf 91' lang='lat' dir='ltr'>tenendum</span> <span class='ocrx_word' id='word_1_108' title='bbox 909 1295 949 1354; x_wconf 90' lang='lat' dir='ltr'>sit</span> <span class='ocrx_word' id='word_1_109' title='bbox 970 1300 1000 1354; x_wconf 91' lang='lat' dir='ltr'>et</span> <span class='ocrx_word' id='word_1_110' title='bbox 1016 1294 1085 1372; x_wconf 89' lang='lat' dir='ltr'>quid</span> <span class='ocrx_word' id='word_1_111' title='bbox 1101 1296 1236 1355; x_wconf 85' lang='lat' dir='ltr'>Amaliae</span> <span class='ocrx_word' id='word_1_112' title='bbox 1256 1294 1477 1372; x_wconf 83' lang='lat' dir='ltr'>iniungendum.</span> 
     </span>
    </p>
   </div>
   <div class='ocr_carea' id='block_1_4' title="bbox 746 1470 882 1538">
    <p class='ocr_par' dir='ltr' id='par_1_6' title="bbox 746 1470 882 1538">
     <span class='ocr_line' id='line_1_13' title="bbox 746 1470 882 1538; baseline -0.015 0"><span class='ocrx_word' id='word_1_113' title='bbox 746 1470 882 1538; x_wconf 82' lang='lat' dir='ltr'>Salutio.</span> 
     </span>
    </p>
   </div>
   <div class='ocr_carea' id='block_1_5' title="bbox 87 1605 1478 2387">
    <p class='ocr_par' dir='ltr' id='par_1_7' title="bbox 87 1605 1478 2387">
     <span class='ocr_line' id='line_1_14' title="bbox 87 1605 1476 1690; baseline 0.004 -22"><span class='ocrx_word' id='word_1_114' title='bbox 87 1615 140 1669; x_wconf 81' lang='lat'>213</span> <span class='ocrx_word' id='word_1_115' title='bbox 240 1607 292 1671; x_wconf 82' lang='lat' dir='ltr'>An</span> <span class='ocrx_word' id='word_1_116' title='bbox 315 1627 506 1684; x_wconf 76' lang='lat' dir='ltr'>qnansrruu</span> <span class='ocrx_word' id='word_1_117' title='bbox 532 1610 569 1670; x_wconf 66' lang='grc' dir='ltr'>1ιὶι</span> <span class='ocrx_word' id='word_1_118' title='bbox 596 1605 635 1672; x_wconf 89' lang='lat' dir='ltr'>R.</span> <span class='ocrx_word' id='word_1_119' title='bbox 662 1608 688 1673; x_wconf 91' lang='lat' dir='ltr'>l.</span> <span class='ocrx_word' id='word_1_120' title='bbox 735 1606 833 1671; x_wconf 82' lang='lat' dir='ltr'>Aliud</span> <span class='ocrx_word' id='word_1_121' title='bbox 867 1606 1009 1673; x_wconf 86' lang='lat' dir='ltr'>fortasse</span> <span class='ocrx_word' id='word_1_122' title='bbox 1044 1606 1084 1672; x_wconf 91' lang='lat' dir='ltr'>de</span> <span class='ocrx_word' id='word_1_123' title='bbox 1118 1605 1327 1690; x_wconf 91' lang='lat' dir='ltr'>hypnotismo</span> <span class='ocrx_word' id='word_1_124' title='bbox 1360 1606 1395 1672; x_wconf 90' lang='lat' dir='ltr'>in</span> <span class='ocrx_word' id='word_1_125' title='bbox 1430 1628 1476 1686; x_wconf 90' lang='lat' dir='ltr'>se,</span> 
     </span>
     <span class='ocr_line' id='line_1_15' title="bbox 150 1695 794 1762; baseline -0.002 0"><span class='ocrx_word' id='word_1_126' title='bbox 150 1697 236 1762; x_wconf 86' lang='lat' dir='ltr'>aliud</span> <span class='ocrx_word' id='word_1_127' title='bbox 262 1696 394 1761; x_wconf 93' lang='lat' dir='ltr'>deeius</span> <span class='ocrx_word' id='word_1_128' title='bbox 418 1695 579 1762; x_wconf 88' lang='lat' dir='ltr'>adiunctis</span> <span class='ocrx_word' id='word_1_129' title='bbox 603 1695 665 1761; x_wconf 88' lang='lat' dir='ltr'>dici</span> <span class='ocrx_word' id='word_1_130' title='bbox 689 1695 794 1761; x_wconf 88' lang='lat' dir='ltr'>debet.</span> 
     </span>
     <span class='ocr_line' id='line_1_16' title="bbox 240 1783 1478 1868; baseline 0.001 -19"><span class='ocrx_word' id='word_1_131' title='bbox 240 1785 273 1849; x_wconf 87' lang='lat' dir='ltr'>Si</span> <span class='ocrx_word' id='word_1_132' title='bbox 296 1785 330 1849; x_wconf 93' lang='lat' dir='ltr'>in</span> <span class='ocrx_word' id='word_1_133' title='bbox 352 1806 388 1851; x_wconf 88' lang='lat' dir='ltr'>se</span> <span class='ocrx_word' id='word_1_134' title='bbox 412 1785 637 1850; x_wconf 88' lang='lat' dir='ltr'>consideratur</span> <span class='ocrx_word' id='word_1_135' title='bbox 652 1784 889 1867; x_wconf 85' lang='lat' dir='ltr'>hypnotismus,</span> <span class='ocrx_word' id='word_1_136' title='bbox 914 1805 976 1867; x_wconf 91' lang='lat' dir='ltr'>quo</span> <span class='ocrx_word' id='word_1_137' title='bbox 993 1783 1065 1866; x_wconf 91' lang='lat' dir='ltr'>quis</span> <span class='ocrx_word' id='word_1_138' title='bbox 1080 1783 1151 1850; x_wconf 92' lang='lat' dir='ltr'>sive</span> <span class='ocrx_word' id='word_1_139' title='bbox 1167 1783 1478 1868; x_wconf 88' lang='lat' dir='ltr'>manipulationibus</span> 
     </span>
     <span class='ocr_line' id='line_1_17' title="bbox 150 1873 1477 1957; baseline -0.002 -17"><span class='ocrx_word' id='word_1_140' title='bbox 150 1874 220 1940; x_wconf 92' lang='lat' dir='ltr'>sive</span> <span class='ocrx_word' id='word_1_141' title='bbox 243 1877 310 1939; x_wconf 87' lang='lat' dir='ltr'>fixo</span> <span class='ocrx_word' id='word_1_142' title='bbox 332 1874 379 1939; x_wconf 91' lang='lat' dir='ltr'>rei</span> <span class='ocrx_word' id='word_1_143' title='bbox 403 1874 523 1940; x_wconf 89' lang='lat' dir='ltr'>intuitu</span> <span class='ocrx_word' id='word_1_144' title='bbox 540 1873 661 1940; x_wconf 88' lang='lat' dir='ltr'>diutius</span> <span class='ocrx_word' id='word_1_145' title='bbox 676 1874 836 1957; x_wconf 86' lang='lat' dir='ltr'>producto</span> <span class='ocrx_word' id='word_1_146' title='bbox 852 1873 979 1957; x_wconf 85' lang='lat' dir='ltr'>sopitur</span> <span class='ocrx_word' id='word_1_147' title='bbox 1002 1895 1058 1938; x_wconf 88' lang='lat' dir='ltr'>seu</span> <span class='ocrx_word' id='word_1_148' title='bbox 1082 1873 1114 1937; x_wconf 94' lang='lat' dir='ltr'>in</span> <span class='ocrx_word' id='word_1_149' title='bbox 1139 1894 1287 1939; x_wconf 91' lang='lat' dir='ltr'>somnum</span> <span class='ocrx_word' id='word_1_150' title='bbox 1302 1873 1477 1952; x_wconf 85' lang='lat' dir='ltr'>inducitur,</span> 
     </span>
     <span class='ocr_line' id='line_1_18' title="bbox 150 1961 1477 2045; baseline -0.001 -16"><span class='ocrx_word' id='word_1_151' title='bbox 150 1964 181 2029; x_wconf 92' lang='lat' dir='ltr'>id</span> <span class='ocrx_word' id='word_1_152' title='bbox 205 1964 328 2028; x_wconf 89' lang='lat' dir='ltr'>malum</span> <span class='ocrx_word' id='word_1_153' title='bbox 351 1984 416 2028; x_wconf 92' lang='lat' dir='ltr'>nou</span> <span class='ocrx_word' id='word_1_154' title='bbox 439 1968 506 2041; x_wconf 89' lang='lat' dir='ltr'>est;</span> <span class='ocrx_word' id='word_1_155' title='bbox 531 1984 636 2045; x_wconf 91' lang='lat' dir='ltr'>neque</span> <span class='ocrx_word' id='word_1_156' title='bbox 653 1963 782 2030; x_wconf 86' lang='lat' dir='ltr'>videtur</span> <span class='ocrx_word' id='word_1_157' title='bbox 798 1961 921 2028; x_wconf 88' lang='lat' dir='ltr'>viribus</span> <span class='ocrx_word' id='word_1_158' title='bbox 946 1962 1149 2029; x_wconf 86' lang='lat' dir='ltr'>naturalibus</span> <span class='ocrx_word' id='word_1_159' title='bbox 1168 1961 1393 2028; x_wconf 81' lang='lat' dir='ltr'>contradicere</span> <span class='ocrx_word' id='word_1_160' title='bbox 1415 1962 1477 2028; x_wconf 88' lang='lat' dir='ltr'>hoc</span> 
     </span>
     <span class='ocr_line' id='line_1_19' title="bbox 150 2051 1476 2136; baseline 0.002 -19"><span class='ocrx_word' id='word_1_161' title='bbox 150 2053 246 2117; x_wconf 94' lang='lat' dir='ltr'>modo</span> <span class='ocrx_word' id='word_1_162' title='bbox 270 2052 427 2134; x_wconf 90' lang='lat' dir='ltr'>quosdam</span> <span class='ocrx_word' id='word_1_163' title='bbox 456 2053 587 2117; x_wconf 84' lang='lat' dir='ltr'>morbos</span> <span class='ocrx_word' id='word_1_164' title='bbox 611 2053 717 2117; x_wconf 86' lang='lat' dir='ltr'>curari</span> <span class='ocrx_word' id='word_1_165' title='bbox 748 2053 799 2118; x_wconf 93' lang='lat' dir='ltr'>vel</span> <span class='ocrx_word' id='word_1_166' title='bbox 829 2051 869 2116; x_wconf 92' lang='lat' dir='ltr'>iis</span> <span class='ocrx_word' id='word_1_167' title='bbox 899 2051 1017 2118; x_wconf 87' lang='lat' dir='ltr'>saltem</span> <span class='ocrx_word' id='word_1_168' title='bbox 1047 2052 1199 2118; x_wconf 90' lang='lat' dir='ltr'>levamen</span> <span class='ocrx_word' id='word_1_169' title='bbox 1229 2051 1339 2118; x_wconf 85' lang='lat' dir='ltr'>afferri</span> <span class='ocrx_word' id='word_1_170' title='bbox 1369 2072 1476 2136; x_wconf 89' lang='lat' dir='ltr'>posse.</span> 
     </span>
     <span class='ocr_line' id='line_1_20' title="bbox 151 2141 1478 2225; baseline 0 -18"><span class='ocrx_word' id='word_1_171' title='bbox 151 2141 257 2218; x_wconf 86' lang='lat' dir='ltr'>Quare</span> <span class='ocrx_word' id='word_1_172' title='bbox 287 2146 315 2207; x_wconf 82' lang='lat' dir='ltr'>si</span> <span class='ocrx_word' id='word_1_173' title='bbox 345 2163 380 2206; x_wconf 91' lang='lat' dir='ltr'>re</span> <span class='ocrx_word' id='word_1_174' title='bbox 411 2163 490 2207; x_wconf 91' lang='lat' dir='ltr'>vera</span> <span class='ocrx_word' id='word_1_175' title='bbox 521 2141 580 2207; x_wconf 88' lang='lat' dir='ltr'>tali</span> <span class='ocrx_word' id='word_1_176' title='bbox 610 2142 706 2206; x_wconf 91' lang='lat' dir='ltr'>modo</span> <span class='ocrx_word' id='word_1_177' title='bbox 737 2162 837 2224; x_wconf 87' lang='lat' dir='ltr'>aeger</span> <span class='ocrx_word' id='word_1_178' title='bbox 863 2141 1064 2219; x_wconf 86' lang='lat' dir='ltr'>sublevetur,</span> <span class='ocrx_word' id='word_1_179' title='bbox 1095 2162 1200 2224; x_wconf 90' lang='lat' dir='ltr'>neque</span> <span class='ocrx_word' id='word_1_180' title='bbox 1229 2141 1478 2225; x_wconf 87' lang='lat' dir='ltr'>peccaminosae</span> 
     </span>
     <span class='ocr_line' id='line_1_21' title="bbox 150 2229 1477 2313; baseline -0.001 -17"><span class='ocrx_word' id='word_1_181' title='bbox 150 2231 416 2297; x_wconf 80' lang='lat' dir='ltr'>circumstantiae</span> <span class='ocrx_word' id='word_1_182' title='bbox 432 2232 608 2307; x_wconf 88' lang='lat' dir='ltr'>aocedunt;</span> <span class='ocrx_word' id='word_1_183' title='bbox 634 2231 765 2297; x_wconf 88' lang='lat' dir='ltr'>cautela</span> <span class='ocrx_word' id='word_1_184' title='bbox 781 2229 909 2313; x_wconf 87' lang='lat' dir='ltr'>quidem</span> <span class='ocrx_word' id='word_1_185' title='bbox 929 2251 1030 2313; x_wconf 83' lang='lat' dir='ltr'>aegro</span> <span class='ocrx_word' id='word_1_186' title='bbox 1044 2229 1239 2297; x_wconf 88' lang='lat' dir='ltr'>inculcanda</span> <span class='ocrx_word' id='word_1_187' title='bbox 1258 2234 1319 2309; x_wconf 87' lang='lat' dir='ltr'>est,</span> <span class='ocrx_word' id='word_1_188' title='bbox 1342 2231 1477 2296; x_wconf 89' lang='lat' dir='ltr'>curandi</span> 
     </span>
     <span class='ocr_line' id='line_1_22' title="bbox 149 2319 888 2387; baseline 0 -1"><span class='ocrx_word' id='word_1_189' title='bbox 149 2326 261 2387; x_wconf 91' lang='lat' dir='ltr'>tamen</span> <span class='ocrx_word' id='word_1_190' title='bbox 285 2320 369 2386; x_wconf 89' lang='lat' dir='ltr'>ratio</span> <span class='ocrx_word' id='word_1_191' title='bbox 392 2341 458 2385; x_wconf 91' lang='lat' dir='ltr'>non</span> <span class='ocrx_word' id='word_1_192' title='bbox 481 2321 631 2386; x_wconf 88' lang='lat' dir='ltr'>absolute</span> <span class='ocrx_word' id='word_1_193' title='bbox 655 2319 888 2386; x_wconf 89' lang='lat' dir='ltr'>interdicenda.</span> 
     </span>
    </p>
   </div>
   <div class='ocr_carea' id='block_1_6' title="bbox 150 2422 1481 3208">
    <p class='ocr_par' dir='ltr' id='par_1_8' title="bbox 150 2422 1481 3208">
     <span class='ocr_line' id='line_1_23' title="bbox 241 2422 1477 2508; baseline -0.002 -16"><span class='ocrx_word' id='word_1_194' title='bbox 241 2427 277 2493; x_wconf 80' lang='lat' dir='ltr'>u.</span> <span class='ocrx_word' id='word_1_195' title='bbox 299 2429 329 2492; x_wconf 86' lang='lat'>2.</span> <span class='ocrx_word' id='word_1_196' title='bbox 369 2427 536 2504; x_wconf 85' lang='lat' dir='ltr'>Attamen,</span> <span class='ocrx_word' id='word_1_197' title='bbox 561 2425 589 2490; x_wconf 90' lang='lat' dir='ltr'>si</span> <span class='ocrx_word' id='word_1_198' title='bbox 613 2446 726 2490; x_wconf 89' lang='lat' dir='ltr'>verum</span> <span class='ocrx_word' id='word_1_199' title='bbox 750 2429 802 2491; x_wconf 90' lang='lat' dir='ltr'>est</span> <span class='ocrx_word' id='word_1_200' title='bbox 824 2426 866 2490; x_wconf 90' lang='lat' dir='ltr'>ab</span> <span class='ocrx_word' id='word_1_201' title='bbox 890 2424 1140 2508; x_wconf 89' lang='lat' dir='ltr'>hypnotizatore</span> <span class='ocrx_word' id='word_1_202' title='bbox 1163 2422 1393 2506; x_wconf 80' lang='lat' dir='ltr'>suggestiones</span> <span class='ocrx_word' id='word_1_203' title='bbox 1415 2425 1477 2490; x_wconf 91' lang='lat' dir='ltr'>im·</span> 
     </span>
     <span class='ocr_line' id='line_1_24' title="bbox 150 2512 1478 2601; baseline -0.002 -20"><span class='ocrx_word' id='word_1_204' title='bbox 150 2515 244 2601; x_wconf 87' lang='lat' dir='ltr'>primi</span> <span class='ocrx_word' id='word_1_205' title='bbox 268 2536 381 2599; x_wconf 89' lang='lat' dir='ltr'>posse,</span> <span class='ocrx_word' id='word_1_206' title='bbox 406 2536 490 2596; x_wconf 89' lang='lat' dir='ltr'>quae</span> <span class='ocrx_word' id='word_1_207' title='bbox 513 2519 630 2599; x_wconf 90' lang='lat' dir='ltr'>postea</span> <span class='ocrx_word' id='word_1_208' title='bbox 653 2519 794 2580; x_wconf 90' lang='lat' dir='ltr'>mentem</span> <span class='ocrx_word' id='word_1_209' title='bbox 819 2518 994 2597; x_wconf 89' lang='lat' dir='ltr'>occupent,</span> <span class='ocrx_word' id='word_1_210' title='bbox 1020 2512 1214 2590; x_wconf 89' lang='lat' dir='ltr'>sollicitent,</span> <span class='ocrx_word' id='word_1_211' title='bbox 1239 2513 1478 2594; x_wconf 88' lang='lat' dir='ltr'>quodammodo</span> 
     </span>
     <span class='ocr_line' id='line_1_25' title="bbox 150 2602 1477 2690; baseline -0.001 -20"><span class='ocrx_word' id='word_1_212' title='bbox 150 2606 347 2690; x_wconf 90' lang='lat' dir='ltr'>pertrahant</span> <span class='ocrx_word' id='word_1_213' title='bbox 376 2603 418 2669; x_wconf 90' lang='lat' dir='ltr'>ad</span> <span class='ocrx_word' id='word_1_214' title='bbox 448 2625 504 2682; x_wconf 90' lang='lat' dir='ltr'>ea,</span> <span class='ocrx_word' id='word_1_215' title='bbox 536 2624 619 2686; x_wconf 93' lang='lat' dir='ltr'>quae</span> <span class='ocrx_word' id='word_1_216' title='bbox 643 2604 874 2687; x_wconf 87' lang='lat' dir='ltr'>hypnotizator</span> <span class='ocrx_word' id='word_1_217' title='bbox 896 2602 1054 2670; x_wconf 90' lang='lat' dir='ltr'>voluerit:</span> <span class='ocrx_word' id='word_1_218' title='bbox 1086 2602 1167 2668; x_wconf 88' lang='lat' dir='ltr'>haec</span> <span class='ocrx_word' id='word_1_219' title='bbox 1194 2623 1281 2669; x_wconf 89' lang='lat' dir='ltr'>nova</span> <span class='ocrx_word' id='word_1_220' title='bbox 1304 2602 1390 2669; x_wconf 89' lang='lat' dir='ltr'>ratic</span> <span class='ocrx_word' id='word_1_221' title='bbox 1414 2607 1477 2681; x_wconf 89' lang='lat' dir='ltr'>est,</span> 
     </span>
     <span class='ocr_line' id='line_1_26' title="bbox 151 2690 1480 2774; baseline -0.002 -15"><span class='ocrx_word' id='word_1_222' title='bbox 151 2716 208 2760; x_wconf 91' lang='lat' dir='ltr'>cur</span> <span class='ocrx_word' id='word_1_223' title='bbox 232 2715 358 2759; x_wconf 89' lang='lat' dir='ltr'>summa</span> <span class='ocrx_word' id='word_1_224' title='bbox 382 2695 513 2759; x_wconf 91' lang='lat' dir='ltr'>cautela</span> <span class='ocrx_word' id='word_1_225' title='bbox 542 2693 586 2759; x_wconf 91' lang='lat' dir='ltr'>sit</span> <span class='ocrx_word' id='word_1_226' title='bbox 616 2694 811 2760; x_wconf 89' lang='lat' dir='ltr'>necessaria.</span> <span class='ocrx_word' id='word_1_227' title='bbox 856 2693 977 2757; x_wconf 91' lang='lat' dir='ltr'>Verum</span> <span class='ocrx_word' id='word_1_228' title='bbox 1002 2691 1131 2774; x_wconf 91' lang='lat' dir='ltr'>quidem</span> <span class='ocrx_word' id='word_1_229' title='bbox 1163 2694 1215 2757; x_wconf 90' lang='lat' dir='ltr'>est</span> <span class='ocrx_word' id='word_1_230' title='bbox 1244 2690 1327 2756; x_wconf 91' lang='lat' dir='ltr'>istas</span> <span class='ocrx_word' id='word_1_231' title='bbox 1360 2712 1480 2774; x_wconf 80' lang='lat' dir='ltr'>sugge-</span> 
     </span>
     <span class='ocr_line' id='line_1_27' title="bbox 151 2780 1480 2864; baseline -0.002 -16"><span class='ocrx_word' id='word_1_232' title='bbox 151 2784 291 2861; x_wconf 87' lang='lat' dir='ltr'>stiones,</span> <span class='ocrx_word' id='word_1_233' title='bbox 322 2782 350 2847; x_wconf 92' lang='lat' dir='ltr'>si</span> <span class='ocrx_word' id='word_1_234' title='bbox 380 2783 413 2847; x_wconf 93' lang='lat' dir='ltr'>in</span> <span class='ocrx_word' id='word_1_235' title='bbox 437 2783 533 2848; x_wconf 91' lang='lat' dir='ltr'>rebus</span> <span class='ocrx_word' id='word_1_236' title='bbox 557 2782 814 2848; x_wconf 86' lang='lat' dir='ltr'>indifferentibus</span> <span class='ocrx_word' id='word_1_237' title='bbox 838 2782 976 2859; x_wconf 85' lang='lat' dir='ltr'>sistitur,</span> <span class='ocrx_word' id='word_1_238' title='bbox 1009 2801 1068 2864; x_wconf 92' lang='lat' dir='ltr'>per</span> <span class='ocrx_word' id='word_1_239' title='bbox 1090 2802 1126 2845; x_wconf 89' lang='lat' dir='ltr'>se</span> <span class='ocrx_word' id='word_1_240' title='bbox 1149 2780 1219 2846; x_wconf 90' lang='lat' dir='ltr'>sine</span> <span class='ocrx_word' id='word_1_241' title='bbox 1242 2783 1379 2864; x_wconf 90' lang='lat' dir='ltr'>peccato</span> <span class='ocrx_word' id='word_1_242' title='bbox 1402 2802 1480 2864; x_wconf 90' lang='lat' dir='ltr'>pro·</span> 
     </span>
     <span class='ocr_line' id='line_1_28' title="bbox 152 2868 1480 2954; baseline -0.002 -16"><span class='ocrx_word' id='word_1_243' title='bbox 152 2873 225 2938; x_wconf 88' lang='lat' dir='ltr'>duci</span> <span class='ocrx_word' id='word_1_244' title='bbox 250 2872 301 2937; x_wconf 92' lang='lat' dir='ltr'>vel</span> <span class='ocrx_word' id='word_1_245' title='bbox 326 2871 490 2938; x_wconf 90' lang='lat' dir='ltr'>sustineri.</span> <span class='ocrx_word' id='word_1_246' title='bbox 536 2872 693 2938; x_wconf 78' lang='lat' dir='ltr'>Attamen</span> <span class='ocrx_word' id='word_1_247' title='bbox 718 2891 857 2954; x_wconf 89' lang='lat' dir='ltr'>persona</span> <span class='ocrx_word' id='word_1_248' title='bbox 880 2868 1094 2954; x_wconf 84' lang='lat' dir='ltr'>hypnotizata</span> <span class='ocrx_word' id='word_1_249' title='bbox 1116 2868 1261 2935; x_wconf 89' lang='lat' dir='ltr'>evidenti</span> <span class='ocrx_word' id='word_1_250' title='bbox 1283 2889 1320 2934; x_wconf 90' lang='lat' dir='ltr'>se</span> <span class='ocrx_word' id='word_1_251' title='bbox 1344 2871 1480 2953; x_wconf 87' lang='lat' dir='ltr'>exponit</span> 
     </span>
     <span class='ocr_line' id='line_1_29' title="bbox 151 2958 1481 3047; baseline -0.003 -19"><span class='ocrx_word' id='word_1_252' title='bbox 151 2961 305 3047; x_wconf 87' lang='lat' dir='ltr'>periculo,</span> <span class='ocrx_word' id='word_1_253' title='bbox 329 2981 370 3026; x_wconf 90' lang='lat' dir='ltr'>ne</span> <span class='ocrx_word' id='word_1_254' title='bbox 393 2961 605 3044; x_wconf 90' lang='lat' dir='ltr'>pertrahatur</span> <span class='ocrx_word' id='word_1_255' title='bbox 626 2960 667 3025; x_wconf 89' lang='lat' dir='ltr'>ad</span> <span class='ocrx_word' id='word_1_256' title='bbox 688 2959 813 3038; x_wconf 90' lang='lat' dir='ltr'>illicita,</span> <span class='ocrx_word' id='word_1_257' title='bbox 838 2959 898 3024; x_wconf 90' lang='lat' dir='ltr'>nisi</span> <span class='ocrx_word' id='word_1_258' title='bbox 916 2959 1060 3025; x_wconf 88' lang='lat' dir='ltr'>medicus</span> <span class='ocrx_word' id='word_1_259' title='bbox 1076 2958 1307 3042; x_wconf 86' lang='lat' dir='ltr'>hypnotizator</span> <span class='ocrx_word' id='word_1_260' title='bbox 1322 2958 1367 3026; x_wconf 90' lang='lat' dir='ltr'>sit</span> <span class='ocrx_word' id='word_1_261' title='bbox 1382 2965 1481 3026; x_wconf 87' lang='lat' dir='ltr'>notus</span> 
     </span>
     <span class='ocr_line' id='line_1_30' title="bbox 153 3048 1481 3131; baseline -0.002 -13"><span class='ocrx_word' id='word_1_262' title='bbox 153 3056 189 3118; x_wconf 89' lang='lat' dir='ltr'>ut</span> <span class='ocrx_word' id='word_1_263' title='bbox 212 3051 307 3116; x_wconf 89' lang='lat' dir='ltr'>homo</span> <span class='ocrx_word' id='word_1_264' title='bbox 331 3049 506 3115; x_wconf 90' lang='lat' dir='ltr'>fidissimus</span> <span class='ocrx_word' id='word_1_265' title='bbox 537 3054 570 3116; x_wconf 93' lang='lat' dir='ltr'>et</span> <span class='ocrx_word' id='word_1_266' title='bbox 600 3048 742 3115; x_wconf 85' lang='lat' dir='ltr'>maxime</span> <span class='ocrx_word' id='word_1_267' title='bbox 766 3048 941 3116; x_wconf 85' lang='lat' dir='ltr'>timoratae</span> <span class='ocrx_word' id='word_1_268' title='bbox 965 3048 1199 3127; x_wconf 61' lang='lat' dir='ltr'>conscientiam</span> <span class='ocrx_word' id='word_1_269' title='bbox 1228 3052 1329 3131; x_wconf 90' lang='lat' dir='ltr'>atque</span> <span class='ocrx_word' id='word_1_270' title='bbox 1352 3069 1395 3113; x_wconf 86' lang='lat' dir='ltr'>ex</span> <span class='ocrx_word' id='word_1_271' title='bbox 1418 3049 1481 3115; x_wconf 91' lang='lat' dir='ltr'>hac</span> 
     </span>
     <span class='ocr_line' id='line_1_31' title="bbox 151 3136 1005 3208; baseline -0.002 -3"><span class='ocrx_word' id='word_1_272' title='bbox 151 3142 279 3208; x_wconf 85' lang='lat' dir='ltr'>ratione</span> <span class='ocrx_word' id='word_1_273' title='bbox 302 3161 374 3205; x_wconf 90' lang='lat' dir='ltr'>meo</span> <span class='ocrx_word' id='word_1_274' title='bbox 399 3139 516 3204; x_wconf 88' lang='lat' dir='ltr'>iudicio</span> <span class='ocrx_word' id='word_1_275' title='bbox 539 3138 637 3205; x_wconf 88' lang='lat' dir='ltr'>facile</span> <span class='ocrx_word' id='word_1_276' title='bbox 660 3159 714 3204; x_wconf 88' lang='lat' dir='ltr'>res</span> <span class='ocrx_word' id='word_1_277' title='bbox 738 3139 858 3204; x_wconf 86' lang='lat' dir='ltr'>evadet</span> <span class='ocrx_word' id='word_1_278' title='bbox 880 3136 1005 3203; x_wconf 90' lang='lat' dir='ltr'>illicita.</span> 
     </span>
    </p>
   </div>
   <div class='ocr_carea' id='block_1_7' title="bbox 152 3241 1481 3506">
    <p class='ocr_par' dir='ltr' id='par_1_9' title="bbox 152 3241 1481 3506">
     <span class='ocr_line' id='line_1_32' title="bbox 241 3241 1481 3328; baseline -0.001 -17"><span class='ocrx_word' id='word_1_279' title='bbox 241 3247 279 3311; x_wconf 85' lang='lat' dir='ltr'>R.</span> <span class='ocrx_word' id='word_1_280' title='bbox 305 3248 335 3311; x_wconf 88' lang='lat'>3.</span> <span class='ocrx_word' id='word_1_281' title='bbox 383 3245 490 3328; x_wconf 87' lang='lat' dir='ltr'>Magis</span> <span class='ocrx_word' id='word_1_282' title='bbox 514 3244 614 3310; x_wconf 90' lang='lat' dir='ltr'>etiam</span> <span class='ocrx_word' id='word_1_283' title='bbox 636 3265 690 3309; x_wconf 89' lang='lat' dir='ltr'>res</span> <span class='ocrx_word' id='word_1_284' title='bbox 713 3244 829 3309; x_wconf 89' lang='lat' dir='ltr'>illicita</span> <span class='ocrx_word' id='word_1_285' title='bbox 852 3244 981 3321; x_wconf 82' lang='lat' dir='ltr'>evadet,</span> <span class='ocrx_word' id='word_1_286' title='bbox 1010 3241 1270 3327; x_wconf 91' lang='lat' dir='ltr'>quamprimum</span> <span class='ocrx_word' id='word_1_287' title='bbox 1294 3243 1481 3310; x_wconf 89' lang='lat' dir='ltr'>constiterit</span> 
     </span>
     <span class='ocr_line' id='line_1_33' title="bbox 152 3332 1480 3417; baseline -0.002 -17"><span class='ocrx_word' id='word_1_288' title='bbox 152 3334 395 3401; x_wconf 82' lang='lat' dir='ltr'>inclinationem</span> <span class='ocrx_word' id='word_1_289' title='bbox 426 3356 562 3417; x_wconf 88' lang='lat' dir='ltr'>pravam</span> <span class='ocrx_word' id='word_1_290' title='bbox 586 3333 663 3399; x_wconf 88' lang='lat' dir='ltr'>oriri</span> <span class='ocrx_word' id='word_1_291' title='bbox 687 3333 773 3400; x_wconf 90' lang='lat' dir='ltr'>inter</span> <span class='ocrx_word' id='word_1_292' title='bbox 794 3334 956 3398; x_wconf 89' lang='lat' dir='ltr'>infirmam</span> <span class='ocrx_word' id='word_1_293' title='bbox 980 3337 1012 3398; x_wconf 87' lang='lat' dir='ltr'>et</span> <span class='ocrx_word' id='word_1_294' title='bbox 1036 3332 1206 3409; x_wconf 88' lang='lat' dir='ltr'>medicum,</span> <span class='ocrx_word' id='word_1_295' title='bbox 1231 3332 1285 3397; x_wconf 92' lang='lat' dir='ltr'>vel</span> <span class='ocrx_word' id='word_1_296' title='bbox 1317 3333 1404 3398; x_wconf 92' lang='lat' dir='ltr'>hunc</span> <span class='ocrx_word' id='word_1_297' title='bbox 1428 3336 1480 3398; x_wconf 88' lang='lat' dir='ltr'>ut·</span> 
     </span>
     <span class='ocr_line' id='line_1_34' title="bbox 154 3421 1048 3506; baseline -0.002 -17"><span class='ocrx_word' id='word_1_298' title='bbox 154 3445 290 3506; x_wconf 87' lang='lat' dir='ltr'>eumque</span> <span class='ocrx_word' id='word_1_299' title='bbox 313 3445 372 3488; x_wconf 92' lang='lat' dir='ltr'>suo</span> <span class='ocrx_word' id='word_1_300' title='bbox 395 3423 519 3488; x_wconf 87' lang='lat' dir='ltr'>influxu</span> <span class='ocrx_word' id='word_1_301' title='bbox 543 3423 576 3488; x_wconf 93' lang='lat' dir='ltr'>in</span> <span class='ocrx_word' id='word_1_302' title='bbox 600 3423 753 3488; x_wconf 91' lang='lat' dir='ltr'>damnum</span> <span class='ocrx_word' id='word_1_303' title='bbox 776 3423 923 3488; x_wconf 91' lang='lat' dir='ltr'>infirmae</span> <span class='ocrx_word' id='word_1_304' title='bbox 947 3421 1048 3487; x_wconf 86' lang='lat' dir='ltr'>abuti.</span> 
     </span>
    </p>
   </div>
   <div class='ocr_carea' id='block_1_8' title="bbox 92 3535 1481 4140">
    <p class='ocr_par' dir='ltr' id='par_1_10' title="bbox 92 3535 1481 4140">
     <span class='ocr_line' id='line_1_35' title="bbox 92 3535 1481 3614; baseline -0.001 -10"><span class='ocrx_word' id='word_1_305' title='bbox 92 3559 144 3613; x_wconf 80' lang='lat'>214</span> <span class='ocrx_word' id='word_1_306' title='bbox 243 3541 295 3604; x_wconf 86' lang='lat' dir='ltr'>An</span> <span class='ocrx_word' id='word_1_307' title='bbox 319 3560 509 3614; x_wconf 73' lang='lat' dir='ltr'>quaeamus</span> <span class='ocrx_word' id='word_1_308' title='bbox 534 3542 572 3602; x_wconf 74' lang='lat'>2¹¹³</span> <span class='ocrx_word' id='word_1_309' title='bbox 596 3539 635 3603; x_wconf 84' lang='lat' dir='ltr'>R.</span> <span class='ocrx_word' id='word_1_310' title='bbox 688 3538 869 3604; x_wconf 88' lang='lat' dir='ltr'>Praetensa</span> <span class='ocrx_word' id='word_1_311' title='bbox 901 3537 958 3602; x_wconf 91' lang='lat' dir='ltr'>illa</span> <span class='ocrx_word' id='word_1_312' title='bbox 991 3557 1045 3602; x_wconf 92' lang='lat' dir='ltr'>ars</span> <span class='ocrx_word' id='word_1_313' title='bbox 1079 3535 1112 3599; x_wconf 94' lang='lat' dir='ltr'>in</span> <span class='ocrx_word' id='word_1_314' title='bbox 1145 3535 1308 3601; x_wconf 89' lang='lat' dir='ltr'>mentibus</span> <span class='ocrx_word' id='word_1_315' title='bbox 1340 3535 1481 3602; x_wconf 89' lang='lat' dir='ltr'>aliorum</span> 
     </span>
     <span class='ocr_line' id='line_1_36' title="bbox 154 3624 1480 3710; baseline -0.002 -17"><span class='ocrx_word' id='word_1_316' title='bbox 154 3629 242 3693; x_wconf 91' lang='lat' dir='ltr'>intus</span> <span class='ocrx_word' id='word_1_317' title='bbox 265 3629 393 3710; x_wconf 85' lang='lat' dir='ltr'>legendi</span> <span class='ocrx_word' id='word_1_318' title='bbox 418 3628 497 3692; x_wconf 90' lang='lat' dir='ltr'>nihil</span> <span class='ocrx_word' id='word_1_319' title='bbox 521 3628 651 3693; x_wconf 91' lang='lat' dir='ltr'>videtur</span> <span class='ocrx_word' id='word_1_320' title='bbox 674 3649 746 3693; x_wconf 90' lang='lat' dir='ltr'>esse</span> <span class='ocrx_word' id='word_1_321' title='bbox 770 3627 831 3691; x_wconf 91' lang='lat' dir='ltr'>nisi</span> <span class='ocrx_word' id='word_1_322' title='bbox 850 3626 1009 3692; x_wconf 87' lang='lat' dir='ltr'>iactantia</span> <span class='ocrx_word' id='word_1_323' title='bbox 1027 3624 1199 3708; x_wconf 88' lang='lat' dir='ltr'>quaedam,</span> <span class='ocrx_word' id='word_1_324' title='bbox 1223 3646 1259 3690; x_wconf 88' lang='lat' dir='ltr'>re</span> <span class='ocrx_word' id='word_1_325' title='bbox 1282 3625 1354 3708; x_wconf 93' lang='lat' dir='ltr'>ipsa</span> <span class='ocrx_word' id='word_1_326' title='bbox 1377 3626 1480 3691; x_wconf 91' lang='lat' dir='ltr'>sensi·</span> 
     </span>
     <span class='ocr_line' id='line_1_37' title="bbox 155 3714 1481 3799; baseline -0.001 -18"><span class='ocrx_word' id='word_1_327' title='bbox 155 3717 265 3782; x_wconf 87' lang='lat' dir='ltr'>bilitas</span> <span class='ocrx_word' id='word_1_328' title='bbox 298 3718 457 3799; x_wconf 89' lang='lat' dir='ltr'>quaedam</span> <span class='ocrx_word' id='word_1_329' title='bbox 490 3738 626 3799; x_wconf 83' lang='lat' dir='ltr'>magua,</span> <span class='ocrx_word' id='word_1_330' title='bbox 661 3737 744 3798; x_wconf 89' lang='lat' dir='ltr'>quae</span> <span class='ocrx_word' id='word_1_331' title='bbox 780 3738 822 3781; x_wconf 84' lang='lat' dir='ltr'>ex</span> <span class='ocrx_word' id='word_1_332' title='bbox 856 3715 996 3781; x_wconf 90' lang='lat' dir='ltr'>minimis</span> <span class='ocrx_word' id='word_1_333' title='bbox 1028 3714 1131 3796; x_wconf 82' lang='lat' dir='ltr'>signis</span> <span class='ocrx_word' id='word_1_334' title='bbox 1163 3735 1235 3780; x_wconf 90' lang='lat' dir='ltr'>sese</span> <span class='ocrx_word' id='word_1_335' title='bbox 1268 3715 1481 3798; x_wconf 91' lang='lat' dir='ltr'>prodentibus</span> 
     </span>
     <span class='ocr_line' id='line_1_38' title="bbox 155 3803 1480 3888; baseline -0.002 -16"><span class='ocrx_word' id='word_1_336' title='bbox 155 3807 238 3872; x_wconf 86' lang='lat' dir='ltr'>sciat</span> <span class='ocrx_word' id='word_1_337' title='bbox 262 3807 464 3884; x_wconf 88' lang='lat' dir='ltr'>coniectare,</span> <span class='ocrx_word' id='word_1_338' title='bbox 495 3807 529 3870; x_wconf 92' lang='lat' dir='ltr'>in</span> <span class='ocrx_word' id='word_1_339' title='bbox 552 3806 715 3888; x_wconf 92' lang='lat' dir='ltr'>quodnam</span> <span class='ocrx_word' id='word_1_340' title='bbox 739 3806 901 3871; x_wconf 88' lang='lat' dir='ltr'>obiectum</span> <span class='ocrx_word' id='word_1_341' title='bbox 924 3804 1043 3871; x_wconf 88' lang='lat' dir='ltr'>ruentis</span> <span class='ocrx_word' id='word_1_342' title='bbox 1072 3803 1211 3870; x_wconf 87' lang='lat' dir='ltr'>intuitus</span> <span class='ocrx_word' id='word_1_343' title='bbox 1241 3809 1276 3870; x_wconf 93' lang='lat' dir='ltr'>et</span> <span class='ocrx_word' id='word_1_344' title='bbox 1298 3805 1480 3871; x_wconf 88' lang='lat' dir='ltr'>voluntatis</span> 
     </span>
     <span class='ocr_line' id='line_1_39' title="bbox 155 3893 1481 3978; baseline -0.002 -17"><span class='ocrx_word' id='word_1_345' title='bbox 155 3897 292 3961; x_wconf 84' lang='lat' dir='ltr'>affectus</span> <span class='ocrx_word' id='word_1_346' title='bbox 315 3895 462 3961; x_wconf 91' lang='lat' dir='ltr'>tendant.</span> <span class='ocrx_word' id='word_1_347' title='bbox 487 3931 530 3941; x_wconf 95' lang='lat'>—</span> <span class='ocrx_word' id='word_1_348' title='bbox 554 3895 605 3960; x_wconf 85' lang='lat' dir='ltr'>Ad</span> <span class='ocrx_word' id='word_1_349' title='bbox 629 3895 771 3960; x_wconf 90' lang='lat' dir='ltr'>animum</span> <span class='ocrx_word' id='word_1_350' title='bbox 796 3916 897 3976; x_wconf 90' lang='lat' dir='ltr'>usque</span> <span class='ocrx_word' id='word_1_351' title='bbox 927 3895 1032 3977; x_wconf 92' lang='lat' dir='ltr'>ipsum</span> <span class='ocrx_word' id='word_1_352' title='bbox 1063 3899 1237 3978; x_wconf 87' lang='lat' dir='ltr'>penetrare</span> <span class='ocrx_word' id='word_1_353' title='bbox 1267 3914 1308 3958; x_wconf 93' lang='lat' dir='ltr'>ne</span> <span class='ocrx_word' id='word_1_354' title='bbox 1333 3893 1481 3959; x_wconf 90' lang='lat' dir='ltr'>diabolus</span> 
     </span>
     <span class='ocr_line' id='line_1_40' title="bbox 157 3983 1480 4068; baseline -0.001 -20"><span class='ocrx_word' id='word_1_355' title='bbox 157 3985 284 4068; x_wconf 90' lang='lat' dir='ltr'>quidem</span> <span class='ocrx_word' id='word_1_356' title='bbox 309 3989 433 4068; x_wconf 89' lang='lat' dir='ltr'>potest,</span> <span class='ocrx_word' id='word_1_357' title='bbox 465 3985 567 4051; x_wconf 89' lang='lat' dir='ltr'>multo</span> <span class='ocrx_word' id='word_1_358' title='bbox 598 3984 704 4049; x_wconf 90' lang='lat' dir='ltr'>minus</span> <span class='ocrx_word' id='word_1_359' title='bbox 727 3984 822 4049; x_wconf 90' lang='lat' dir='ltr'>homo</span> <span class='ocrx_word' id='word_1_360' title='bbox 852 3984 885 4048; x_wconf 92' lang='lat' dir='ltr'>in</span> <span class='ocrx_word' id='word_1_361' title='bbox 917 4004 1052 4067; x_wconf 88' lang='lat' dir='ltr'>corpore</span> <span class='ocrx_word' id='word_1_362' title='bbox 1076 3983 1255 4061; x_wconf 85' lang='lat' dir='ltr'>exsistens,</span> <span class='ocrx_word' id='word_1_363' title='bbox 1287 3983 1346 4048; x_wconf 89' lang='lat' dir='ltr'>sed</span> <span class='ocrx_word' id='word_1_364' title='bbox 1376 4004 1419 4048; x_wconf 85' lang='lat' dir='ltr'>ex</span> <span class='ocrx_word' id='word_1_365' title='bbox 1446 4003 1480 4047; x_wconf 90' lang='lat' dir='ltr'>se</span> 
     </span>
     <span class='ocr_line' id='line_1_41' title="bbox 156 4075 367 4140; baseline -0.005 0"><span class='ocrx_word' id='word_1_366' title='bbox 156 4075 246 4140; x_wconf 90' lang='lat' dir='ltr'>solus</span> <span class='ocrx_word' id='word_1_367' title='bbox 269 4075 367 4139; x_wconf 90' lang='lat' dir='ltr'>Deus.</span> 
     </span>
    </p>
   </div>
   <div class='ocr_carea' id='block_1_9' title="bbox 94 4185 1482 4719">
    <p class='ocr_par' dir='ltr' id='par_1_11' title="bbox 94 4185 1482 4719">
     <span class='ocr_line' id='line_1_42' title="bbox 94 4185 1482 4270; baseline -0.003 -16"><span class='ocrx_word' id='word_1_368' title='bbox 94 4210 145 4265; x_wconf 82' lang='lat'>215</span> <span class='ocrx_word' id='word_1_369' title='bbox 246 4192 297 4254; x_wconf 87' lang='lat' dir='ltr'>An</span> <span class='ocrx_word' id='word_1_370' title='bbox 321 4209 511 4265; x_wconf 75' lang='lat' dir='ltr'>qunasrruu</span> <span class='ocrx_word' id='word_1_371' title='bbox 537 4191 576 4252; x_wconf 74' lang='grc' dir='ltr'>3Ιιι</span> <span class='ocrx_word' id='word_1_372' title='bbox 599 4188 637 4253; x_wconf 82' lang='lat' dir='ltr'>a.</span> <span class='ocrx_word' id='word_1_373' title='bbox 663 4191 688 4253; x_wconf 93' lang='lat' dir='ltr'>l.</span> <span class='ocrx_word' id='word_1_374' title='bbox 736 4187 888 4253; x_wconf 86' lang='lat' dir='ltr'>Dubitari</span> <span class='ocrx_word' id='word_1_375' title='bbox 911 4189 1041 4270; x_wconf 86' lang='lat' dir='ltr'>nequit,</span> <span class='ocrx_word' id='word_1_376' title='bbox 1070 4185 1301 4270; x_wconf 84' lang='lat' dir='ltr'>quin&#39;Amalia</span> <span class='ocrx_word' id='word_1_377' title='bbox 1324 4186 1482 4252; x_wconf 87' lang='lat' dir='ltr'>assistens</span> 
     </span>
     <span class='ocr_line' id='line_1_43' title="bbox 156 4276 1481 4362; baseline -0.003 -19"><span class='ocrx_word' id='word_1_378' title='bbox 156 4279 331 4344; x_wconf 85' lang='lat' dir='ltr'>conventui</span> <span class='ocrx_word' id='word_1_379' title='bbox 347 4277 536 4362; x_wconf 88' lang='lat' dir='ltr'>spiritistioo</span> <span class='ocrx_word' id='word_1_380' title='bbox 553 4276 746 4360; x_wconf 87' lang='lat' dir='ltr'>gravissime</span> <span class='ocrx_word' id='word_1_381' title='bbox 762 4277 957 4361; x_wconf 85' lang='lat' dir='ltr'>peccaverit.</span> <span class='ocrx_word' id='word_1_382' title='bbox 993 4279 1055 4343; x_wconf 84' lang='lat' dir='ltr'>Est</span> <span class='ocrx_word' id='word_1_383' title='bbox 1071 4277 1155 4343; x_wconf 90' lang='lat' dir='ltr'>enim</span> <span class='ocrx_word' id='word_1_384' title='bbox 1177 4299 1230 4342; x_wconf 87' lang='lat' dir='ltr'>res</span> <span class='ocrx_word' id='word_1_385' title='bbox 1248 4276 1481 4361; x_wconf 88' lang='lat' dir='ltr'>superstitione</span> 
     </span>
     <span class='ocr_line' id='line_1_44' title="bbox 156 4365 1481 4450; baseline -0.003 -17"><span class='ocrx_word' id='word_1_386' title='bbox 156 4372 190 4433; x_wconf 89' lang='lat' dir='ltr'>et</span> <span class='ocrx_word' id='word_1_387' title='bbox 214 4368 374 4434; x_wconf 92' lang='lat' dir='ltr'>diabolica</span> <span class='ocrx_word' id='word_1_388' title='bbox 396 4368 546 4432; x_wconf 90' lang='lat' dir='ltr'>illusione</span> <span class='ocrx_word' id='word_1_389' title='bbox 568 4367 676 4450; x_wconf 91' lang='lat' dir='ltr'>plena.</span> <span class='ocrx_word' id='word_1_390' title='bbox 723 4367 825 4443; x_wconf 83' lang='lat' dir='ltr'>Quam</span> <span class='ocrx_word' id='word_1_391' title='bbox 849 4367 988 4450; x_wconf 86' lang='lat' dir='ltr'>plurima</span> <span class='ocrx_word' id='word_1_392' title='bbox 1012 4367 1142 4449; x_wconf 89' lang='lat' dir='ltr'>quidem</span> <span class='ocrx_word' id='word_1_393' title='bbox 1165 4365 1321 4449; x_wconf 88' lang='lat' dir='ltr'>explicari</span> <span class='ocrx_word' id='word_1_394' title='bbox 1345 4369 1481 4448; x_wconf 90' lang='lat' dir='ltr'>possunt</span> 
     </span>
     <span class='ocr_line' id='line_1_45' title="bbox 156 4455 1480 4540; baseline -0.003 -18"><span class='ocrx_word' id='word_1_395' title='bbox 156 4464 190 4523; x_wconf 91' lang='lat' dir='ltr'>et</span> <span class='ocrx_word' id='word_1_396' title='bbox 214 4457 367 4524; x_wconf 89' lang='lat' dir='ltr'>accidunt</span> <span class='ocrx_word' id='word_1_397' title='bbox 390 4457 503 4540; x_wconf 87' lang='lat' dir='ltr'>putida</span> <span class='ocrx_word' id='word_1_398' title='bbox 526 4455 642 4521; x_wconf 88' lang='lat' dir='ltr'>fraude</span> <span class='ocrx_word' id='word_1_399' title='bbox 665 4456 971 4540; x_wconf 88' lang='lat' dir='ltr'>praestigiatorum:</span> <span class='ocrx_word' id='word_1_400' title='bbox 1002 4457 1067 4521; x_wconf 90' lang='lat' dir='ltr'>alia</span> <span class='ocrx_word' id='word_1_401' title='bbox 1090 4461 1201 4522; x_wconf 90' lang='lat' dir='ltr'>tamen</span> <span class='ocrx_word' id='word_1_402' title='bbox 1228 4456 1298 4520; x_wconf 89' lang='lat' dir='ltr'>solo</span> <span class='ocrx_word' id='word_1_403' title='bbox 1322 4455 1480 4519; x_wconf 90' lang='lat' dir='ltr'>diabolico</span> 
     </span>
     <span class='ocr_line' id='line_1_46' title="bbox 156 4543 1481 4631; baseline -0.002 -20"><span class='ocrx_word' id='word_1_404' title='bbox 156 4546 344 4613; x_wconf 86' lang='lat' dir='ltr'>interventu</span> <span class='ocrx_word' id='word_1_405' title='bbox 377 4547 447 4612; x_wconf 87' lang='lat' dir='ltr'>fieri</span> <span class='ocrx_word' id='word_1_406' title='bbox 478 4566 575 4631; x_wconf 91' lang='lat' dir='ltr'>posse</span> <span class='ocrx_word' id='word_1_407' title='bbox 598 4547 807 4611; x_wconf 88' lang='lat' dir='ltr'>manifestum</span> <span class='ocrx_word' id='word_1_408' title='bbox 832 4549 892 4612; x_wconf 88' lang='lat' dir='ltr'>est.</span> <span class='ocrx_word' id='word_1_409' title='bbox 939 4545 1030 4622; x_wconf 90' lang='lat' dir='ltr'>Quod</span> <span class='ocrx_word' id='word_1_410' title='bbox 1053 4544 1277 4612; x_wconf 90' lang='lat' dir='ltr'>indubitanter</span> <span class='ocrx_word' id='word_1_411' title='bbox 1301 4543 1361 4609; x_wconf 91' lang='lat' dir='ltr'>dici</span> <span class='ocrx_word' id='word_1_412' title='bbox 1386 4543 1481 4609; x_wconf 90' lang='lat' dir='ltr'>debet</span> 
     </span>
     <span class='ocr_line' id='line_1_47' title="bbox 157 4635 1481 4719; baseline -0.001 -20"><span class='ocrx_word' id='word_1_413' title='bbox 157 4636 197 4699; x_wconf 87' lang='lat' dir='ltr'>de</span> <span class='ocrx_word' id='word_1_414' title='bbox 221 4636 424 4719; x_wconf 88' lang='lat' dir='ltr'>apparitione</span> <span class='ocrx_word' id='word_1_415' title='bbox 440 4636 679 4712; x_wconf 88' lang='lat' dir='ltr'>defunctorum,</span> <span class='ocrx_word' id='word_1_416' title='bbox 704 4639 733 4701; x_wconf 83' lang='lat' dir='ltr'>si</span> <span class='ocrx_word' id='word_1_417' title='bbox 755 4659 790 4701; x_wconf 84' lang='lat' dir='ltr'>re</span> <span class='ocrx_word' id='word_1_418' title='bbox 813 4657 888 4700; x_wconf 85' lang='lat' dir='ltr'>cera</span> <span class='ocrx_word' id='word_1_419' title='bbox 912 4656 975 4699; x_wconf 92' lang='lat' dir='ltr'>non</span> <span class='ocrx_word' id='word_1_420' title='bbox 1000 4635 1235 4719; x_wconf 80' lang='lat' dir='ltr'>praestigiator</span> <span class='ocrx_word' id='word_1_421' title='bbox 1251 4654 1307 4699; x_wconf 90' lang='lat' dir='ltr'>eos</span> <span class='ocrx_word' id='word_1_422' title='bbox 1323 4653 1481 4716; x_wconf 89' lang='lat' dir='ltr'>apparere</span> 
     </span>
    </p>
   </div>
   <div class='ocr_carea' id='block_1_10' title="bbox 0 0 1564 5168">
    <p class='ocr_par' dir='ltr' id='par_1_12' title="bbox 0 0 1564 5168">
     <span class='ocr_line' id='line_1_48' title="bbox 0 0 1564 5168; baseline 0 0"><span class='ocrx_word' id='word_1_423' title='bbox 0 0 1564 5168; x_wconf 95' lang='lat' dir='ltr'> </span> 
     </span>
    </p>
   </div>
  </div>
 </body>
</html>
