3106 5168
158 293 223 357 288
297 288 338 343 De
357 287 505 343 virtutibus
523 291 551 342 et
569 287 667 342 officiis
686 303 752 356 erga
769 287 899 342 homines.
918 318 954 327 -
973 287 1025 343 Off.
1044 288 1116 344 eirca
1134 289 1204 344 bona
1221 291 1344 344 externa.

395 492 457 559 DE
478 489 668 557 DOMINIO
692 489 904 556 FILIORUM
927 489 1135 557 FAMILlAS
1163 488 1247 573 (Ill).

716 637 826 705 Casus.
854 645 929 714 (166)

249 778 434 851 Fridolinus‚
460 778 539 838 filius
560 778 705 850 familias,
734 778 764 837 in
785 783 910 855 paterno
931 777 1051 854 negotio
1072 778 1249 838 mercatorio
1271 778 1334 854 agit
1355 784 1389 839 ut
1409 798 1487 838 unus

160 882 198 920 ex
219 859 430 920 commissariis
458 879 621 935 munusque
649 877 734 918 snum
758 859 921 934 generatim
943 858 1103 918 secundum
1127 859 1267 918 mandata
1294 859 1390 936 patris
1418 859 1488 919 fide·

159 941 229 1000 liter
258 941 439 1015 exsequitur.
480 941 522 998 At
552 939 579 998 ei
609 939 746 1015 displicet
775 944 860 997 tanta
890 939 985 1017 patris
1015 939 1123 998 cautio.
1170 937 1267 1008 Quare
1298 959 1364 999 curu
1393 959 1489 1017 nuper

159 1021 276 1080 rideret
302 1021 487 1079 occasionem
516 1019 627 1095 negotii
655 1019 789 1078 nonnihil
810 1019 924 1095 quidem
952 1019 1126 1096 periculosi,
1155 1018 1207 1078 sed
1235 1039 1272 1078 ex
1294 1039 1351 1095 quo
1373 1021 1488 1097 sperari

159 1105 280 1179 poterat
299 1119 438 1175 magnum
459 1101 588 1171 lucrum,
611 1101 752 1177 sumpsit,
775 1100 870 1159 inscio
890 1103 991 1176 patre,
1013 1119 1052 1158 ex
1072 1099 1136 1158 eius
1156 1100 1298 1176 pecunia,
1320 1118 1397 1176 quae
1418 1100 1488 1159 alio·

159 1181 230 1257 quin
257 1182 370 1239 lucrum
392 1180 513 1239 duarum
535 1179 761 1239 centesimarum
789 1185 904 1239 tantum
926 1179 1064 1250 fecisset,
1093 1182 1111 1238 5
1137 1179 1218 1238 milia
1246 1199 1430 1250 marcarum,
1459 1186 1489 1240 et

159 1261 243 1321 brevi
263 1261 337 1319 16616
357 1259 542 1338 coemptione
564 1260 703 1319 mercium
731 1259 845 1318 lucrum
866 1259 1090 1336 exspectatione
1114 1259 1210 1319 maius
1231 1260 1355 1319 aliorum
1379 1262 1416 1320 10
1437 1260 1488 1319 mi·

159 1341 230 1400 lium
251 1359 425 1400 marcarum.
457 1340 539 1411 Quod
562 1359 628 1399 oum
649 1339 774 1410 noverit,
796 1340 865 1399 silet
886 1339 999 1416 sibique
1019 1339 1132 1399 lucrum
1153 1339 1225 1398 illud
1240 1340 1304 1399 vult
1325 1360 1488 1419 occupare;

161 1427 340 1498 quapropter
360 1420 391 1479 in
413 1419 564 1480 consuetis
585 1420 740 1479 itineribus
761 1421 851 1479 etiam
873 1439 943 1479 suas
964 1439 1078 1479 merces
1099 1420 1228 1479 vendere
1249 1420 1357 1480 studet.

161 1527 339 1597 Quaaerrnn
361 1528 390 1584 1⁰
415 1524 570 1585 licueritne
591 1525 742 1585 Fridolino
764 1525 806 1584 ita
828 1545 926 1601 agere.

360 1615 390 1673 2⁰
416 1615 533 1673 cuinam
554 1614 618 1673 iure
639 1615 754 1673 lucrum
775 1615 846 1673 illud
869 1606 965 1673 editici
986 1614 1100 1674 debeat.

360 1706 389 1762 3⁰
415 1723 489 1779 quae
511 1703 552 1763 sit
572 1709 640 1782 post
661 1704 774 1762 factum
795 1702 938 1762 Fridolini
959 1703 1109 1779 obligatio.

758 1875 893 1943 Solutio.

100 2027 152 2082 565
249 2010 303 2076 An
326 2030 518 2086 Quarsrrnu
544 2014 581 2075 1¹²
605 2010 644 2076 R.
678 2009 762 2077 Sunt
783 2010 896 2094 plures
919 2009 1006 2075 modi
1029 2009 1210 2094 possibiles,
1235 2009 1352 2092 quibus
1376 2009 1489 2076 Frido·

161 2100 247 2165 linus
277 2100 392 2182 egerit.
439 2100 508 2166 Aut
537 2098 622 2164 enim
646 2098 751 2164 voluit
779 2097 951 2183 pecuniam
974 2098 1064 2165 illam
1087 2097 1149 2164 sibi
1172 2099 1337 2184 propriam
1362 2099 1489 2176 facere;

161 2195 220 2256 aut
242 2189 414 2273 pecuniam
436 2192 474 2255 ut
495 2187 667 2272 pecuniam
690 2187 795 2272 patrie
814 2188 847 2252 in
862 2187 995 2269 negotio
1018 2193 1157 2273 paterno
1173 2188 1371 2272 impendere,
1396 2192 1490 2274 patre

162 2278 284 2356 invito;
309 2281 376 2355 aut,
401 2282 624 2361 compatrem
648 2298 714 2342 non
736 2279 850 2361 posset
872 2277 1039 2343 commode
1055 2278 1271 2359 interrogare,
1296 2298 1490 2344 consensum

163 2367 289 2433 616616
312 2368 374 2432 hoc
396 2365 588 2450 particulari
611 2386 687 2432 casu
711 2366 939 2451 praesumpsit.

253 2457 288 2523 Si
307 2460 413 2542 primo
435 2456 532 2521 modo
551 2455 630 2537 egit,
655 2460 744 2522 certo
767 2455 916 2538 graviter
938 2455 1098 2538 peccavit,
1123 2455 1187 2521 etsi
1207 2454 1360 2521 babuerit
1376 2456 1491 2521 volun·

163 2548 267 2611 tatem
291 2544 495 2621 restituendi,
520 2544 548 2609 si
571 2548 699 2628 posset;
723 2544 804 2612 fecit
827 2545 913 2609 enim
935 2545 1060 2610 lurtum
1083 2565 1155 2610 cum
1179 2545 1352 2611 voluntate
1374 2549 1490 2629 postea

164 2634 307 2700 fortasse
337 2655 405 2700 rem
429 2633 633 2700 restituendi.
679 2635 837 2700 Attamen
861 2635 942 2700 baec
966 2633 1118 2699 voluntas
1141 2633 1302 2700 rationem
1326 2633 1407 2700 furti
1432 2634 1491 2699 mi·

163 2722 236 2789 nuit
260 2722 399 2805 quidem,
424 2723 481 2787 sed
505 2743 571 2787 non
594 2722 712 2789 aufert.

254 2813 287 2877 Si
312 2815 409 2877 altero
432 2811 527 2877 modo
551 2811 636 2893 egit,
661 2811 762 2878 etiam
786 2811 854 2893 egit
877 2811 1025 2894 graviter
1047 2811 1175 2888 illicite3
1207 2832 1282 2876 nam
1305 2812 1408 2877 talem
1433 2812 1490 2877 ad-

164 2899 437 2966 ministrationem
461 2900 565 2967 inrito
590 2901 718 2966 domino
742 2901 803 2965 sibi
820 2921 976 2983 arrogare
992 2900 1026 2964 in
1041 2906 1136 2967 tanta
1152 2922 1279 2965 summa
1303 2904 1355 2965 666
1378 2901 1490 2983 gravis

165 2990 264 3056 alieni
287 2990 366 3055 iuris
389 2990 501 3056 laesio.

253 3078 287 3144 Si
311 3083 401 3145 tertio
416 3079 512 3144 modo
529 3079 607 3160 egit,
631 3100 697 3143 non
719 3077 878 3162 peccavit,
903 3077 931 3142 si
947 3078 1042 3143 modo
1059 3077 1298 3143 rationabiliter
1314 3082 1348 3143 et
1372 3080 1490 3162 proba·

163 3167 274 3234 biliter
298 3189 489 3234 consensum
513 3166 741 3252 praesumpsit.

103 3298 155 3352 566
253 3281 307 3346 An
330 3302 521 3357 6666616666
545 3285 584 3346 2¹¹¹
607 3282 646 3349 R.
674 3285 702 3346 1.
749 3281 783 3345 Si
812 3281 996 3346 Fridolinus
1023 3284 1128 3367 primo
1158 3281 1252 3346 modo
1284 3282 1368 3362 egit,
1403 3304 1490 3348 com·

165 3370 254 3436 misit
284 3372 412 3452 quidem
443 3371 567 3437 furtum
591 3374 625 3435 66
648 3370 841 3436 restituendi
866 3370 1098 3453 obligationem
1122 3370 1288 3437 contraxit
1317 3392 1377 3454 pro
1402 3393 1489 3449 6666,

166 3460 251 3542 quod
275 3460 361 3526 forte
384 3460 416 3525 in
439 3461 572 3542 negotio
596 3459 659 3525 isto
683 3459 831 3535 falleret;
860 3460 918 3525 sed
941 3460 1067 3524 luorum
1091 3462 1197 3526 totum
1220 3459 1282 3524 sibi
1306 3461 1490 3542 acquisivit,

165 3551 235 3614 sive
259 3555 311 3616 666
332 3550 418 3615 filius
443 3550 547 3614 maior
569 3549 640 3613 sive
663 3548 768 3613 minor
792 3552 912 3614 666666.

254 3656 292 3720 R.
319 3658 348 3720 2.
388 3655 421 3720 Si
446 3656 581 3720 66666616
604 3655 656 3719 vel
682 3658 772 3720 tertio
795 3655 890 3720 modo
915 3654 983 3737 egit
1006 3654 1200 3733 Fridolinus,
1224 3656 1349 3720 luorum
1373 3677 1433 3740 per
1456 3678 1491 3722 66

167 3744 346 3808 debebatur
368 3745 465 3826 patri,
489 3745 566 3825 quia
589 3748 623 3808 et
645 3744 783 3826 pecunia
805 3744 910 3826 patris
933 3748 1016 3821 6666,
1041 3749 1075 3809 66
1098 3744 1295 3810 mercatoria
1310 3746 1491 3827 negotiatio

167 3836 292 3897 666666
319 3836 424 3918 putris
454 3834 630 3913 agebatur:
661 3838 793 3917 praeter
824 3834 887 3898 duo
917 3833 974 3897 illa
1001 3838 1168 3898 momenta
1191 3839 1301 3899 autem
1324 3835 1406 3899 nihil
1430 3840 1489 3910 666,

167 3921 252 4002 quod
276 3921 308 3984 in
333 3921 457 3985 luorum
481 3923 621 3988 influxit.
639 3958 681 3968 —
697 3924 819 3988 Verum
844 3922 871 3985 si
895 3921 979 3985 filius
1002 3922 1130 3987 interea
1153 3944 1270 3987 munus
1293 3944 1387 3988 suum
1405 3925 1490 3989 ordi·

166 4010 293 4074 narium
323 4010 462 4076 fideliter
491 4018 528 4079 ut
555 4012 637 4076 alias
661 4012 808 4077 exercuit
831 4011 974 4092 nihilque
998 4011 1030 4075 in
1055 4033 1092 4076 eo
1117 4012 1280 4093 neglexit,
1311 4013 1369 4077 sed
1394 4018 1490 4078 aucto

166 4121 224 4164 suo
255 4100 366 4163 labore
398 4105 431 4164 et
460 4101 620 4165 industria
650 4100 729 4164 illud
758 4099 1051 4166 extraordinarium
1076 4101 1199 4166 luorum
1224 4101 1319 4178 fecit,
1352 4123 1490 4185 aequum

167 4194 234 4263 est,
265 4188 408 4252 maxime
432 4188 459 4251 61
483 4194 534 4253 666
562 4189 648 4253 111166
678 4194 790 4255 666666
819 4189 939 4266 maior,
970 4193 1006 4254 ut
1036 4191 1162 4272 largam
1193 4192 1489 4258 remunerationem

167 4277 315 4359 accipiat.

105 4392 156 4444 567
256 4374 294 4438 R..
320 4377 349 4439 3.
397 4375 434 4438 16
464 4377 600 4439 serrendo
630 4376 725 4440 modo
757 4376 875 4457 agendi
903 4376 1003 4441 etiam
1027 4376 1235 4442 distinctione
1259 4399 1341 4461 opus
1365 4385 1433 4447 666.
1465 4380 1489 4443 61

168 4469 322 4528 66666666
346 4462 562 4528 determinare
580 4464 738 4541 volumus,
764 4464 839 4546 quid
863 4487 988 4529 summo
1011 4467 1080 4531 iure
1096 4467 1280 4532 Fridolinus
1304 4470 1409 4552 possit
1433 4471 1492 4534 eibi

167 4552 314 4634 accipere
337 4573 395 4617 seu
418 4553 568 4619 retinere.
611 4554 723 4621 Potuit
746 4555 841 4627 enim,
867 4559 903 4619 ut
926 4555 958 4618 in
983 4555 1021 4620 R.
1049 4559 1063 4618 1
1091 4555 1168 4632 dixi,
1193 4560 1300 4622 totum
1324 4558 1488 4638 negotium

168 4662 266 4722 agere
290 4642 418 4706 nomine
441 4643 559 4725 patris:
583 4647 660 4708 tunc
684 4643 790 4717 valet,
816 4642 900 4725 quod
924 4644 967 4707 ibi
991 4643 1113 4708 dictum
1137 4648 1198 4710 est.
1245 4645 1358 4710 Potuit
1382 4651 1491 4711 autem
