3106 5168
163 288 225 354 134
374 286 415 341 De
433 286 582 343 virtutibus
600 291 629 342 et
645 287 744 343 officiis
762 303 828 356 erge
846 285 942 340 Deum.
959 314 995 325 ·-
1011 285 1107 341 Virtus
1124 284 1273 355 religionis.

160 462 246 530 dam.
293 461 370 529 Sine
400 484 500 529 eausa
529 467 640 530 autem
671 483 743 530 eam
776 464 938 547 abrogare
967 461 1237 530 eseetindireete
1261 462 1488 546 aliquomodo

160 555 276 618 eontra
298 550 499 635 religionem.

98 667 150 723 267
165 691 169 698 ·
247 663 302 731 Ao
318 686 509 741 oneremur
526 668 566 730 3¹·
581 667 621 732 R.
634 669 663 732 1.
696 665 913 750 Magistratus
929 667 1085 752 populum
1100 665 1307 750 adstringere
1323 671 1489 749 nequeunt

160 753 194 819 vi
217 754 287 820 voti
310 755 352 820 ad
375 755 496 820 festum
519 756 757 839 peragendum,
782 777 887 839 neque
910 757 1142 824 auctoritatem
1168 757 1291 822 habent
1313 759 1490 838 utrumque

160 843 247 910 fests
276 843 433 926 religiosa
460 843 602 911 iubendi.
649 845 686 910 Id
716 846 821 910 solum
851 849 918 923 eat,
952 846 993 912 ad
1024 845 1111 928 quod
1140 844 1172 910 vi
1203 845 1272 913 voti
1302 850 1489 922 teneantun

161 937 198 999 ut
221 935 338 1016 petant
360 953 381 998 a
404 932 572 1017 superiore
595 932 832 1011 eeclesiastico,
862 933 1002 1001 utillud
1026 934 1148 1001 festum
1170 955 1230 1018 pro
1254 934 1345 1000 urbis
1367 934 1490 1019 populo

160 1021 343 1090 inducatur.
390 1021 481 1099 Quod
513 1022 541 1087 si
573 1022 697 1088 factum
726 1022 842 1102 fuerit,
875 1027 1008 1090 tenetur
1036 1025 1175 1108 populus
1204 1022 1238 1088 vi
1253 1023 1353 1106 legis
1386 1022 1491 1090 eoele-

161 1111 325 1190 eiastioae,
348 1110 446 1194 idque
469 1115 539 1177 tam
563 1111 627 1190 diu,
652 1112 806 1194 quamdiu
828 1112 885 1178 lex
907 1112 973 1177 vim
997 1133 1090 1178 suam
1113 1111 1265 1179 retineat.

250 1207 337 1274 Sane
359 1207 484 1274 motivo
507 1207 674 1292 religionis
697 1213 731 1275 et
761 1208 972 1292 gratitudinis
995 1230 1075 1293 erge
1097 1209 1203 1275 Deum
1228 1211 1313 1276 deret
1334 1210 1491 1295 populum

160 1296 330 1380 instigari,
362 1301 400 1363 ut
430 1298 543 1363 volens
573 1302 686 1366 servet
715 1298 853 1377 festum,
886 1298 986 1366 etiam
1018 1299 1088 1364 sine
1117 1298 1250 1383 propria
1279 1298 1489 1382 obligatione.

161 1384 243 1465 Sed,
274 1384 336 1451 nisi
358 1384 432 1468 lege
455 1385 679 1455 ecclesiastiea
701 1385 883 1464 inducatur,
914 1408 956 1453 ne
978 1387 1041 1472 ipsi
1064 1386 1194 1471 quidem
1216 1387 1433 1471 magistratus
1457 1389 1491 1453 vi

161 1476 232 1541 voti
262 1478 417 1542 tenentur
446 1496 505 1560 pro
535 1496 571 1541 se
600 1476 818 1560 personaliter
847 1476 1023 1560 quotannis
1051 1476 1132 1542 illud
1162 1477 1283 1544 festum
1313 1476 1490 1556 celebrare,

161 1561 321 1647 siquidem
343 1563 508 1647 privatum
533 1565 726 1632 exercitium
748 1587 813 1631 non
837 1570 1009 1634 voverunt.

251 1669 290 1737 R.
315 1672 346 1736 2.
393 1668 427 1735 Si
459 1673 570 1737 autem
602 1670 818 1752 magistratus
847 1693 921 1737 eum
951 1675 1047 1755 parte
1076 1670 1187 1755 populi
1210 1671 1382 1738 vovissent
1410 1671 1492 1738 illud

162 1758 284 1825 festum
298 1778 468 1842 peragere,
492 1759 555 1843 ipsi
571 1764 741 1837 voventes,
765 1761 866 1827 etiam
882 1759 1105 1826 ecelesiastica
1123 1760 1198 1842 lege
1213 1780 1278 1826 nou
1297 1760 1491 1840 exsistente,

161 1850 353 1914 tenerentur
375 1847 408 1911 vi
433 1848 503 1912 voti
526 1848 569 1914 ad
591 1849 723 1928 festum,
748 1848 902 1933 quamdiu
925 1848 1086 1929 vixerint;
1111 1849 1227 1931 reliqui
1250 1870 1325 1916 non.

236 1945 303 2012 *Ita
326 1948 516 2012 constanter
531 1946 701 2030 respondit
725 1947 758 2014 S.
773 1947 840 2016 Rit.
857 1947 890 2013 G.
915 1946 1172 2030 approbantibus
1193 1946 1249 2013 SS.
1267 1946 1492 2015 Pontificibus.

162 2033 476 2202 gallpprldzldlllini
500 2035 551 2101 ed.
571 2038 601 2114 3,
625 2035 719 2103 Rom.
745 2058 775 2102 n.
798 2038 893 2103 1444.
916 2038 1011 2102 1621.
1034 2036 1130 2104 1871.
1154 2036 1248 2102 1963.
1271 2039 1369 2104 2019.
1392 2040 1491 2107 4152.

463 2314 569 2382 VOTI
592 2315 855 2384 RELAXATIO.
881 2355 924 2365 —
947 2315 1184 2384 IRRITATIO.

728 2475 839 2542 dasne.
867 2482 924 2551 (74)

255 2613 394 2686 Alexius,
415 2632 489 2691 puer
509 2613 683 2684 duodennis,
705 2615 861 2674 devotione
882 2615 1032 2685 incensus,
1052 2635 1119 2675 eum
1140 2634 1173 2674 se
1194 2621 1355 2693 praeparat
1375 2617 1414 2677 ad
1435 2619 1493 2695 pri·

161 2713 239 2753 mam
262 2694 504 2766 communionem,
526 2694 610 2754 vovit
630 2714 683 2771 pro
700 2694 796 2771 prima
816 2695 1044 2766 inoboedientia,
1066 2715 1124 2772 qua
1144 2701 1285 2772 parentes
1307 2695 1403 2758 denuo
1425 2717 1492 2758 oon·

161 2774 336 2834 tristatums
357 2774 412 2840 sit,
441 2793 598 2850 numquam
627 2794 660 2833 se
687 2774 814 2851 amplius
835 2775 912 2833 velle
940 2775 972 2833 in
999 2774 1075 2834 lecto
1097 2776 1288 2848 decumbere;
1319 2776 1386 2837 dein
1409 2778 1492 2838 vovit

162 2854 271 2914 cotidie
304 2854 431 2913 recitare
466 2854 610 2913 rosarium
645 2859 676 2914 et
713 2854 805 2915 Sacro
840 2855 1004 2927 interesse,
1039 2855 1255 2931 quintodecimo
1292 2876 1408 2934 quoque
1445 2858 1492 2917 die

163 2935 192 2995 S.
214 2934 452 2994 communionem
475 2954 590 2994 sumere
611 2939 643 2993 et
662 2935 754 2993 semel
773 2935 805 2993 in
825 2935 1009 2995 hebdomada
1029 2934 1170 2995 ieiunare.

251 3025 361 3083 Verum
376 3023 472 3100 quoad
493 3023 617 3100 primum
639 3022 784 3083 mirantur
805 3029 835 3083 et
856 3024 1062 3083 contradicunt
1082 3029 1238 3101 parentes,
1260 3025 1357 3101 quoad
1377 3026 1492 3103 reliqua

162 3105 289 3164 Alexiue
309 3109 430 3182 postero
444 3107 585 3181 tempore,
608 3122 674 3161 aum
691 3108 777 3162 extra
798 3110 952 3181 paternam
967 3104 1083 3163 domum
1105 3105 1150 3164 sui
1171 3104 1244 3164 iuris
1266 3125 1326 3165 non
1347 3105 1395 3176 eit,
1419 3106 1492 3166 diffi-

162 3186 304 3244 cultatem
325 3184 438 3260 patitur
457 3203 494 3243 ea
514 3183 695 3263 praestandi.

163 3298 340 3370 Qonsmrun
363 3303 392 3357 1ο
418 3298 487 3375 quid
508 3299 548 3359 sit
568 3298 631 3357 voti
652 3297 788 3359 irrItatio.

359 3389 390 3446 2⁰
415 3388 532 3464 quinam
554 3387 671 3466 possint
691 3392 762 3446 vota
782 3387 908 3447 irritare.

361 3479 392 3536 3⁰
417 3477 486 3552 quid
509 3479 544 3537 de
565 3476 665 3535 Alexii
687 3476 764 3536 votis
787 3477 844 3536 diei
866 3478 980 3537 debeat.

761 3659 896 3729 Solutio.

101 3815 154 3870 268
253 3802 305 3866 Ao
329 3823 520 3878 quarsmun
546 3805 583 3866 1¹²
606 3802 644 3867 R.
672 3805 700 3868 1.
747 3802 893 3868 irritatio
917 3803 986 3869 voti
1010 3808 1062 3869 est
1091 3808 1239 3885 potestas
1266 3804 1374 3871 aliena
1398 3826 1492 3872 exer·

163 3891 230 3957 cita
253 3891 286 3956 in
311 3898 414 3956 ortum
438 3890 578 3956 vovendi
594 3892 646 3957 vel
671 3891 704 3955 in
723 3891 790 3958 voti
809 3892 968 3973 obiectum,
994 3896 1170 3974 quoactus
1193 3893 1249 3959 ille
1266 3914 1328 3959 sua
1346 3894 1493 3960 efficacia

163 3980 324 4064 privatur.
348 4019 393 4028 -
422 3980 632 4063 Dispensatio
656 4001 735 4045 vero
759 3986 932 4047 exercetur
955 3983 988 4045 in
1013 3983 1153 4064 effectum
1176 3983 1263 4059 voti,
1295 3985 1492 4050 annullando

164 4070 217 4135 vel
240 4069 350 4154 potius
373 4068 503 4133 nomine
526 4070 587 4135 Dei
611 4070 824 4135 condonando
848 4070 918 4134 eius
942 4069 1185 4153 obligationem.

253 4176 292 4242 R.
318 4179 348 4241 2.
395 4175 541 4242 irritatio
566 4175 631 4240 alia
654 4181 705 4241 est
728 4175 862 4255 directa,
887 4176 952 4241 alia
975 4176 1145 4242 indirecta.
1187 4176 1322 4243 Direeta
1344 4184 1406 4256 est,
1432 4200 1493 4261 qua

164 4264 198 4329 in
227 4264 334 4349 ipsum
358 4268 467 4330 aetum
491 4265 643 4330 voventis
672 4264 706 4329 iu
735 4286 771 4329 se
801 4270 985 4349 spectatum
1016 4271 1165 4349 potestas
1189 4270 1372 4344 exercetur,
1403 4268 1493 4350 isque

165 4355 305 4419 iuridice
319 4356 428 4418 nullus
452 4353 613 4429 redditur;
638 4353 806 4431 indirecta,
832 4375 897 4436 qua
920 4359 1068 4438 potestas
1092 4360 1266 4420 exercetur
1288 4356 1322 4420 in
1345 4359 1492 4423 obiectum

166 4443 236 4509 voti
260 4447 294 4509 et
318 4442 541 4508 subtractione
566 4443 684 4509 obiecti
708 4448 822 4507 votum
846 4465 906 4508 sua
930 4444 1078 4509 efficacia
1102 4444 1301 4510 destituitur.

255 4549 293 4615 R.
327 4551 357 4613 3.
416 4548 511 4613 Unde
546 4553 638 4631 patet
674 4551 789 4614 directe
825 4550 955 4632 aliquod
987 4555 1099 4615 votum
1131 4549 1262 4616 irritare
1301 4572 1366 4616 non
1401 4571 1493 4636 posse

168 4636 230 4702 nisi
254 4658 328 4702 eum
351 4637 471 4714 solum,
496 4638 551 4720 qui
574 4638 608 4702 in
631 4659 804 4723 personam
829 4639 980 4704 voventis
1004 4661 1061 4704 seu
1085 4640 1155 4704 eius
1178 4646 1274 4707 actus
1296 4645 1493 4724 potestatem
