3106 5168
154 279 217 341 250
271 274 311 327 De
329 274 478 329 virtutibus
496 278 525 328 et
542 274 641 329 officiis
659 292 725 344 erga
744 275 873 329 homiues.
894 305 926 314 —
947 274 1071 330 Virtutes
1089 276 1210 329 iustitiae
1229 291 1360 329 annexae.

133 453 265 516 'eorum
295 471 349 515 res
380 450 506 534 publice
530 456 645 534 gestae
669 452 787 519 discuti
816 456 851 517 et
880 473 939 535 pro
967 473 1003 517 re
1026 456 1106 518 nata
1128 452 1322 535 reprehendi
1345 452 1479 517 liberius

153 544 300 623 possunt,
344 539 562 605 Nihilominus
586 541 723 607 debetur
745 540 784 606 iis
807 562 866 624 pro
890 562 1024 606 munere
1047 562 1105 606 suo
1124 541 1236 618 honor,
1262 546 1362 623 atque
1384 542 1479 625 plane

155 629 264 694 caveri
281 629 387 706 debet,
412 650 453 694 ne
476 629 628 694 liberiore
646 630 798 713 loquendi
822 636 857 697 et
880 631 1035 714 carpendi
1050 630 1146 695 modo
1163 630 1341 695 communis
1358 631 1479 697 caritas

155 719 207 783 vel
232 717 357 784 iustitia
379 717 541 796 laedatur,
566 719 619 784 vel
649 719 721 803 ipsa
752 719 933 785 auctoritas
957 720 1186 786 labefactetur.
1233 718 1349 786 Potest
1380 720 1477 785 etiam

155 807 287 885 caritas,
312 828 409 889 quam
433 807 568 890 quisque
591 807 653 872 sibi
669 808 776 883 debet,
800 809 956 891 obligare,
981 815 1018 875 ut
1042 809 1083 873 ab
1106 807 1288 873 huiusmodi
1308 808 1479 892 vituperiis

154 898 345 980 plerumque
367 898 465 980 plane
488 896 656 964 inutilibus
679 901 806 963 caveat.

326 1148 576 1216 INSTITUTIO
600 1149 805 1216 VIRORUM
827 1150 876 1216 IN
899 1149 1076 1217 barleus
1100 1151 1305 1218 PUBLICIS.

712 1324 822 1391 Casus.
851 1331 926 1398 (141)

245 1480 418 1552 Narcissus,
441 1481 490 1556 qui
510 1482 598 1540 rebus
618 1481 744 1557 publicis
766 1479 902 1556 gerendis
923 1480 1081 1557 praesidet,
1104 1481 1278 1552 catholicus,
1301 1501 1366 1540 cum
1388 1501 1480 1557 nuper

157 1561 329 1620 emanibus
357 1561 593 1620 adversariorum
620 1563 651 1619 in
679 1581 749 1620 suas
771 1561 946 1635 gubernatio
969 1560 1137 1631 transierit,
1165 1580 1225 1620 non
1247 1561 1336 1621 audet
1364 1562 1478 1621 illorum

157 1660 266 1700 morem
286 1641 411 1712 imitari,
438 1642 598 1700 secundum
620 1661 705 1717 quem
726 1660 827 1700 omues
849 1641 910 1700 fere
931 1641 1125 1717 magistratus
1147 1647 1177 1699 et
1200 1641 1344 1700 officiales
1366 1648 1480 1701 mutare

157 1727 390 1792 consueverunt;
413 1721 465 1780 sed
481 1741 520 1780 ex
533 1721 661 1780 maxima
681 1727 766 1798 parte
787 1721 896 1780 retinet
916 1721 996 1780 viros
1018 1740 1089 1796 erga
1110 1721 1282 1797 religionem
1304 1722 1479 1781 catholicam

156 1801 358 1860 indifferentes
380 1809 411 1860 et
431 1802 569 1872 hostiles,
598 1807 686 1877 atque
714 1821 751 1860 ne
779 1801 907 1878 partium
927 1801 1054 1860 studium
1083 1820 1154 1877 prae
1178 1821 1210 1860 se
1231 1803 1308 1861 ferat
1337 1822 1412 1861 neve
1434 1803 1480 1861 ad·

156 1881 297 1940 versariis
318 1901 421 1941 ansam
437 1882 486 1941 det
506 1886 620 1941 mutata
642 1887 722 1940 sorte
736 1882 818 1940 vices
839 1881 988 1951 reddendi,
1010 1901 1069 1940 uon
1088 1901 1156 1941 raro
1177 1882 1215 1941 ad
1229 1882 1327 1941 officia
1342 1884 1479 1942 vacant-ia

157 1962 340 2021 acatholicos
361 1981 471 2037 eosque
491 1982 551 2021 non
572 1962 646 2021 satis
667 1964 760 2021 bonos
782 1962 883 2021 evehit
902 1962 996 2038 iisque
1017 1981 1089 2038 prae
1111 1962 1177 2020 aliis
1198 1964 1289 2022 favet.

158 2084 334 2154 anusrrua
354 2092 451 2146 utrum
472 2085 631 2145 Narcissus
653 2090 732 2145 recte
754 2091 826 2160 agat
846 2104 885 2144 au
906 2093 1017 2162 peccet.

751 2284 886 2351 Solutio.

95 2459 148 2513 490
247 2446 299 2510 An
323 2464 513 2520 Qunnsrruu
537 2443 576 2510 R.
599 2446 627 2508 1.
675 2442 841 2525 Obligatio
866 2464 1001 2521 eorum,
1023 2444 1076 2525 qui
1105 2445 1202 2510 rebus
1226 2444 1363 2529 publicis
1387 2467 1480 2529 prae·

158 2537 250 2612 suut,
279 2533 437 2617 imprimis
461 2553 500 2598 ea
523 2537 590 2609 est,
622 2536 659 2597 ut
682 2533 869 2597 muneribus
892 2533 1029 2617 publicis
1053 2535 1245 2617 praeficiant
1268 2535 1357 2599 viros
1380 2535 1480 2600 bonos

158 2627 192 2689 et
215 2628 327 2706 apt0s;
359 2622 501 2704 alioquin
525 2642 590 2686 uon
613 2622 718 2686 solum
742 2626 890 2705 peccant,
915 2623 972 2687 sed
997 2623 1096 2689 etiam
1120 2624 1238 2689 damno
1262 2622 1310 2688 rei
1333 2624 1481 2707 publicae

158 2712 346 2793 civibusque
368 2712 462 2777 illato
486 2711 668 2793 reparando
692 2710 822 2775 obnoxii
846 2716 932 2778 sunt.

246 2818 285 2883 R.
306 2821 335 2883 2.
375 2817 500 2882 Eadem
523 2816 680 2898 obligatio
704 2821 755 2882 est
778 2819 1047 2882 removendorum
1064 2818 1209 2883 virorum
1232 2818 1402 2894 malorum,
1429 2820 1479 2901 qui

157 2908 275 2972 damno
299 2907 428 2990 publico
452 2905 527 2983 siut,
560 2910 658 2987 atque
681 2906 955 2971 instituendorum
980 2911 1141 2990 aptorum,
1166 2907 1221 2989 qui
1245 2908 1329 2972 bono
1354 2909 1481 2991 publico

157 3019 193 3062 re
215 2996 288 3079 ipsa
311 2995 528 3079 prospiciant;
561 3016 601 3060 ea
628 2999 740 3060 tamen
764 2996 964 3074 differentia,
990 3002 1026 3061 ut
1050 2997 1090 3061 de
1113 3017 1241 3074 eorum,
1267 2997 1322 3078 qui
1345 2997 1410 3063 iam
1434 2999 1481 3062 in·

157 3086 266 3152 stituti
289 3089 366 3150 sunt
396 3084 436 3149 ab
467 3088 692 3162 antecessore,
723 3085 939 3168 ineptitudine
964 3086 1081 3150 debeat
1112 3107 1170 3150 suo
1198 3087 1292 3150 modo
1317 3092 1479 3158 constare,

158 3180 334 3257 autequam
365 3174 522 3256 obligatio
553 3175 597 3238 sit
627 3195 683 3239 eos
713 3175 918 3252 removendi,
950 3196 1022 3239 cum
1051 3179 1208 3240 econtra
1232 3175 1271 3239 de
1300 3175 1481 3258 aptitudine

157 3286 278 3343 eorum,
303 3263 357 3346 qui
381 3263 573 3329 instituendi
596 3268 682 3341 sunt,
708 3263 826 3329 debeat
850 3263 990 3328 humano
1014 3264 1109 3328 modo
1134 3270 1232 3330 antea
1256 3269 1417 3331 constare.

246 3370 284 3434 R.
311 3373 340 3435 3.
388 3369 534 3433 Partium
565 3368 666 3450 igitur
689 3369 831 3434 studium
862 3390 942 3434 sane
973 3369 1101 3434 excludi
1133 3371 1245 3445 debet3
1277 3374 1425 3436 attamen
1457 3373 1481 3436 si

158 3460 212 3542 qui
236 3463 313 3524 sunt
337 3459 397 3523 viri
421 3458 509 3523 mala
532 3457 680 3523 doctrina
709 3458 840 3536 imbuti,
865 3458 970 3523 videri
1001 3459 1112 3540 utique
1144 3460 1256 3536 debet,
1291 3480 1367 3524 num
1398 3461 1483 3525 forte

157 3549 189 3612 in
215 3569 347 3612 munere
371 3569 429 3612 suo
454 3551 587 3630 propter
610 3547 714 3629 ipsam
738 3568 830 3612 suam
855 3548 975 3612 malam
1000 3548 1181 3612 doctrinam
1204 3549 1351 3613 malosve
1376 3571 1483 3614 mores

158 3637 264 3702 officio
295 3658 353 3701 suo
384 3637 470 3701 male
499 3636 695 3718 fungantur:
727 3636 812 3717 quod
842 3657 907 3700 non
937 3657 1011 3702 raro
1042 3639 1089 3703 fit.
1137 3637 1243 3714 Quare
1273 3641 1342 3701 tum
1372 3644 1482 3721 spreto

157 3726 274 3792 timore
298 3746 467 3791 removere
490 3746 546 3790 eos
570 3725 744 3790 Narcissus
768 3727 896 3791 debebit.
1317 3739 1324 3753 ·

248 3832 285 3896 R.
306 3835 337 3897 4.
376 3832 483 3912 Magis
508 3831 607 3897 etiam
631 3853 738 3896 mores
762 3837 796 3896 et
820 3831 1001 3896 doctrinam
1019 3835 1168 3915 spectare
1185 3832 1281 3898 debet
1297 3832 1482 3907 Narcissus

158 3923 186 3987 si
210 3922 321 4002 agitur
344 3921 383 3984 de
407 3920 455 3996 iis,
481 3921 535 4000 qui
559 3920 698 3985 nuncin
723 3920 865 3985 officium
889 3921 1052 4003 publicum
1074 3921 1305 3993 instituantur:
1343 3942 1418 3985 narn
1443 3943 1483 3985 ex

158 4031 231 4076 sese
257 4013 423 4095 praeerunt
447 4010 545 4073 debet
574 4009 658 4073 hanc
688 4010 809 4074 malam
841 4010 1084 4092 dispositionem
1114 4012 1249 4076 effect-us
1280 4031 1356 4074 snos
1382 4011 1483 4075 malos

158 4100 337 4184 producere
360 4099 393 4162 in
417 4098 559 4162 muneris
584 4099 874 4164 administratione.
912 4099 948 4161 ln
972 4099 1110 4180 singulis
1134 4099 1233 4179 igitur
1257 4099 1386 4163 casibus
1411 4121 1483 4182 pro-

158 4189 233 4254 vide
256 4188 375 4269 inquiri
399 4189 505 4265 debet,
530 4209 606 4251 nuni
630 4188 716 4252 forte
740 4187 961 4270 praesumptio
985 4189 1042 4252 illa
1066 4189 1178 4259 fallat:
1205 4188 1286 4252 alias
1310 4188 1484 4253 Narcissus

158 4279 306 4362 graviter
335 4282 459 4361 peccat.
507 4276 650 4340 Maxime
680 4276 780 4357 igitur
809 4300 846 4341 oo
877 4298 1027 4352 munera,
1060 4299 1194 4358 quorum
1226 4281 1318 4341 recta.
1349 4278 1484 4342 admini-

158 4368 275 4434 stratio
306 4388 326 4432 a
356 4370 447 4431 recta
478 4366 626 4430 doctrina
656 4386 846 4446 morumque
876 4365 1068 4446 integritate
1092 4366 1228 4449 pendet,
1254 4366 1333 4430 viris
1363 4387 1485 4450 pravae

159 4457 326 4522 doctrinae
350 4477 591 4539 pravorumque
608 4475 731 4518 morum
750 4454 837 4518 credi
861 4455 1047 4520 nullatenus
1072 4456 1177 4521 debet.
1196 4495 1239 4501 —
1256 4456 1347 4530 Quod
1364 4459 1483 4529 autem,

159 4567 221 4627 quo
246 4546 352 4628 magis
376 4567 396 4609 a
420 4567 454 4608 se
479 4544 583 4626 ipsam
608 4543 706 4608 etiam
731 4544 872 4626 speciem
889 4544 986 4608 studii
1004 4545 1145 4626 partium
1162 4549 1357 4618 removeret,
1384 4545 1485 4609 malos

158 4635 250 4700 bonis
274 4633 476 4718 praetulerit,
502 4655 520 4698 e
558 4637 729 4716 peccatum
754 4638 787 4699 et
810 4632 952 4699 stultitia
976 4640 1035 4699 est.
