3106 5168
336 303 454 358 Peccata
472 305 567 357 eontra
585 301 806 372 religionum·
830 302 1017 372 sacrilegium,
1036 302 1163 359 Simonis.
1351 308 1413 373 117

85 478 153 555 ille,
177 478 206 544 si
229 480 335 564 ecipat
357 478 440 562 plus,
464 478 593 543 ratione
616 479 711 544 huius
735 498 889 544 excessus
912 479 1083 546 simoniam
1108 479 1301 559 committat,
1326 502 1357 546 v.
1382 502 1414 564 g.

85 568 264 651 parochus,
296 566 350 649 qui
382 588 441 650 pro
471 566 635 649 exsequiis
666 573 822 634 consueto
854 568 927 652 plus
958 569 1081 652 exigat.
1138 571 1193 636 ΙΙι
1217 592 1258 635 ιιι.
1282 531 1314 648 Ι,
1339 572 1414 637 390.

84 657 180 734 Quod
203 678 274 722 cum
299 656 332 721 in
348 655 434 722 Tit't1o
457 677 521 721 non
546 657 603 722 obt
588 656 703 732 tineat,
727 657 785 722 sed
804 662 924 739 agatur
939 656 979 723 de
996 658 1114 737 Missis,
1139 679 1222 740 quae
1240 679 1300 760 pro
1321 658 1415 725 libitu

85 746 254 812 celebrare
277 748 389 829 potest
409 746 461 810 vel
486 745 582 812 omitt
567 751 648 824 tere,
672 746 811 812 simonia
825 768 890 812 non
907 746 1002 814 adest
987 752 1011 814 Ι.
1047 748 1149 813 Immo
1165 747 1221 813 alii
1238 748 1414 814 universim

85 838 212 918 negant
237 856 297 919 per
320 833 517 918 stipendium
540 833 626 900 iusto
650 834 755 900 maius
778 839 932 900 exactum
955 840 1109 903 simonio-c
1131 841 1303 920 peccatum
1327 859 1415 904 com·

85 925 175 992 mitti
192 922 248 1005 (of.
265 923 408 989 Noldin
424 922 465 1001 ΙΙ,
486 944 516 989 n.
535 921 621 1006 198),
639 945 677 989 ao
695 924 780 1006 quod
796 925 913 991 titulus
928 925 1189 1005 sustentationis,
1207 929 1262 1012 qui
1277 935 1414 1010 manent,

85 1015 172 1080 hanc
195 1012 353 1079 malitiam
378 1012 543 1078 excludat.

176 1120 216 1186 R.
240 1123 273 1187 3.
319 1119 357 1185 In
386 1122 477 1185 tertio
506 1139 585 1185 casu
615 1119 711 1186 adest
739 1120 939 1203 permutatio
967 1119 1201 1188 intentionum:
1230 1140 1314 1203 quae
1341 1142 1414 1186 cum

85 1229 129 1274 ex
153 1208 292 1275 diversis
316 1213 350 1275 et
372 1207 466 1274 iustis
490 1208 597 1274 causis
619 1208 689 1274 fieri
713 1209 833 1293 possit,
867 1209 1082 1276 communiter
1105 1231 1169 1275 non
1192 1209 1332 1276 habetur
1354 1230 1414 1293 pro

84 1298 237 1375 simonia,
261 1298 324 1365 etsi
347 1319 407 1381 per
429 1297 581 1364 accidens
603 1298 685 1363 haec
703 1299 902 1381 permutatio
925 1299 969 1364 sit
993 1319 1092 1365 causa
1108 1299 1162 1364 vel
1178 1298 1305 1365 occasio
1320 1298 1413 1368 lucri.

87 1386 524 1453 Palmieri·Ballerini
549 1391 590 1454 tr.
611 1390 661 1465 10,
686 1408 712 1454 s.
732 1391 763 1465 4,
789 1409 820 1456 n.
842 1390 916 1455 258.

176 1493 216 1560 R.
242 1495 274 1561 4.
318 1493 355 1558 In
380 1503 493 1580 quarto
516 1513 595 1559 casu
618 1514 682 1559 non
705 1494 836 1578 proprie
859 1494 1035 1579 exponitur
1057 1494 1159 1560 Missa
1182 1515 1241 1578 pro
1264 1492 1413 1578 pecnnia,

85 1581 145 1647 sed
168 1602 229 1665 pro
253 1581 389 1666 pecunia
413 1604 455 1648 ex
478 1604 544 1648 una
566 1587 661 1667 parte
680 1583 831 1667 exposita
853 1586 892 1650 fit
915 1605 957 1649 ex
981 1585 1088 1650 altera
1103 1586 1198 1667 parte
1214 1581 1413 1649 renuntiatio

85 1670 242 1756 stipendii
264 1671 396 1749 Missae,
420 1673 529 1738 itaut
550 1693 610 1755 pro
634 1671 759 1738 victore
781 1673 955 1756 promittat
903 1674 1145 1740 ttoslebrare
1168 1673 1313 1749 Missam,
1341 1693 1413 1737 cum

87 1760 171 1826 alias
196 1781 267 1826 earn
292 1782 351 1844 pro
368 1783 384 1826 s
386 1760 530 1843 itpendio
546 1761 759 1862 dicturust
715 1766 775 1827 s1t:
799 1762 832 1827 in
856 1782 919 1844 quo
943 1784 1007 1828 non
1032 1766 1083 1829 est
1102 1761 1251 1828 simonia.
1286 1723 1414 1827 llihilo·

86 1849 195 1915 minus
227 1870 297 1915 rem
328 1849 628 1917 sacratissimam
618 1871 769 1933 mgerere
800 1851 834 1916 in
864 1852 959 1917 ludos
991 1855 1027 1918 et
1056 1851 1144 1919 inter
1175 1872 1228 1916 res
1258 1850 1414 1934 profanas

85 1938 274 2005 indecentia
306 1943 374 2016 est,
407 1945 507 2024 atque
538 1929 628 2017 aliis,
661 1939 804 2005 maxime
839 1940 866 2005 si
900 1942 938 2005 fit
923 1944 1081 2006 tcoram
1117 1939 1225 2020 isicia,
1259 1939 1414 2005 scandalo

86 2048 161 2094 esse
184 2032 304 2112 potest.

178 2133 217 2199 R.
242 2137 273 2200 5.
326 2133 363 2198 In
394 2137 502 2219 quinto
532 2155 610 2200 casu
640 2137 718 2200 ante
747 2134 856 2200 omnia
886 2139 944 2200 not
929 2136 1065 2201 tandum
1098 2139 1149 2201 est
1181 2155 1234 2200 res
1263 2133 1476 2200 minimas282

86 2222 278 2288 benedictas
308 2226 384 2306 post
413 2223 523 2288 datam
555 2223 813 2290 benedictionem
847 2244 889 2289 ne
923 2245 983 2308 pro
1013 2222 1120 2308 pretio
1150 2223 1296 2307 quidem,
1327 2223 1414 2306 quod

86 2312 232 2377 solutum
257 2315 318 2390 est,
343 2312 448 2377 denuo
471 2333 568 2396 posse
584 2312 691 2387 vendi,
716 2313 773 2377 sed
797 2313 903 2394 gratis
926 2318 1055 2381 tantum
1079 2312 1204 2381 donari.
1241 2313 1343 2396 quue
1366 2312 1414 2379 ita

86 2400 304 2467 constitutum
328 2405 389 2476 est,
413 2405 459 2479 ut,
484 2400 512 2466 si
535 2403 633 2467 rebus
655 2401 721 2467 illis
736 2401 917 2468 benedictis
933 2402 1156 2485 indulgentiae
1171 2403 1238 2468 sint
1253 2421 1413 2480 annexae,

86 2511 147 2574 per
170 2489 392 2556 venditionem
414 2490 638 2572 indulgentiae
661 2496 806 2575 pereant.
858 2493 913 2557 Tb.
939 2515 979 2558 m.
1003 2492 1028 2571 I,
1053 2494 1128 2558 392.

177 2578 267 2644 Nihil
280 2583 391 2644 tamen
404 2580 524 2657 obstat,
541 2581 723 2663 quominus
739 2588 812 2646 onte
828 2580 1085 2647 benedictionem
1100 2580 1205 2665 pretio
1218 2579 1413 2646 vendantur.

86 2668 180 2745 Quod
206 2672 315 2735 autem
340 2668 445 2734 Titius
469 2668 577 2735 carius
602 2690 642 2736 ea
664 2669 787 2746 vendit,
811 2669 942 2735 videtur
965 2669 1223 2754 negotiationem
1246 2669 1425 2735 continere,

85 2756 215 2823 clericis
238 2756 452 2841 prohibitam:
482 2779 559 2825 nam
589 2758 617 2823 si
647 2761 742 2843 putet
771 2778 807 2823 se
838 2759 938 2824 alium
967 2759 1099 2827 titulum
1129 2756 1415 2842 ampliusaliquid

85 2846 242 2928 exigendi
264 2846 396 2924 habere,
422 2851 495 2913 utat
496 2869 535 2913 ur
480 2848 619 2913 thoe
643 2846 748 2925 titulo,
776 2852 879 2914 nont
864 2847 961 2914 titulo
984 2853 1059 2934 pret
1045 2847 1083 2915 tii
1106 2869 1165 2932 pro
1188 2846 1414 2930 scapularibus

57 2935 246 3002 'solvendi
292 2934 417 3003 Verum
449 2958 507 3021 pro
537 2936 724 3038 receptione
757 2957 814 3001 seu
845 2936 1041 3003 admissione
1071 2936 1113 3002 ad
1145 2936 1316 3019 scapulare
1348 2956 1414 3000 non

86 3028 199 3127 potest
214 3024 285 3090 sine
300 3030 437 3108 peccato
453 3025 610 3091 simoniae
627 3025 801 3108 quidquam
817 3026 995 3109 postulare,
1019 3046 1125 3108 neque
1141 3025 1234 3092 labor
1248 3023 1296 3089 illi
1320 3023 1413 3089 func·

85 3113 169 3181 tioni
192 3113 368 3180 intrinsece
392 3135 539 3180 annexus
569 3115 685 3182 titulus
714 3113 812 3198 pretii
835 3115 1026 3200 temporalis
1056 3136 1128 3181 esse
1152 3137 1193 3199 po
1196 3116 1271 3179 ttes
1248 3113 1414 3178 t·Sum

86 3224 193 3304 mum,
223 3224 282 3287 pro
306 3203 517 3287 expensiset
502 3203 719 3282 tlaboribus,
751 3202 778 3268 si
802 3204 969 3270 subeunda
993 3209 1070 3271 sunt
1055 3204 1135 3271 tad
1158 3201 1414 3270 transmittenda

86 3312 220 3358 nomina
243 3297 278 3359 e
300 3291 429 3372 similia,
453 3293 575 3375 aliquid
598 3298 656 3378 pot
658 3292 721 3360 erit
743 3292 908 3378 accipere:
936 3293 1022 3375 qnod
1046 3315 1125 3359 sane
1148 3292 1316 3358 minimum
1339 3288 1412 3369 erit,

85 3381 114 3446 si
138 3401 306 3465 expensae
328 3382 405 3447 illae
428 3381 666 3449 distribuantur
688 3382 721 3447 in
745 3381 908 3464 singulos,
939 3382 994 3465 qui
1022 3382 1063 3449 ad
1087 3380 1273 3466 recipienda
1296 3400 1414 3464 scapu-

86 3471 171 3537 laria
195 3471 422 3537 admittuntur.
