3106 5168
169 297 233 361 506
662 291 702 346 De
721 293 828 360 legibus
846 293 993 347 Ecclesiae.

169 470 255 554 quod
278 468 434 535 eiusmodi
457 467 606 551 partialis
621 488 727 551 poena
741 466 928 551 infligatur:
952 472 1063 533 tamen
1079 466 1372 533 excommunicatio
1389 473 1484 550 atquo

170 559 270 626 etiam
286 557 441 640 graviora
454 557 631 623 interdicta
647 561 681 622 et
696 557 936 640 suspensiones,
959 556 1102 621 maxime
1116 557 1145 621 si
1161 557 1312 622 totaliter
1328 557 1484 634 feruntur,

170 670 212 713 ex
227 651 348 713 natura
362 667 432 723 sua,
449 650 563 730 utpote
578 666 704 729 poenae
720 646 849 711 omnino
865 666 996 728 graves,
1021 646 1191 728 postulant
1207 650 1346 728 peccata
1361 646 1485 729 gravia,

169 738 210 802 ob
234 757 318 820 quae
340 736 466 819 possint
489 735 626 818 imponi;
651 739 751 817 atque
774 735 925 800 defecto
949 733 1115 818 quaelibet
1143 755 1280 800 censura
1303 736 1395 800 latae
1417 757 1487 800 sen-

169 827 294 893 tentiae
329 825 362 889 iu
398 825 489 890 bulla
528 824 755 907 ,apostolicae
793 823 903 890 Sedis“
948 827 1102 889 contenta
1138 824 1277 889 mortale
1317 829 1486 908 peccatum

169 915 331 999 supponit.

258 1021 297 1086 R.
323 1023 353 1089 2.
400 1017 560 1100 Quidquid
590 1018 691 1100 igitur
720 1021 908 1101 peccantem
940 1017 1076 1100 agravi
1106 1022 1242 1102 peccato
1275 1018 1362 1083 forte
1393 1039 1489 1083 excu-

171 1109 305 1187 saverit,
329 1130 361 1174 V.
385 1129 417 1189 g.
441 1108 528 1173 falsa
552 1108 760 1185 conscientia,
785 1107 933 1173 defectus
949 1108 1065 1191 plenae
1080 1106 1317 1183 advertentiae,
1342 1108 1489 1190 parvitas

169 1199 337 1276 materiae,
361 1197 390 1262 si
413 1197 518 1274 detur,
543 1197 642 1262 etiam
659 1198 700 1262 ab
723 1196 916 1262 incurrenda
932 1217 1069 1262 censura
1092 1201 1230 1261 excusat
1245 1197 1364 1261 saltem
1382 1218 1488 1262 coram

170 1289 240 1353 Deo
264 1291 298 1353 et
321 1307 431 1352 coram
454 1285 662 1353 conscientia.
1442 1292 1445 1296 ’

108 1403 161 1457 999
258 1392 297 1458 R.
323 1395 353 1459 3.
400 1392 452 1456 Ex
482 1391 611 1456 defectu
644 1391 867 1456 contumaciae
896 1390 929 1455 in
959 1411 1056 1455 sensu
1086 1410 1186 1474 supra
1218 1390 1369 1474 exposito
1403 1410 1488 1455 com-

168 1483 310 1547 muniter
325 1486 459 1546 censent
475 1479 624 1544 excusari
640 1495 828 1545 acensura:
849 1479 880 1560 1)
897 1480 950 1561 qui
967 1480 1072 1561 legem
1089 1479 1251 1557 nescierit,
1268 1481 1368 1543 immo
1386 1482 1420 1561 2)
1436 1479 1487 1560 qui

169 1570 363 1636 necsciverit
385 1589 540 1652 poenam:
565 1568 598 1633 id
614 1569 741 1646 saltem,
766 1569 792 1632 si
813 1569 1000 1650 ignorantia
1015 1590 1078 1633 non
1101 1569 1202 1634 fuerit
1225 1589 1337 1633 crassa
1353 1588 1413 1632 seu
1436 1590 1487 1632 su·

169 1660 256 1743 pina,
281 1658 366 1741 quod
383 1657 534 1739 designat
549 1658 697 1739 graviter
712 1657 904 1740 culpabilem
921 1664 955 1723 et
971 1678 1123 1740 magnam
1139 1657 1383 1740 neglegentiam
1400 1678 1486 1722 com·

170 1747 303 1813 missam
327 1767 399 1812 esse
429 1746 462 1811 in
486 1746 677 1830 depellenda
705 1746 908 1827 ignorantia3
940 1767 1052 1810 verum
1083 1747 1112 1810 si
1143 1747 1176 1810 in
1205 1747 1279 1829 lege
1309 1746 1440 1830 poenali
1466 1745 1486 1809 ii

170 1840 298 1903 tantum
330 1835 523 1919 puniuntur,
558 1834 612 1917 qui
635 1839 768 1901 scienter
791 1837 844 1900 vel
875 1859 956 1900 orcae
988 1839 1154 1900 temerario
1186 1834 1308 1916 aliquid
1340 1835 1487 1910 fecerint,

171 1924 269 1990 etiam
300 1947 410 1990 crassa
449 1924 635 2006 ignorantia
665 1946 685 1990 a
713 1945 851 1989 censura
881 1929 1031 2001 excusat,
1073 1925 1172 1988 immo
1201 1923 1417 2007 probabiliter
1453 1947 1487 1989 ee-

171 2014 319 2097 effectctc
342 2013 538 2097 ignorantia,
563 2034 660 2095 quam
685 2013 874 2095 delinquens
905 2013 1050 2078 studiose
1080 2014 1209 2095 quidem
1239 2033 1305 2078 non
1329 2012 1487 2096 deposuit,

171 2104 228 2168 scd
251 2103 323 2168 ideo
348 2124 412 2167 non
435 2101 594 2185 deposuit,
619 2103 705 2184 quod
729 2123 800 2166 cum
824 2102 962 2167 scientia
992 2101 1074 2184 legis
1098 2106 1132 2168 et
1154 2122 1280 2185 poenae
1303 2102 1487 2184 transgredi

171 2192 277 2274 legem
300 2213 399 2258 ausus
423 2212 487 2256 non
511 2196 614 2266 esset3
647 2189 680 2271 3)
705 2191 758 2272 qui
783 2212 825 2255 ex
848 2191 940 2273 gravi
965 2196 1054 2271 metu
1078 2191 1146 2272 egit
1168 2193 1202 2254 111
1224 2190 1265 2255 iis
1288 2191 1435 2267 casibus,
1458 2189 1489 2253 in

171 2281 288 2363 quibus
310 2286 418 2347 metus
441 2280 553 2362 gravis
576 2301 596 2345 a
619 2280 692 2361 lege
715 2289 751 2345 ct
773 2281 915 2345 buinaria
938 2286 1128 2357 excusaret,
1160 2280 1220 2344 etsi
1245 2281 1287 2344 ab
1310 2279 1385 2363 ipsa
1409 2280 1487 2361 lege,

171 2374 285 2453 utpote
309 2369 404 2435 simul
427 2368 569 2435 naturali
593 2370 646 2433 vel
671 2369 790 2448 divina,
817 2390 932 2434 revera
955 2390 1019 2433 non
1042 2369 1259 2435 excusaverit.
1286 2390 1288 2394 ·

110 2501 160 2556 991
259 2493 312 2557 An
342 2512 533 2568 eanrsirma
557 2493 596 2555 3²¹
619 2491 657 2557 R.
686 2494 712 2557 1.
760 2491 811 2555 Ad
832 2495 974 2575 primum
1003 2512 1121 2556 ccccm.
1169 2490 1397 2556 Confessarius
1430 2490 1486 2555 (la-

172 2581 274 2646 simiri
296 2602 365 2646 rem
389 2580 535 2644 severius
559 2579 758 2646 diiudicavit.
790 2580 911 2645 Verum
927 2580 1056 2662 quidem
1080 2585 1132 2646 est
1154 2581 1223 2645 solo
1248 2580 1378 2645 interno
1394 2580 1487 2644 dubio

172 2670 357 2736 voluntario
380 2669 433 2733 vel
464 2669 593 2733 interna
622 2668 697 2733 fidei
727 2670 900 2750 negatione
924 2673 1092 2752 peccatum
1117 2669 1262 2734 haeresis
1285 2689 1398 2734 coram
1422 2669 1487 2732 Deo

172 2758 341 2836 committi,
358 2762 457 2840 atque
473 2779 556 2835 eum,
581 2757 634 2840 qni
651 2757 699 2823 ita
714 2758 909 2840 peccaverit,
926 2758 998 2821 fidei
1015 2758 1160 2823 habitum
1177 2757 1330 2824 amittere
1354 2758 1486 2822 naufra-

171 2848 323 2930 giumque
347 2846 433 2911 circa
455 2847 550 2911 fidem
575 2867 705 2929 passum
730 2867 818 2924 csse,
843 2852 942 2928 atque
965 2848 1091 2911 interne
1115 2847 1273 2911 defecisse
1297 2848 1338 2911 ab
1363 2848 1486 2912 unitate

171 2937 338 3002 Ecclesiae
368 2935 423 3017 (cf.
448 2936 536 3000 bulla
561 2935 777 3018 ,Ineffbbilis“
805 2936 834 3001 d.
860 2937 888 3001 d.
915 2938 933 2999 8
957 2936 1034 3001 Dec.
1062 2937 1178 3017 1854);
1203 2940 1351 3002 attamen
1378 2957 1484 3001 coram

171 3026 319 3091 Ecclesia
342 3025 484 3089 nondum
501 3024 629 3102 defecit,
654 3046 758 3107 neque
774 3046 883 3089 coram
902 3025 1048 3088 Ecclesia
1065 3030 1101 3090 ut
1113 3025 1298 3089 haereticus
1314 3029 1485 3091 tractatur.

171 3114 321 3181 Ceterum
345 3115 385 3178 de
408 3118 542 3197 peccato
567 3113 710 3178 haeresis
735 3114 775 3180 cf.
801 3119 916 3197 postca
940 3136 1049 3178 casum
1074 3117 1148 3179 3116.

259 3204 463 3287 Quapropter
480 3204 581 3267 verba
601 3207 815 3288 „apostoticae
838 3204 950 3269 Sedis“
968 3204 1025 3266 illa
1047 3202 1244 3278 ,haereticos
1261 3223 1385 3279 omnes,
1411 3223 1485 3285 quo-

173 3314 309 3375 cumque
332 3293 461 3357 nomine
485 3296 697 3357 censeantur“
725 3293 885 3356 communi
910 3292 1039 3356 omnino
1062 3292 1335 3375 interpretatione
1358 3293 1484 3357 intelle·

172 3386 294 3464 guntur
317 3383 357 3446 de
381 3381 508 3445 haeresi
531 3390 696 3466 ulceraque
720 3390 893 3462 celerante,
919 3403 982 3444 non
1006 3382 1046 3445 de
1069 3382 1139 3445 sola
1162 3382 1301 3446 interna.
1335 3381 1428 3456 Quod
1451 3402 1486 3444 eo

171 3471 276 3551 magis
299 3471 474 3536 tenendum
505 3474 572 3545 est,
604 3471 688 3551 quod
712 3491 853 3551 eousque
878 3471 933 3534 vix
956 3492 1021 3535 non
1044 3470 1203 3534 unanimis
1233 3469 1334 3534 fuerit
1364 3470 1487 3536 theolo-

171 3581 285 3641 gorum
302 3560 475 3637 sententia,
501 3560 540 3623 ad
557 3558 782 3623 incurrendam
801 3559 1167 3624 excommunicationem
1187 3558 1314 3623 haeresi
1332 3558 1487 3625 inflictam

170 3648 301 3730 requiri,
327 3653 361 3714 ut
385 3670 476 3712 error
505 3648 652 3712 internus
682 3652 817 3712 externe
847 3649 1076 3714 manifestetur
1098 3648 1193 3729 idque
1223 3647 1487 3714 manifestatione

171 3742 263 3803 certa
286 3742 319 3803 et
343 3737 510 3802 moraliter
533 3737 619 3801 mala
643 3736 720 3817 (non
744 3759 774 3802 v.
800 3758 831 3817 g.
857 3737 979 3801 consilii
1005 3738 1134 3819 petendi
1159 3738 1282 3817 causa),
1309 3758 1418 3819 neque
1441 3739 1487 3801 111-

171 3827 274 3893 tentio
312 3827 419 3890 bullae
458 3825 684 3908 ,apostolicae
717 3826 826 3891 Sedisss
870 3827 968 3891 fuerit
1005 3828 1088 3890 hanc
1119 3827 1486 3892 excommunicationem

172 3917 308 3981 ulterius
332 3915 539 3981 extendendi.

110 4031 162 4084 999
260 4023 298 4088 R.
325 4028 353 4085 2.
401 4021 451 4084 Ad
476 4024 646 4085 secundem
672 4044 788 4085 casura.
821 4020 1025 4084 Andronicus
1043 4025 1131 4085 certe
1148 4021 1309 4085 haeresim
1326 4022 1487 4087 internam

171 4115 307 4176 externe
324 4110 556 4185 manifestavit,
575 4110 730 4189 siquidem
744 4111 903 4174 internam
922 4110 1080 4173 baeresim
1094 4110 1300 4174 commiserit.
1328 4111 1364 4174 111
1382 4133 1488 4176 sacen·

172 4201 247 4266 dote
270 4205 380 4264 autem
405 4200 486 4263 sumi
511 4199 607 4264 debet
630 4221 703 4262 euin
739 4198 930 4278 cognovisse
955 4199 1120 4263 Ecclesiae
1145 4199 1366 4263 definitionem
1391 4208 1487 4281 atque

171 4311 292 4371 poenas
306 4288 542 4352 ecclesiasticas
559 4288 590 4350 in
607 4287 767 4351 haeresim
791 4289 886 4354 latas.
912 4288 1031 4363 Quodsi
1049 4288 1211 4368 cognovit,
1230 4292 1265 4352 at
1281 4288 1488 4354 nihilominus

171 4378 369 4443 haereticam
387 4377 568 4459 opinionem
585 4378 751 4459 professus
768 4382 827 4449 est,
853 4398 891 4441 eo
907 4377 977 4459 ipso
994 4378 1099 4442 adfuit
1118 4377 1298 4459 pertinacia
1314 4378 1382 4454 illa,
1408 4399 1488 4460 quae

171 4468 328 4542 sufficiat,
353 4472 389 4530 ut
414 4466 702 4530 excommunicatio
727 4466 926 4535 incurratur,
952 4488 1010 4530 nec
1035 4467 1211 4547 requiritur
1233 4488 1320 4530 nova
1345 4469 1487 4534 monitio.

260 4555 419 4618 Absentia
442 4555 640 4637 pertinaciae
670 4554 782 4618 haberi
814 4561 922 4637 potest
946 4555 978 4617 in
1009 4556 1136 4619 bomine
1161 4557 1267 4636 quoad
1298 4558 1489 4638 religionem

171 4643 243 4707 rudi
267 4649 300 4709 et
323 4645 408 4708 male
432 4644 600 4709 instructo.
640 4643 674 4709 Si
697 4644 852 4708 eiusmodi
868 4646 963 4707 homo
988 4645 1155 4724 ignoraret
1172 4646 1250 4709 illud
1267 4646 1344 4710 fidei
1361 4648 1488 4730 dogma,
