3106 5168
349 304 469 361 Peccata
486 307 581 360 contra
598 303 767 375 religionem.
788 334 820 343 -
844 303 1031 373 Sacrilegiur'n,
1050 304 1178 362 Simonis.
1364 311 1427 376 115

100 478 279 549 Qunamrun
301 481 331 539 1ο
356 479 472 539 incuria
491 478 523 539 in
543 481 632 540 rebus
654 480 748 540 sacris
769 481 849 541 sitne
870 480 1068 557 sacrilegium,
1091 486 1122 540 et
1137 480 1264 558 qualiter
1278 481 1429 543 Gerardus

355 559 387 619 in
407 560 464 620 hac
485 579 518 620 re
538 563 716 638 peccaverit.

300 650 331 708 2⁰
355 668 394 709 au
416 648 566 709 Gerardus
587 650 712 710 simonia
733 649 911 728 peccaverit.

698 804 836 873 Solutio.

190 929 245 994 Aa
268 950 460 1007 ouersrruu
485 934 524 996 1·
546 929 585 996 R.
608 933 636 997 1.
683 931 733 996 Ea
762 930 888 998 incuria
918 933 952 996 et
980 930 1196 997 irreverentia
1226 951 1307 1014 erga
1335 948 1491 1002 sacracii

99 1019 257 1086 utensilia
287 1022 321 1085 et
349 1019 484 1098 similia,
516 1040 600 1102 quae
624 1039 760 1102 gravem
784 1040 865 1103 erga
896 1020 1020 1086 cultum
1044 1019 1187 1085 divinum
1212 1021 1358 1088 continet
1380 1022 1430 1087 in·

100 1108 236 1186 iuriam,
268 1129 348 1174 sane
370 1109 458 1175 inter
480 1109 653 1191 sacrilegia
677 1130 781 1191 eaque
804 1109 956 1176 mortalia
979 1108 1178 1175 recensenda
1201 1112 1268 1186 est;
1299 1110 1328 1175 si
1351 1131 1431 1176 vero

100 1220 141 1265 eo
164 1217 269 1280 usque
291 1218 357 1263 non
379 1197 598 1283 progreditur,
623 1198 838 1264 communiter
861 1198 980 1264 dicitur
1002 1218 1093 1264 mera
1114 1198 1340 1278 irreverentia,
1365 1220 1430 1265 non

101 1287 328 1370 sacrilegium,
359 1288 413 1353 vel
445 1287 473 1352 si
505 1287 678 1370 sacrilegio
711 1288 818 1370 quoad
849 1287 991 1371 speciem
1024 1287 1188 1353 accenseri
1219 1287 1286 1367 vis,
1319 1292 1431 1355 tamen

101 1398 168 1532 lm
200 1375 492 1531 ostl4sacrilegium
526 1397 625 1442 sensu
659 1377 807 1460 perfecto
841 1398 899 1443 sou
932 1376 1083 1443 mortale.
1137 1376 1185 1442 cf.
1219 1377 1431 1461 Laymaun

115 1488 172 1534 .c.
197 1487 230 1533 n.
296 1518 304 1532 .

193 1562 232 1629 R.
258 1566 288 1630 2.
340 1562 379 1628 In
410 1562 616 1646 neglegenda
647 1561 806 1629 munditie
837 1561 996 1629 altaribus
1027 1561 1288 1646 imaginibusque
1320 1563 1432 1630 debita

102 1652 320 1719 communiter
342 1673 407 1718 non
430 1651 646 1718 committitur
668 1652 750 1718 adeo
780 1652 893 1734 gravis
921 1651 1153 1730 irreverentia,
1185 1673 1269 1734 quae
1291 1654 1432 1719 mortale

102 1746 274 1826 peccatum
299 1741 353 1808 sit.
370 1779 414 1788 —
437 1740 474 1806 In
498 1741 650 1824 neglecta
672 1741 833 1808 munditia
849 1739 955 1824 quoad
980 1761 1075 1808 sacra
1091 1741 1245 1807 utensilia
1261 1741 1432 1808 dicendum

103 1831 235 1915 quidem
258 1835 311 1897 est
339 1830 465 1896 censeri
488 1834 658 1914 peccatum
681 1831 836 1909 mortale,
867 1830 896 1895 si
922 1830 1000 1897 illae
1031 1851 1085 1895 res
1117 1851 1231 1896 sacrae
1254 1831 1433 1898 enormiter

103 1922 171 1987 sint
193 1920 380 1986 immundae
403 1959 447 1968 -
470 1919 556 2002 quod
578 1941 655 1985 raro
679 1919 807 1986 accidit.
832 1954 875 1965 —
905 1919 1013 2003 Magis
1036 1919 1136 1985 etiam
1163 1924 1279 2003 patere
1301 1919 1432 1987 videtur

102 2009 354 2076 irreverentiam
383 2030 448 2074 non
477 2009 579 2074 fuisse
603 2009 774 2075 mortalem
797 2009 903 2075 relate
927 2009 968 2074 ad
996 2011 1190 2092 paramenta
1212 2029 1324 2086 eacra;
1356 2031 1430 2075 nam

103 2106 141 2166 ut
171 2099 234 2164 hoc
263 2102 435 2183 peccatum
465 2098 568 2165 statui
597 2098 717 2182 possit,
747 2098 914 2163 immunda
937 2098 990 2162 vel
1019 2098 1129 2164 lacera
1152 2097 1273 2164 debent
1302 2098 1432 2165 omnino

103 2209 178 2255 esse
202 2187 404 2264 notabiliter;
430 2188 515 2270 quod
540 2207 582 2252 ex
606 2208 685 2253 casu
708 2192 862 2255 enarrate
887 2187 1053 2254 Gerardus
1075 2186 1202 2254 studuit
1225 2208 1353 2254 cavere.

195 2293 234 2360 R.
259 2297 290 2361 3.
336 2292 454 2360 Relate
477 2294 519 2360 ad
541 2293 668 2359 hostias
692 2294 946 2371 consecrandas,
970 2293 1076 2376 magis
1100 2295 1200 2359 etiam
1223 2293 1330 2376 quoad
1355 2314 1432 2359 con·

102 2387 253 2450 socratas
276 2403 341 2448 uon
364 2382 476 2449 dubito
501 2382 608 2449 dicere
631 2383 733 2449 tuisse
755 2383 915 2449 incuriam
938 2404 1090 2464 magnam
1115 2404 1158 2448 ex
1190 2403 1225 2448 se
1248 2382 1431 2461 mortalem,

103 2471 258 2555 quoniam
287 2493 324 2538 re
350 2492 431 2538 vera
460 2492 524 2537 non
554 2473 659 2538 solum
688 2476 798 2539 actum
828 2472 873 2538 eit
904 2475 1018 2538 coutm
1046 2473 1138 2555 leges
1169 2472 1344 2550 ecclesiae,
1375 2472 1433 2538 sed

104 2560 206 2627 etiam
236 2561 286 2628 Ss.
311 2561 558 2628 Sacramentum
582 2561 767 2646 expositum
796 2560 897 2628 fuerit
925 2560 1070 2645 periculo
1100 2560 1272 2629 nullitatis.
1309 2562 1433 2627 Verum

103 2651 166 2716 hac
189 2650 223 2716 in
246 2672 283 2716 re
305 2650 411 2734 primo
426 2650 497 2716 loco
516 2651 712 2733 gravissime
729 2649 881 2734 peccavit
897 2650 1074 2734 parochus;
1101 2650 1266 2716 Gerardus
1281 2651 1432 2730 sacrista,

102 2739 137 2805 in
160 2744 321 2823 quantum
343 2738 430 2805 illius
452 2740 564 2822 gravis
581 2739 816 2807 irreverentiae
836 2739 984 2805 conscius
1007 2739 1067 2805 eibi
1091 2739 1201 2818 fuerit,
1227 2745 1432 2823 cooperatur.

194 2852 248 2918 Au
266 2873 458 2930 ouresrruu
481 2856 520 2918 2m
543 2853 583 2919 R.
606 2857 633 2921 1.
672 2853 817 2920 Simonia
835 2852 954 2919 dicitur
972 2853 1119 2919 studiosa
1135 2855 1289 2920 voluntas
1306 2855 1494 2921 emendi228

102 2947 164 3010 aut
196 2942 357 3008 vendendi
389 2941 513 3024 aliquid
544 2942 714 3026 spirituale
750 2948 808 3010 aut
841 2936 1004 3027 spirituali
1037 2963 1201 3010 annexum
1235 2964 1295 3028 pro
1327 2943 1433 3028 pretio

102 3031 288 3116 temporali.
335 3031 481 3098 Pretium
509 3030 590 3097 illud
612 3034 795 3116 temporale
824 3035 935 3115 potest
964 3052 1053 3098 esse:
1090 3032 1122 3114 1)
1146 3053 1263 3098 munus
1291 3053 1433 3099 amanu

102 3121 257 3206 (pecunia
279 3120 333 3186 vel
355 3141 409 3186 res
432 3121 668 3204 aequivalens),
697 3124 731 3205 2)
754 3142 871 3187 munus
895 3143 915 3188 a
938 3120 1050 3203 lingua
1074 3119 1337 3201 (commendatio,
1362 3122 1435 3188 lau·

103 3208 219 3291 datio),
245 3209 280 3291 3)
304 3230 421 3279 munus
444 3211 486 3276 ab
510 3211 664 3293 obsequio
688 3209 881 3291 (famulatus
904 3210 958 3275 vel
981 3209 1113 3276 humilis
1135 3210 1318 3292 subiectio).

195 3299 260 3364 Res
283 3298 474 3382 spiritualis,
498 3321 595 3382 quam
619 3299 667 3366 ita
690 3300 754 3365 emi
777 3299 945 3365 volvendi
968 3299 1144 3376 nonlicet,
1167 3299 1372 3383 intellegitur
1394 3320 1435 3367 ea

102 3409 157 3454 res
179 3388 370 3472 spiritualis,
395 3409 479 3471 quae
509 3411 582 3455 cum
611 3388 856 3473 supernaturali
880 3388 992 3454 ordine
1020 3388 1212 3467 conectitur,
1244 3392 1296 3454 est
1322 3392 1435 3456 autem

102 3478 157 3544 vel
180 3499 235 3543 res
258 3477 438 3562 spiritualis
467 3481 503 3544 in
530 3501 563 3544 se
593 3476 638 3559 (v.
663 3500 694 3561 g.
719 3481 944 3555 sacramenta,
975 3477 1156 3562 spiritualis
1183 3481 1332 3562 potestas
1356 3480 1434 3561 etc.)

102 3567 157 3632 vel
190 3567 284 3633 labor
315 3566 536 3634 essentialiter
568 3589 640 3633 cum
671 3567 839 3634 functione
868 3565 1031 3651 spirituali
1062 3588 1219 3646 conexus,
1251 3570 1306 3634 vel
1335 3568 1435 3634 beue·

101 3655 214 3722 ficium
249 3656 507 3723 ecclesiasticum
542 3656 704 3741 spirituali
740 3655 848 3722 officio
883 3676 1058 3722 annexum.
1112 3656 1159 3722 uf.
1195 3657 1337 3736 Leinz,
1372 3659 1435 3724 Die

102 3748 247 3812 Simonie
269 3767 301 3830 p.
321 3748 374 3815 40.

194 3843 234 3910 R.
255 3846 285 3910 2.
324 3842 423 3909 Aliud
447 3847 498 3910 est
516 3863 632 3927 gerere
648 3847 791 3909 mentem
809 3842 1030 3922 simoniacam,
1056 3842 1144 3908 aliud
1160 3841 1330 3909 simoniam
1347 3865 1436 3909 com·

102 3933 253 4001 mittere:
278 3933 365 4015 quod
387 3932 533 4015 requirit,
558 3936 595 3999 ut
618 3953 709 3998 mens
732 3932 910 3999 simoniaca
929 3932 1038 4015 aliquo
1058 3931 1153 3998 modo
1173 3931 1375 3999 exsecutioni
1391 3933 1436 4000 sit

102 4023 200 4091 data:
224 4021 435 4105 (quamquam
458 4023 529 4088 sola
552 4043 644 4088 mens
667 4022 846 4089 simoniaca
869 4021 1029 4089 malitiam
1046 4042 1157 4088 coram
1176 4023 1245 4088 Deo
1265 4021 1434 4105 continet).

193 4127 235 4196 R.
258 4129 289 4196 3.
337 4126 481 4194 Simonia
504 4150 588 4211 quae
611 4132 761 4194 rorum-itti
783 4131 910 4212 potest,
935 4132 987 4194 est
1010 4128 1062 4192 vel
1087 4125 1257 4206 mentalis,
1282 4128 1335 4193 vel
1358 4145 1497 4200 con-229

102 4217 318 4296 ventionalis,
349 4217 401 4283 vel
434 4218 543 4287 realis.
591 4219 759 4301 Mendetis,
793 4217 820 4283 si
852 4216 1051 4302 permutatio
1084 4217 1131 4282 rei
1164 4216 1343 4301 spiritualis
1375 4236 1435 4299 pro

101 4306 210 4392 pretio
236 4306 409 4391 temporali
432 4307 524 4374 iacta
554 4311 621 4386 eet,
655 4307 702 4374 ite
725 4312 837 4373 tamen
861 4310 898 4373 ut
920 4306 1002 4373 haec
1029 4310 1273 4392 permutationis
1295 4303 1434 4371 intentio

101 4395 317 4463 manifestata
339 4396 528 4462 nullatenus
551 4396 611 4474 sit;
645 4398 890 4463 conventionalia
897 4448 906 4480 ,
938 4397 966 4461 si
989 4395 1076 4462 inter
1100 4396 1213 4461 ambos
1237 4396 1435 4461 conventum

102 4485 234 4569 quidem
265 4489 333 4564 est,
365 4489 402 4552 ut
431 4486 630 4569 permutatio
660 4486 709 4551 rei
738 4485 918 4570 spiritualis
948 4506 1008 4569 pro
1038 4485 1144 4568 pretio
1168 4482 1342 4568 temporali
1365 4484 1433 4560 fiat,

102 4573 272 4641 exsecutio
302 4578 414 4641 autem
443 4575 586 4641 nondum
616 4580 667 4642 est
696 4574 803 4652 facta3
838 4576 952 4658 realis,
985 4573 1012 4639 si
1043 4575 1153 4658 pactio
1184 4571 1362 4639 simoniaca
1392 4593 1435 4639 ex

101 4669 244 4748 utraque
266 4669 362 4748 parte
385 4665 505 4732 saltem
528 4664 636 4749 coepit
659 4664 803 4749 impleri;
828 4663 856 4729 si
880 4684 922 4729 ex
946 4663 1117 4739 alterutra,
1143 4666 1253 4728 evicta.

1181 4765 1221 4823 8*
