3106 5168
160 275 226 340 314
297 269 338 325 De
356 270 504 326 virtutibus
523 275 551 326 et
569 269 667 326 officiis
685 289 750 340 arga
768 270 899 326 homines.
920 299 953 310 -
972 269 1025 325 Off.
1043 271 1117 327 circa
1135 271 1205 326 bona
1222 275 1345 327 externa.

160 447 238 531 quin
262 448 362 515 etiam
385 447 418 513 in
441 448 752 532 praescriptionibus
774 447 915 514 triennio
937 446 1115 513 maioribus
1144 469 1208 514 non
1231 446 1307 513 ilico
1330 447 1410 515 licet
1440 447 1489 513 in·

160 538 257 614 ferre,
281 536 461 603 debitorem
484 557 557 603 csse
580 539 613 603 in
636 537 836 603 conscientia
858 536 1009 613 liberum,
1034 536 1091 602 sed
1115 541 1267 603 constare
1291 537 1406 616 debet,
1431 539 1489 604 ab·

161 627 263 693 fuisse
285 630 411 692 certam
434 625 504 692 eius
527 625 697 693 scientiam
721 626 821 692 debiti
845 626 1005 691 contracti
1027 627 1081 691 vel
1104 626 1247 692 nondum
1270 626 1381 694 soluti.

100 755 152 811 621
250 740 304 806 An
327 760 518 816 eucnemon
535 743 574 804 2¹
596 741 634 807 R.
655 743 683 809 l.
714 739 753 806 In
776 739 924 806 omnibus
946 740 1011 805 illis
1036 740 1163 819 debitis,
1187 740 1221 806 in
1244 740 1361 823 quibus
1385 741 1490 807 credi·

162 832 251 896 tores
269 829 344 895 binc
361 828 436 894 inde
453 835 657 907 monuerant,
682 829 809 895 clarum·
821 832 882 907 est,
906 828 1092 913 luniperum
1115 830 1408 914 praescriptionem
1425 852 1489 895 non

161 938 258 1004 posse
280 919 507 1003 praetendere,
532 940 595 1002 quo
619 939 704 984 nunc
727 923 827 1001 neget
849 917 1054 986 solutionem.

251 1025 290 1092 s.
316 1027 346 1090 2.
392 1024 509 1107 Neque
539 1024 670 1091 videtur
698 1023 731 1090 in
755 1024 1010 1107 quibuscumque
1039 1024 1112 1091 aliis
1145 1024 1263 1091 debitis
1291 1024 1362 1090 iure
1392 1046 1490 1110 posse

161 1113 357 1180 solutionem
386 1134 518 1195 negare.
570 1113 790 1181 Nihilominus
820 1113 848 1179 si
877 1119 1066 1196 quaesunt
1095 1115 1276 1196 antiquitus
1307 1118 1490 1187 contracta,

162 1224 298 1286 quorum
319 1203 477 1268 memoria
493 1202 546 1268 diu
569 1202 694 1280 aberat,
718 1224 776 1268 seu
793 1223 876 1285 quae
897 1202 1033 1269 iamdiu
1056 1202 1269 1287 probabiliter
1287 1203 1490 1288 putabantur

163 1291 345 1369 exstincta,
375 1299 451 1376 post
474 1291 612 1374 triginta
634 1291 751 1359 saltem
775 1312 878 1357 annos
901 1291 1030 1376 elapsos
1052 1314 1089 1357 re
1112 1313 1193 1358 vcra
1216 1293 1329 1358 haberi
1351 1298 1491 1377 possunt

163 1402 223 1466 pro
254 1381 427 1447 exstinctis
456 1381 555 1447 stiam
585 1381 619 1446 in
649 1381 864 1456 conscientia;
894 1380 994 1446 immo
1023 1381 1124 1448 etiam
1147 1381 1212 1448 iam
1236 1385 1350 1460 antea,
1383 1381 1490 1447 silex

163 1468 307 1552 regionis
330 1470 385 1536 vel
414 1470 614 1536 consuetudo
644 1469 727 1536 satis
757 1471 846 1536 clare
875 1491 940 1536 non
967 1470 1175 1552 negationem
1197 1475 1328 1538 tantum
1351 1471 1490 1537 actionis

164 1558 335 1636 iudicialis
360 1560 417 1624 sed
440 1559 546 1643 ipsam
569 1559 670 1626 debiti
694 1559 910 1626 cessationem
932 1559 1106 1643 intellegit.

613 1776 925 1844 PRAESCRIPTIO
953 1776 1039 1860 (111).

721 1925 831 1991 Casus.
859 1932 936 2002 (186)

256 2062 431 2123 Cunibartns
448 2067 485 2123 ab
500 2064 642 2124 Aneelmo
663 2084 805 2124 summam
825 2065 977 2142 pecuniae,
1000 2064 1196 2142 chirographo
1212 2066 1290 2137 dato,
1312 2084 1365 2142 pro
1388 2073 1488 2126 mutuo

167 2143 283 2219 accepit
303 2143 420 2219 aliaque
441 2143 540 2203 debita
561 2145 718 2205 contraxit.
752 2145 810 2204 Pro
831 2145 978 2221 aliquibus
997 2147 1083 2204 tenus
1105 2164 1233 2205 annuum
1255 2145 1413 2220 diligenter
1435 2147 1489 2205 sol·

166 2223 226 2295 vit,
254 2243 307 2300 pro
329 2224 396 2282 aliis
417 2243 476 2283 non
497 2224 588 2284 solvit
609 2225 747 2285 differens
771 2225 801 2284 in
823 2226 903 2284 aliud
923 2231 1040 2301 tempus
1061 2226 1192 2284 melioris
1213 2226 1366 2296 fortunae,
1396 2245 1490 2302 neque

167 2324 185 2362 a
213 2304 374 2375 creditore,
403 2309 505 2380 utpote
532 2305 596 2363 viro
625 2304 731 2376 divite,
760 2306 889 2365 monitus
917 2311 971 2365 cst.
1013 2305 1077 2364 Lex
1105 2305 1234 2381 regionis
1262 2311 1324 2378 est,
1352 2311 1387 2364 ut
1414 2306 1489 2365 eius·

166 2383 244 2442 modi
274 2383 472 2461 chirographa
499 2385 661 2444 debitorum
688 2386 789 2445 valore
819 2384 1018 2444 destituantur
1046 2385 1142 2462 spatio
1171 2388 1209 2445 20
1238 2405 1400 2456 annornm,
1432 2387 1489 2446 nisi

167 2471 356 2524 renoventur.

256 2543 433 2604 Ounibertus
448 2544 527 2603 circe
542 2543 613 2604 illud
628 2550 745 2622 tempus
755 2545 927 2605 Auselmum
942 2564 1002 2604 non
1014 2550 1124 2616 monet,
1140 2550 1249 2621 putans
1263 2564 1322 2604 non
1337 2564 1405 2606 osea
1420 2566 1489 2606 suas

167 2629 269 2699 partes
288 2622 480 2698 invigilandi,
508 2623 567 2685 sibi
586 2624 713 2684 feliciter
734 2644 901 2696 cessurum,
929 2625 956 2684 ei
977 2625 1033 2684 hac
1054 2625 1169 2684 ratione
1189 2625 1331 2686 liberatur
1351 2645 1370 2684 a
1392 2626 1490 2686 debito

167 2723 234 2774 sno;
251 2704 419 2779 ceteroquin
433 2724 466 2763 se
480 2710 615 2780 paratum
630 2724 697 2764 esse
711 2705 748 2764 ad
763 2705 982 2780 agnoscendum
997 2711 1027 2763 et
1040 2705 1242 2766 renovandum
1252 2705 1489 2782 chirographum,

166 2801 253 2858 qnam
281 2783 404 2859 primum
431 2785 511 2843 intra
538 2790 654 2862 tempus
681 2785 777 2859 legale
798 2785 958 2844 Anselmus
981 2785 1010 2844 id
1032 2785 1237 2861 postulaverit.
1278 2785 1321 2844 Re
1342 2785 1409 2863 ipsa
1432 2789 1489 2845 An-

166 2863 276 2923 selmus
297 2864 407 2922 omittit
433 2864 668 2936 renovationem,
697 2873 727 2924 et
755 2871 822 2942 post
849 2870 911 2924 tres
933 2885 1050 2924 menses
1072 2865 1187 2924 demum
1212 2867 1305 2925 instat
1332 2885 1386 2943 pro
1409 2885 1490 2926 reno·

165 2944 263 3003 vando
284 2943 489 3020 chirographo.

166 3047 343 3118 Qunssrrus
370 3068 439 3107 num
459 3048 635 3108 Cunibertus
663 3049 759 3127 possit
789 3055 853 3108 luta
878 3049 1062 3108 couscientia
1090 3056 1120 3107 et
1148 3049 1324 3109 solutionem
1346 3056 1376 3110 et
1399 3051 1489 3111 chiro·

367 3128 474 3205 graphi
494 3130 716 3188 renovationem
738 3149 857 3205 negare.

761 3311 896 3378 Solutio.

105 3464 157 3517 622
253 3456 305 3521 An
329 3476 520 3530 ousnsrrun
544 3454 581 3520 R.
607 3457 634 3520 1.
681 3453 871 3520 Auctoritas
894 3454 1024 3537 publica
1047 3476 1111 3519 uon
1135 3459 1245 3537 potest
1267 3455 1338 3520 sinc
1361 3457 1491 3537 gravis·

165 3544 247 3609 sima
279 3544 406 3609 ratione
439 3544 479 3608 de
510 3543 604 3608 bonis
638 3543 776 3627 privatis
809 3543 980 3627 disponere
1012 3543 1218 3624 dominisque
1250 3549 1391 3611 mutare.
1448 3546 1491 3613 Et

164 3654 361 3716 quamquam
392 3632 433 3697 ad
463 3636 586 3698 certam
616 3632 905 3716 praescriptionem
931 3632 1000 3697 sive
1024 3632 1254 3714 acquisitivam
1277 3633 1348 3698 sive
1371 3634 1491 3700 libera-

164 3722 268 3788 tivam
298 3722 506 3788 statuendam
529 3722 643 3803 gravis
673 3723 757 3787 ratio
787 3721 936 3805 publicae
959 3720 1077 3803 quietis
1106 3721 1251 3804 impulit,
1282 3722 1492 3789 nihilominus

165 3811 315 3876 Ecclesia
345 3811 379 3875 in
410 3811 481 3876 foro
515 3811 732 3877 conscientiae
765 3832 837 3876 earn
870 3810 1077 3893 reprobavit,
1111 3811 1269 3894 deficiente
1302 3814 1384 3876 bono
1418 3815 1490 3896 tide.

166 3901 251 3966 Tota
274 3901 375 3982 igitur
398 3899 546 3982 quaestio
569 3900 602 3964 in
627 3905 739 3966 nostro
763 3920 842 3964 casu
865 3904 932 3976 est,
964 3904 1072 3965 utrum
1097 3899 1138 3963 ad
1161 3900 1279 3964 bonam
1302 3901 1399 3966 fidem
1424 3903 1491 3967 suf·

165 3991 255 4055 ficiat
284 3990 369 4055 bona
392 3989 472 4054 fides
501 3989 657 4070 negativa
687 3989 707 4055 i.
732 4011 760 4055 e.
785 3988 933 4053 absentia
960 3988 1121 4072 positivae
1144 3989 1285 4067 fraudis,
1317 4011 1360 4054 an
1383 3992 1490 4073 requi·

166 4083 259 4145 ratur
288 4079 374 4143 bona
403 4078 483 4143 fides
514 4078 656 4161 positiva
686 4100 743 4143 seu
773 4077 954 4142 subiectiva
984 4078 1152 4160 persuasio
1183 4079 1269 4143 aeris
1299 4079 1397 4143 alieni
1429 4102 1492 4145 non

166 4168 367 4235 exsistentia.
419 4167 510 4244 Quod
540 4167 702 4249 posterius
733 4166 947 4231 communiter
977 4188 997 4231 a
1025 4167 1188 4248 theologis
1217 4171 1360 4233 tenetur.
1413 4170 1492 4234 Inde

166 4261 213 4335 fit,
239 4263 275 4324 ut
291 4257 483 4322 Ounibertus
508 4257 606 4321 etiam
631 4261 706 4338 post
729 4257 857 4337 elapsos
882 4276 984 4320 annos
1002 4258 1043 4320 20
1063 4256 1257 4322 solutionem
1281 4278 1404 4338 negare
1429 4280 1492 4324 non

166 4348 279 4429 possit.
332 4347 387 4411 Tu.
414 4369 453 4410 nr.
478 4346 502 4421 l,
529 4347 603 4413 923.

254 4454 293 4519 R.
319 4456 348 4518 2.
384 4452 468 4517 Puto
492 4451 710 4528 nihilominus,
735 4451 884 4515 sufficere
908 4473 1004 4533 posse
1027 4453 1146 4516 bonam
1169 4450 1266 4516 fidem
1290 4453 1492 4533 negativam,

166 4541 193 4605 si
210 4542 338 4623 quando
355 4539 554 4605 consuetudo
577 4541 625 4605 ita
641 4541 746 4621 legem
771 4540 913 4621 regionis
936 4541 1154 4624 interpretata
1177 4541 1221 4606 sit
1243 4541 1276 4604 in
1296 4541 1336 4605 iis
1353 4543 1493 4619 casibus,

166 4629 199 4693 in
229 4631 343 4712 quibus
373 4649 473 4694 usura
502 4629 583 4694 satis
614 4631 723 4712 ampla
753 4630 928 4712 quotannis
961 4631 1119 4696 solvetur.
1172 4630 1259 4694 Nam
1289 4630 1353 4696 bac
1384 4653 1494 4697 annua
