3106 5168
171 283 236 347 322
309 278 349 333 De
367 279 516 334 virtutibus
533 281 562 334 et
579 279 677 334 officiis
696 295 763 348 erga
779 278 910 335 homines.
929 311 963 319 -
983 279 1036 334 Off.
1054 280 1127 335 circa
1144 280 1215 335 bona
1231 281 1356 335 externa.

260 456 299 523 R.
317 458 347 522 2.
379 456 416 521 ln
440 458 577 522 secondo
600 476 678 522 casu
701 476 766 521 non
790 457 904 522 eadem
926 455 1056 538 quidem
1079 456 1260 522 necessitas
1283 455 1402 523 adfuit.
1435 456 1497 522 Sed

171 544 200 611 si
223 544 430 611 Andronicus
459 566 523 610 non
553 545 683 622 babuit,
714 544 800 610 unde
826 545 860 610 in
888 543 996 611 hieme
1018 549 1150 611 teneros
1173 545 1257 611 lilios
1281 545 1498 612 calefaceret:

171 634 291 701 saltem
320 635 354 700 bi
383 638 480 700 erant
505 634 539 699 in
561 634 761 700 necessitate
784 634 1061 717 quasi-extrema,
1091 655 1164 700 cum
1193 634 1375 718 periculum
1399 638 1498 712 esset,

170 744 213 789 ne
242 728 377 808 propter
403 723 508 806 frigus
530 723 739 790 tabescerent
761 744 928 806 graveque
951 722 1150 790 valetudinis
1173 722 1326 789 damnum
1350 724 1498 790 incurre-

171 816 254 879 rent.
300 813 384 878 Fere
406 812 491 878 idem
514 812 616 895 igitur
638 813 746 891 valet,
771 812 857 894 quod
879 813 914 876 in
936 812 1044 897 priore
1067 833 1162 889 casu,
1188 813 1361 879 dummodo
1385 816 1497 879 tamen

169 901 376 967 Andronicus
406 922 446 967 ea
474 906 602 968 tantum
633 901 724 986 ligna
752 901 943 986 sumpserit,
976 921 1060 984 quae
1089 901 1297 969 sufficiebant
1320 902 1362 968 ad
1386 903 1497 984 ignem

169 989 363 1069 faciendum,
388 1011 452 1055 non
476 1011 517 1056 ea
540 1011 624 1072 quae
647 991 689 1057 ad
713 990 795 1057 alios
818 1012 896 1057 usus
919 995 998 1075 apta
1021 989 1154 1056 maioris
1178 990 1300 1057 valoris
1323 997 1430 1059 erant.

108 1106 161 1162 666
259 1096 297 1162 R.
323 1099 353 1162 3.
399 1097 436 1161 ln
466 1099 558 1162 tertio
589 1117 683 1174 casu,
714 1096 741 1161 si
772 1095 908 1163 Plautus
938 1096 972 1161 in
1002 1095 1145 1180 periculo
1176 1102 1249 1163 erat
1277 1096 1443 1163 incidendi
1465 1096 1497 1161 in

169 1185 303 1267 longam
321 1185 550 1270 captivitatem
566 1205 624 1250 seu
639 1205 805 1251 carcerem
828 1186 1025 1263 diuturnum,
1049 1186 1131 1251 haec
1153 1184 1333 1252 necessitas
1356 1186 1500 1252 habetur

169 1294 229 1359 pro
254 1278 500 1361 quasi-extremo
524 1274 666 1356 (Lugo,
697 1276 748 1340 De
770 1278 842 1341 iusi.
868 1282 896 1340 et
918 1278 989 1341 iure
1012 1273 1093 1358 disp.
1121 1277 1171 1353 16,
1196 1296 1227 1343 n.
1254 1276 1342 1356 154).
1389 1274 1498 1352 Quare

169 1364 278 1448 potuit
300 1383 428 1428 sumere
451 1383 586 1444 equum,
611 1384 707 1446 quem
730 1363 871 1448 primum
892 1363 1019 1429 invenit
1041 1367 1155 1448 aptum
1178 1363 1220 1430 ad
1244 1363 1376 1446 fugam,
1400 1364 1498 1447 idque

169 1451 204 1518 in
233 1452 382 1518 omnibus
406 1451 550 1527 casibus,
581 1451 754 1534 inquibus
784 1453 813 1518 ei
840 1451 956 1534 fugere
979 1453 1094 1530 liceat,
1126 1453 1196 1517 sive
1218 1451 1374 1519 innocens
1396 1453 1498 1519 fuerit

170 1541 241 1607 sive
264 1561 350 1607 reus.
397 1540 431 1606 Si
454 1543 565 1606 autem
588 1562 631 1606 ex
654 1541 733 1624 fuga
762 1545 898 1625 propter
920 1541 1131 1609 securitatem
1154 1541 1370 1607 acceleranda
1394 1562 1498 1624 equus

170 1630 295 1696 viribus
318 1629 499 1695 exhaustus
522 1631 660 1708 corruit,
692 1631 847 1708 Plautus,
871 1629 900 1695 si
922 1630 1023 1696 babet
1045 1631 1132 1696 bona
1153 1629 1323 1707 fortunae,
1354 1631 1496 1714 pretium

171 1719 300 1786 domino
323 1718 460 1784 reddere
476 1718 589 1795 debet;
613 1719 641 1784 si
664 1718 743 1784 nihil
767 1720 875 1796 babet,
900 1719 1118 1786 excusabitur.
1166 1719 1248 1786 Item
1272 1720 1496 1797 excusabitur,

171 1808 200 1874 si
223 1828 326 1891 equus
349 1828 413 1874 non
435 1812 571 1892 propter
593 1808 725 1873 nimiam
749 1808 1019 1891 defatigationem
1044 1814 1078 1875 et
1101 1809 1220 1874 malam
1250 1809 1496 1886 tractationem,

171 1897 230 1962 sed
254 1919 331 1962 casu
354 1896 532 1972 interierit;
557 1901 626 1962 tum
651 1897 735 1962 enim
760 1897 846 1981 perit
869 1898 1008 1964 domino.

528 2115 834 2182 COMPENSATIO
862 2115 1058 2183 OCOULTA
1083 2117 1136 2198 (l).

726 2272 837 2338 Casus.
865 2280 941 2348 (192)

259 2413 403 2472 Lentulus
427 2411 587 2471 debitorem
615 2412 705 2471 babet
725 2411 913 2483 Medardum,
941 2411 990 2488 qui
1017 2411 1075 2488 ipsi
1103 2411 1190 2471 debet
1218 2415 1275 2472 300
1297 2432 1416 2472 marcas
1443 2434 1495 2490 pro

170 2492 264 2552 variis
284 2495 373 2551 rebus
394 2493 509 2568 emptis.
551 2491 622 2551 Cum
642 2491 754 2568 pluries
775 2491 903 2551 monitus
924 2511 983 2551 non
1005 2491 1161 2563 solvisset,
1184 2513 1201 2551 a
1222 2492 1349 2552 Lentulo
1370 2513 1425 2570 per
1445 2495 1494 2552 ali·

171 2577 242 2648 quot
263 2592 357 2631 annos
378 2571 551 2642 dimittitur,
580 2572 646 2631 dum
669 2572 783 2631 demum
805 2571 937 2630 severius
958 2571 1086 2631 monitus
1109 2571 1375 2650 praescriptionem
1397 2573 1494 2634 obicit

172 2649 270 2722 Quare
290 2652 434 2711 Lentulus
455 2654 510 2711 sub
530 2652 725 2727 promissione
747 2653 785 2710 20
806 2671 860 2710 mc.
882 2651 1020 2710 convenit
1041 2671 1106 2710 cum
1128 2652 1261 2711 Medardi
1285 2653 1442 2724 familiari,
1463 2659 1496 2713 ut

170 2732 222 2791 ille
243 2732 298 2791 sibi
320 2752 357 2791 ex
378 2731 464 2791 bonis
485 2733 620 2791 Medardi
641 2733 715 2791 clam
737 2751 879 2791 summam
901 2732 989 2791 istam
1011 2733 1124 2791 afferat.

171 2837 348 2908 Qunsmmm
370 2841 407 2929 1⁰.
425 2838 493 2913 quid
514 2838 690 2914 requiratur,
711 2844 744 2896 ut
765 2838 967 2914 compensatio
988 2838 1105 2897 occulta
1127 2839 1167 2898 sit
1186 2839 1277 2899 licita.

368 2927 399 2984 2⁰
424 2927 491 3002 quid
514 2928 549 2985 de
570 2927 687 2986 Lentuli
710 2928 817 3002 agendi
838 2927 962 2986 ratione.

764 3108 897 3176 Salutio.

109 3263 160 3317 637
259 3254 313 3319 An
336 3273 527 3327 quansrruu
553 3256 589 3316 lm
619 3252 658 3318 R.
686 3254 713 3316 1.
760 3250 808 3317 Ut
835 3251 1056 3334 compensatio
1080 3253 1209 3318 occulta
1235 3251 1325 3318 licite
1349 3252 1493 3318 adhiberi

169 3342 283 3426 possit,
312 3342 344 3424 1)
368 3341 512 3406 debitum
536 3341 633 3407 debet
656 3361 729 3405 esse
753 3362 817 3405 non
840 3340 982 3418 dubium,
1007 3339 1041 3421 2)
1066 3340 1162 3406 debet
1183 3341 1345 3406 removeri
1369 3342 1495 3426 pericu·

170 3432 247 3508 lum,
271 3452 313 3495 ne
336 3430 464 3496 debitor
485 3430 527 3495 ad
550 3430 600 3494 bis
623 3429 813 3494 solvendum
839 3436 985 3511 cogatur,
1011 3430 1044 3512 3)
1069 3429 1167 3495 debet
1189 3430 1318 3496 occulta
1342 3451 1494 3516 compen·

171 3520 255 3585 satio
280 3523 493 3585 necessarium
516 3518 657 3585 medium
681 3539 763 3596 esse,
789 3520 823 3601 4)
847 3519 944 3584 debet
962 3519 1184 3602 compensatio
1208 3524 1368 3601 quantum
1391 3521 1495 3605 possi·

170 3608 235 3673 bile
265 3614 332 3685 est,
366 3609 399 3672 in
429 3608 542 3673 eadem
573 3607 682 3691 specie
711 3607 798 3685 fieri,
831 3607 863 3672 in
894 3629 958 3690 qua
988 3608 1139 3673 facienda
1169 3613 1256 3675 esset
1285 3609 1407 3675 solutio
1438 3631 1493 3674 seu

169 3697 346 3762 restitutio,
398 3698 453 3762 Tb.
479 3721 519 3763 or.
543 3697 568 3774 I,
594 3699 669 3762 938.

259 3802 297 3868 R.
323 3806 352 3868 2.
385 3803 603 3868 Nihilominus
626 3801 742 3868 ultima
765 3801 910 3867 condicio
933 3824 998 3868 non
1021 3803 1117 3868 nimis
1140 3803 1288 3885 urgenda
1303 3809 1364 3883 est,
1389 3826 1494 3888 neque

171 3890 296 3972 obligat
319 3892 378 3955 sub
402 3892 506 3973 gravi.
526 3931 570 3939 —
592 3892 705 3957 Tertia
727 3891 872 3956 condicio
896 3892 1045 3958 similiter
1068 3914 1133 3957 non
1157 3892 1281 3975 obligat
1304 3894 1364 3959 sub
1388 3894 1493 3977 gravi,

170 3984 270 4062 atque
300 3980 453 4045 notabilis
484 3981 660 4046 difficultas
684 3981 737 4044 vel
768 3981 986 4064 repugnantia
1015 3982 1165 4047 trahendi
1190 4004 1258 4047 rem
1283 3983 1323 4048 ad
1355 3983 1492 4049 iudicem

170 4069 365 4135 creditorem
396 4070 587 4153 simpliciter
616 4069 795 4135 excusabit.
819 4108 864 4116 —
888 4070 1037 4135 Secunda
1067 4071 1211 4135 condicio
1240 4092 1280 4136 ex
1305 4093 1341 4137 se
1365 4074 1493 4154 quidem

170 4158 282 4241 gravis
313 4163 381 4233 est;
412 4165 560 4225 attamen
583 4159 630 4223 sic
653 4158 890 4241 intellegenda,
922 4164 958 4223 ut
981 4159 1009 4224 si
1033 4160 1160 4225 debitor
1182 4160 1213 4225 in
1239 4161 1335 4245 culpa
1359 4167 1429 4239 est,
1460 4167 1494 4227 ut

170 4248 323 4313 creditori
351 4248 429 4313 nihil
453 4248 657 4330 relinquatur
680 4248 741 4312 nisi
765 4248 820 4312 via
843 4249 990 4313 occultae
1019 4250 1310 4332 compensationis,
1339 4250 1412 4335 ipse
1435 4252 1493 4316 sibi

170 4338 355 4403 adscribere
379 4339 514 4416 debeat,
548 4338 576 4402 si
608 4337 695 4402 forte
720 4337 862 4403 creditor
885 4342 1017 4419 praeter
1039 4339 1244 4405 voluntatem
1276 4340 1326 4403 bie
1357 4341 1496 4425 recipiat

169 4427 374 4494 solutionem.

110 4559 161 4613 636
259 4543 312 4606 An
331 4563 521 4617 qunssrruu
547 4545 584 4605 2¹²²
608 4542 647 4608 R.
675 4545 702 4607 l.
735 4541 768 4606 Si
792 4542 842 4606 ius
865 4542 994 4606 Lentuli
1018 4547 1142 4608 certum
1168 4548 1228 4620 est,
1255 4545 1384 4611 occulta
1409 4576 1493 4620 com-

170 4632 318 4712 pensatio
343 4636 394 4696 est
417 4630 557 4696 medium
582 4631 726 4708 unicum,
751 4652 814 4711 quo
838 4631 888 4694 ius
911 4653 1004 4695 suum
1028 4632 1133 4715 possit
1156 4654 1362 4717 recuperare.
1410 4644 1492 4708 Nam
