3106 5168
471 291 626 347 Voluntarii
644 291 799 346 obstacula:
819 294 1038 362 concupiscentia.
1378 296 1417 361 17

91 466 146 551 qui
170 473 284 534 tamen
315 467 357 533 ad
386 472 557 551 peccatum
582 467 721 532 mortale
749 466 935 549 requiritur.
982 466 1074 544 Quod
1104 465 1188 532 enim
1216 468 1418 545 Bertramus,

91 557 261 641 plenius
290 557 483 633 advertens,
514 557 631 623 timore
661 556 830 640 perculsus
860 557 902 621 ad
933 555 1113 622 orationem
1144 555 1306 638 confugit,
1337 557 1420 622 satis

91 645 239 712 ostendit
261 667 334 711 euru
360 649 460 711 antea
489 666 567 710 non
598 646 721 730 plene
749 644 961 721 consensisse,
992 666 1098 727 neque
1121 645 1270 711 mortalis
1293 645 1420 729 peccati

91 755 183 801 reum
208 755 290 802 esse.
337 734 384 801 ef.
413 736 470 801 ΤΙι.
494 757 535 800 m.
560 735 588 810 Ι,
620 757 652 801 n.
674 736 753 812 237,
786 735 960 812 Reuter,
993 734 1208 818 Neo-coasess.
1233 756 1263 801 n.
1287 737 1362 812 267,
1387 737 1417 802 8.

181 840 222 907 lt.
247 843 277 908 3.
324 841 390 906 Res
413 841 636 907 indifferentes
667 847 701 908 et
730 840 804 924 piae
828 861 892 905 non
915 844 993 906 sunt
1022 861 1081 923 per
1104 861 1140 905 se
1169 861 1288 906 causae
1311 845 1420 907 motus
1429 853 1464 908 32

92 927 257 996 inhonesti
285 950 408 1013 neque,
439 931 468 995 si
497 935 673 1012 utcumque
705 929 861 1007 influunt,
892 929 1057 995 ullatenus
1086 931 1164 994 sunt
1192 928 1341 1011 graviter
1369 930 1420 995 in-

92 1019 243 1085 fluentes.
289 1018 396 1096 Quare
418 1019 620 1097 Bertramus,
645 1019 773 1102 quaudo
804 1039 861 1084 eas
884 1019 957 1083 vult
985 1039 1044 1083 seu
1067 1018 1147 1101 agit,
1178 1039 1243 1083 uon
1267 1024 1419 1085 censetur

92 1106 124 1171 in
156 1106 198 1172 iis
230 1112 397 1190 tamquam
430 1109 463 1173 in
496 1129 596 1174 causa
626 1108 711 1173 velle
742 1114 851 1174 motus
883 1112 1014 1191 turpes,
1049 1107 1111 1174 etsi
1143 1107 1267 1172 nullam
1299 1107 1420 1176 habeat

93 1196 269 1280 specialem
293 1196 453 1264 rationem
478 1197 526 1263 ita
550 1197 678 1279 agendi.
725 1196 830 1262 Multo
854 1196 960 1261 miuus
983 1200 1136 1263 censetur
1158 1196 1191 1260 in
1222 1216 1323 1261 causa
1344 1200 1420 1262 velle

92 1284 174 1350 istos
198 1290 316 1360 motus,
340 1287 368 1351 si
392 1286 492 1352 habet
514 1285 635 1352 iustam
659 1285 777 1368 agendi
800 1285 977 1361 rationem3
1007 1306 1144 1368 eamque
1166 1305 1202 1349 re
1224 1285 1297 1369 ipsa
1320 1285 1420 1352 habet

93 1373 305 1440 iustissimam
329 1379 363 1442 et
385 1375 624 1457 gravissimam,
649 1395 689 1439 ue
705 1374 858 1439 videlicet
874 1375 1023 1440 anxietat
988 1379 1075 1440 atem
1099 1374 1161 1439 hac
1183 1374 1216 1438 in
1239 1394 1275 1439 re
1298 1378 1420 1457 augeat

94 1463 305 1530 etcontinuo
328 1464 586 1548 perplexust
527 1466 586 1530 fiat
609 1463 707 1530 liceat
692 1469 749 1530 tna
779 1462 840 1528 sibi
869 1484 969 1546 agere
1000 1483 1111 1530 necne.
1158 1462 1365 1547 Quapropter
1387 1464 1419 1528 id
1518 1530 1522 1535 ,

94 1572 192 1617 unum
217 1572 335 1618 cavere
359 1553 538 1631 debetne
567 1552 641 1619 istis
663 1552 806 1619 motibus
829 1552 1029 1623 consentiat:
1066 1554 1182 1618 deteet
1184 1573 1239 1617 ero
1263 1572 1319 1618 sos
1343 1574 1419 1618 con·

94 1645 231 1720 temnat,
255 1663 360 1724 neque
375 1643 479 1708 solum
503 1664 568 1707 non
591 1646 724 1708 tenetur
746 1642 788 1707 ab
811 1641 876 1706 illis
899 1642 997 1706 rebus
1019 1641 1204 1706 indifferent
1206 1641 1277 1706 ibus
1301 1645 1335 1707 et
1358 1641 1418 1726 piis

95 1731 177 1797 abst'
152 1736 270 1809 tmere,
295 1731 352 1796 sed
375 1732 484 1815 potius
509 1733 596 1797 debet
619 1733 777 1797 audacter
799 1750 909 1813 agere,
934 1731 1024 1796 nulla
1047 1730 1160 1796 habita
1178 1730 1306 1797 ratione
1322 1732 1419 1796 effee-

94 1824 184 1886 tuum
209 1820 346 1885 istorum
370 1822 425 1903 qui
448 1820 509 1886 sibi
534 1841 597 1885 uon
621 1825 700 1886 sunt
723 1819 910 1886 voluntarii.

521 2036 896 2104 CONCUPISCENTIA
922 2035 991 2121 (ΙΙ).

657 2203 768 2269 Casus.
796 2211 853 2279 (ιο)

182 2342 354 2401 Bernardus
376 2342 501 2402 curiosis
523 2343 688 2402 delectatur
716 2343 909 2415 lectionibus,
938 2343 995 2403 etsi
1025 2342 1102 2402 sciat
1129 2362 1237 2419 pravos
1264 2362 1324 2402 non
1351 2362 1419 2402 raro

94 2421 160 2481 inde
182 2422 310 2481 orituros
331 2423 361 2481 in
383 2442 416 2481 se
436 2430 550 2495 motus3
576 2424 749 2501 spectacula
770 2430 800 2482 et
821 2424 945 2482 choreas
963 2424 1132 2499 frequentat
1152 2423 1331 2500 liberiusque
1352 2443 1419 2482 oon·

94 2510 231 2561 versatur
258 2522 317 2561 non
345 2503 440 2562 solum
462 2523 527 2562 cum
551 2505 615 2562 suis
644 2503 810 2573 sodalibus,
840 2503 892 2562 sed
914 2503 1003 2561 etiam
1034 2523 1099 2561 cum
1120 2504 1253 2562 feminis:
1283 2504 1418 2581 concupi·

95 2581 227 2642 scantiae
249 2582 292 2641 sio
313 2589 435 2641 exortae
457 2603 546 2660 saepe
567 2583 681 2659 quidem
703 2584 828 2656 restitit,
856 2584 1012 2659 aliquoties
1033 2590 1132 2643 tamen
1154 2584 1321 2656 consensit,
1343 2584 1418 2643 alias

95 2682 125 2722 so
144 2662 235 2740 plane
256 2663 420 2722 neutralem
442 2684 475 2722 se
496 2665 636 2723 habuisse
658 2664 736 2724 dicit.

95 2775 271 2847 Quanarrun
293 2779 321 2835 1⁰
346 2797 415 2837 num
441 2779 699 2856 concupiscentiae
728 2784 825 2838 motus
854 2779 1037 2856 imputentur
1060 2779 1212 2838 Bernardo
1238 2779 1269 2838 in
1295 2779 1418 2856 culpam.

293 2866 323 2923 2⁰
348 2866 417 2942 quid
439 2867 474 2925 de
495 2868 639 2926 Bernardi
660 2867 792 2944 peccatis
814 2868 844 2926 in
866 2869 991 2944 singulis
1013 2869 1140 2928 casibus.

687 3049 823 3118 Salutio.

183 3194 236 3256 An
260 3212 451 3267 onassmuu
477 3195 513 3256 lm
544 3192 581 3258 R.
610 3196 638 3259 l.
687 3192 821 3270 Quando
851 3194 1038 3259 Bernardus
1070 3194 1103 3258 in
1136 3193 1418 3278 concupiscentiae
1427 3207 1461 3262 33

93 3285 202 3346 motus
217 3284 377 3365 consentit,
402 3301 514 3346 eorum
539 3281 713 3348 delectatio
738 3284 778 3347 ab
796 3302 834 3348 oo
858 3283 922 3348 iam
946 3287 998 3347 est
985 3283 1046 3347 tin
1063 3304 1098 3347 se
1115 3287 1149 3349 et
1165 3283 1288 3350 directe
1304 3282 1416 3360 volita,

94 3376 193 3453 atque
223 3370 317 3453 pravi
348 3373 456 3435 motus
487 3371 516 3435 ei
547 3371 671 3436 directe
701 3375 778 3436 sunt
808 3371 1002 3450 voluntarii,
1033 3373 1096 3437 etsi
1126 3393 1191 3437 non
1218 3377 1255 3439 ut
1240 3371 1416 3450 otriuudi,

93 3459 149 3525 sed
179 3458 256 3524 ut
247 3479 312 3523 ram
336 3459 501 3526 exortiet
524 3460 654 3526 retenti.
701 3461 751 3525 De
775 3460 903 3544 culpa
894 3460 938 3543 igi
940 3465 1011 3538 tur,
1037 3481 1140 3543 eaque
1163 3461 1276 3543 gravi,
1300 3461 1333 3526 in
1356 3461 1417 3526 hoo

93 3569 169 3614 casu
195 3547 335 3613 dubitari
360 3547 482 3629 nequit.

181 3655 220 3720 R.
239 3657 268 3720 2.
305 3654 483 3720 Restattut
507 3675 712 3736 quaeramus,
737 3676 814 3720 num
838 3655 1023 3722 etiamtum
1048 3660 1116 3721 mot
1118 3677 1156 3720 us
1101 3655 1225 3721 tilli
1247 3655 1417 3721 Bernardo

93 3764 149 3828 pro
175 3742 303 3828 eulpa
294 3748 400 3827 rmput
401 3748 456 3809 ent
459 3765 506 3823 ur,
530 3744 703 3826 quando''
682 3767 731 3823 us,
757 3766 829 3810 cum
854 3744 961 3810 exorti
981 3745 1113 3820 fuerint,
1138 3744 1236 3810 resist
1221 3744 1272 3811 tit.
1319 3745 1417 3810 Sumo

93 3854 176 3898 nunc
204 3854 260 3898 eos
290 3854 429 3898 esse—
454 3838 490 3899 ut
512 3854 549 3898 re
572 3855 653 3898 vera
675 3839 780 3900 suut-
784 3834 979 3900 -effectus
1004 3834 1119 3900 obiect'
1095 3838 1164 3899 trve
1187 3834 1304 3910 malos,
1336 3854 1417 3917 quos

93 3943 132 3987 ue
163 3922 323 3988 indirecte
354 3921 482 4004 quidem
516 3926 588 3988 uelle
617 3922 732 3999 liceat,
764 3943 868 4004 neque
897 3927 968 3989 tum
998 3924 1113 4001 liceat,
1083 3922 1267 4006 tquando
1291 3926 1417 4006 postea,

93 4032 164 4077 cum
189 4011 347 4088 oriuntur,
373 4031 485 4076 eorum
509 4012 661 4078 delectat
615 4017 682 4078 atro
706 4033 770 4077 non
792 4012 951 4095 approbet
953 4034 1000 4078 ur.
1036 4012 1241 4096 Quapropter
1259 4011 1416 4095 applicari

93 4100 213 4166 debent
236 4101 370 4182 regulae
394 4100 434 4164 de
449 4100 634 4166 voluntario
657 4101 833 4177 indirecto;
859 4100 1009 4166 nimirum
1026 4101 1132 4166 videri
1148 4101 1261 4166 debet:
1288 4102 1321 4181 l)
1338 4122 1418 4183 quo·

92 4189 187 4255 modo
219 4189 332 4255 variae
360 4188 438 4254 illae
462 4189 620 4255 Bernardi
651 4191 798 4255 actiones
827 4189 894 4255 sint
921 4213 1038 4255 cartauc
1060 4211 1236 4273 pravorum
1260 4194 1416 4265 motuum,

93 4276 125 4360 2)
149 4299 309 4361 quasnam
333 4277 455 4344 habeat
475 4278 630 4357 rationes,
655 4299 714 4343 cur
731 4282 834 4363 ponat
849 4278 996 4345 actiones
1011 4279 1096 4357 illas,
1120 4300 1162 4344 ex
1178 4279 1294 4361 quibus
1310 4282 1417 4343 motus

92 4388 213 4452 pravos
236 4371 407 4433 secuturos
430 4388 503 4432 esse
525 4368 726 4450 praevideat.

181 4464 303 4530 Omnes
337 4463 419 4530 istas
454 4465 617 4543 actiones,
653 4487 735 4549 quas
767 4465 953 4531 Bernardus
985 4464 1111 4549 posuit,
1143 4465 1349 4547 aliquatenus
1383 4461 1416 4526 in

94 4574 212 4638 pravos
235 4558 343 4619 motus
367 4553 558 4620 excitandos
581 4555 716 4621 influere
739 4560 860 4621 natura
879 4575 939 4621 sua
962 4554 1059 4620 facile
1075 4557 1178 4638 patet.
1213 4554 1335 4618 Verum
1350 4571 1415 4616 non

94 4641 164 4709 ilico
188 4643 252 4708 dici
276 4645 387 4727 potest
410 4664 466 4709 eos
486 4647 628 4728 oravitcr
650 4645 795 4711 influere.

144 4753 312 4801 Lehmkuhl,
327 4754 399 4797 Casus
413 4755 572 4798 consolantiae.
599 4757 617 4799 l.
1185 4745 1202 4798 2
