3106 5168
168 296 231 359 274
356 291 397 347 De
416 292 563 348 virtutibus
582 296 610 348 et
627 293 724 349 officiis
742 311 809 363 erga
826 293 956 348 homines.
975 323 1011 332 -
1030 294 1133 349 Bonum
1151 293 1301 362 coniugale.

258 469 295 534 R.
314 471 343 535 3.
379 469 543 552 Aspectus
560 469 630 535 sine
652 490 758 554 prava
780 470 962 537 intentione
985 470 1017 535 in
1042 491 1094 535 res
1118 469 1236 535 leviter
1252 470 1411 534 obscenas
1433 490 1492 554 per

166 578 202 623 se
226 579 246 623 a
270 558 366 642 culpa
387 559 483 641 gravi
505 563 583 625 sunt
604 559 773 626 immunes.

255 664 294 731 R.
318 668 349 730 4.
395 664 572 748 Aspectus,
606 666 661 747 qui
693 665 843 731 feruntur
874 665 907 730 in
940 685 993 730 ros
1024 685 1129 747 neque
1161 664 1311 730 absolute
1343 664 1492 747 graviter

166 773 270 834 neque
300 752 430 819 omnino
459 754 578 821 leviter
607 754 780 833 obscenas,
810 753 839 819 si
867 754 1030 819 habentur
1059 753 1129 819 sine
1152 773 1266 830 causa,
1299 774 1337 818 eo
1361 753 1491 819 facilius

165 842 305 908 evadere
328 846 466 926 possunt
488 843 605 925 gravia
628 848 773 927 peccata,
798 864 861 926 quo
885 843 1060 927 proclivior
1076 847 1128 908 est
1150 842 1312 925 aspiciens
1331 843 1373 908 ad
1390 865 1490 909 vene·

163 952 249 1009 rem,
281 935 315 998 et
339 953 401 1015 quo
426 932 547 999 diutius
570 932 806 1016 protrahuntur
828 933 1022 1015 praesertim
1052 936 1127 1016 post
1150 931 1401 997 commotionem
1424 933 1489 999 iam

162 1019 349 1086 inchoatam
373 1026 407 1087 et
430 1020 693 1087 animadversum
717 1021 905 1105 periculum.

251 1126 289 1193 R.
308 1129 338 1192 5.
378 1126 468 1204 Quae
484 1130 681 1193 censeantur
694 1127 844 1209 graviter
859 1126 1010 1205 obscena,
1035 1147 1117 1209 quae
1133 1148 1207 1202 non,
1232 1126 1307 1192 vide
1322 1125 1356 1190 in
1373 1128 1429 1194 uh.
1447 1151 1487 1194 m.

162 1213 192 1290 Ι,
218 1217 292 1281 868.
340 1216 488 1282 Adverte
511 1216 572 1282 hac
595 1216 629 1280 in
652 1236 688 1281 re
710 1216 846 1298 gravius
869 1215 999 1298 quidem
1021 1236 1154 1281 movere
1178 1236 1294 1299 perse
1318 1220 1489 1299 aspectum

162 1303 301 1369 hominis
325 1304 391 1369 vivi
422 1326 520 1388 quam
552 1305 700 1389 picturae
723 1306 775 1370 vel
806 1308 954 1382 statuae;
985 1305 1119 1387 gravius
1150 1307 1317 1388 aspectum
1347 1305 1381 1369 in
1414 1326 1488 1388 per·

162 1412 276 1457 sonam
300 1393 436 1460 alterius
459 1414 559 1460 sexus
577 1415 674 1477 quam
698 1415 797 1459 sexus
813 1394 967 1471 eiusdem,
992 1397 1091 1476 atque
1108 1393 1267 1477 aspiciens
1283 1397 1350 1460 est:
1374 1415 1488 1459 verum

161 1481 261 1546 etiam
293 1482 469 1565 imaginem
493 1483 590 1549 valde
613 1484 787 1549 obscenam
815 1487 943 1549 attente
973 1482 1026 1548 vel
1059 1504 1131 1549 cum
1165 1503 1258 1548 mora
1289 1481 1437 1566 aspicere
1468 1506 1488 1549 a

160 1575 308 1724 ffieciiroq
335 1572 466 1638 mortali
504 1572 686 1654 generatim
725 1594 789 1638 non
827 1575 878 1638 est
915 1571 1066 1638 immune.
1122 1571 1169 1638 uf.
1210 1572 1241 1637 S.
1274 1571 1326 1636 Al
1334 1572 1485 1655 phone.

98 1781 151 1836 538
248 1774 302 1839 An
322 1795 514 1851 quausrruu
538 1778 576 1840 2¹²
600 1775 638 1842 R.
659 1778 687 1841 1.
733 1775 782 1841 Re
805 1775 838 1839 in
861 1796 897 1840 so
920 1778 1081 1858 spectata,
1105 1773 1259 1840 videlicet
1281 1773 1428 1858 picturas
1452 1780 1486 1841 et

159 1867 289 1930 statuas
312 1864 460 1946 graviter
483 1864 651 1942 obscenae,
677 1865 871 1948 praesertim
895 1868 968 1930 arte
991 1885 1112 1947 magua
1135 1863 1332 1941 elaboratas,
1357 1868 1485 1931 attente

158 1953 306 2036 aspicere
329 1974 387 2018 seu
411 1953 626 2038 contemplari
649 1953 797 2035 graviter
820 1953 968 2019 illicitum
991 1951 1054 2018 dici
1077 1952 1190 2031 debet,
1225 1973 1297 2018 cum
1327 1952 1484 2019 eiusmodi

159 2048 313 2126 aspectus
342 2042 535 2126 protrahere
558 2063 658 2108 causa
681 2063 740 2125 per
762 2063 798 2108 se
821 2041 881 2120 sit,
913 2062 996 2124 quae
1026 2042 1175 2124 graviter
1198 2040 1322 2107 excitet
1346 2043 1388 2107 ad
1411 2042 1485 2107 libi·

158 2131 280 2207 dinem,
305 2153 411 2213 neque
434 2132 540 2197 minus
563 2131 712 2215 graviter
735 2131 881 2197 excitare
904 2132 1033 2197 soleant
1055 2129 1215 2213 imagines
1238 2129 1313 2195 inde
1337 2151 1357 2196 a
1380 2132 1484 2215 phan-

159 2221 245 2286 tasia
268 2221 408 2287 haustae
430 2224 530 2303 atque
553 2220 684 2304 saepius
708 2225 825 2305 sponte
849 2221 1046 2286 exoriturae.

152 2345 155 2350 ’
246 2327 285 2393 R.
311 2329 341 2393 2.
388 2327 435 2393 Ut
457 2326 538 2392 haec
562 2326 689 2392 malitia
712 2326 825 2409 gravis
848 2347 906 2391 sen
929 2325 1079 2393 mortalis
1102 2325 1325 2404 contrahatur,
1349 2347 1483 2391 necesse

157 2504 335 2588 periculum
360 2504 641 2572 animadvertisse.

176 2636 181 2643 ·
246 2610 285 2677 R.
311 2613 341 2677 3.
387 2610 615 2692 Interrogatur
638 2609 738 2693 igitur
761 2610 866 2687 (luno,
894 2609 926 2690 1)
950 2632 1026 2674 num
1050 2613 1212 2693 tempore,
1236 2630 1299 2691 quo
1322 2608 1406 2675 istas
1429 2631 1481 2675 res

156 2698 286 2776 viderit,
310 2701 451 2765 senserit
466 2705 574 2766 motus
589 2721 710 2784 pravos
727 2704 761 2765 et
784 2699 991 2764 nihilominus
1007 2703 1160 2782 aspectus
1175 2698 1256 2763 istos
1272 2697 1479 2781 produxerit;

158 2787 192 2867 2)
216 2810 292 2853 num
309 2789 489 2855 adverterit
511 2789 690 2873 periculum
714 2790 933 2855 tentationum
957 2788 1026 2852 sive
1045 2809 1122 2852 mox
1146 2787 1216 2852 sive
1239 2792 1355 2870 postea
1379 2788 1480 2854 oritu-

157 2897 277 2943 rarum.
318 2877 351 2943 Si
375 2884 548 2960 utrumque
572 2879 696 2943 sincere
719 2898 842 2959 negare
865 2877 979 2960 possit,
1003 2876 1183 2943 subiective
1206 2897 1279 2941 aum
1303 2896 1481 2942 excusesa

156 2972 291 3049 peccato
313 2966 408 3048 gravi
431 2971 501 3033 tum
518 2966 706 3042 commiss03
731 2987 825 3031 secus
848 2967 974 3050 peccati
997 2966 1109 3047 gravis
1125 2987 1199 3031 eum
1215 2986 1355 3048 arguere
1371 2966 1478 3031 debes

244 3072 283 3139 R.
309 3076 339 3138 4.
387 3072 478 3149 Quod
508 3095 593 3138 nunc
617 3094 695 3137 vero
719 3093 818 3156 saepe
848 3075 982 3155 propter
1004 3071 1211 3155 phantasiam
1239 3070 1374 3153 impuris
1399 3072 1479 3137 inra-

155 3160 285 3241 ginibus
308 3161 465 3227 refertam
488 3183 608 3243 graves
632 3162 832 3228 tentationes
856 3162 997 3244 patitur:
1021 3168 1111 3227 certe
1134 3159 1327 3242 obligandus
1351 3164 1419 3238 est,
1444 3168 1480 3227 ut

155 3271 194 3314 eo
218 3250 406 3332 diligentius
435 3251 579 3316 remedia
605 3251 776 3327 adhibeat,
808 3271 870 3332 quo
901 3249 1007 3332 magis
1037 3249 1243 3333 culpabiliter
1272 3249 1477 3332 phantasiam

154 3337 224 3421 ipse
247 3340 295 3405 ita
319 3340 513 3406 efformavit.
553 3340 693 3406 Studeat
716 3340 816 3422 igitur
839 3339 924 3404 serio
948 3339 1044 3404 rebus
1067 3339 1129 3422 piis
1152 3343 1295 3403 mentem
1319 3359 1479 3423 occupare

154 3433 254 3509 atque
278 3429 386 3494 vivide
416 3429 477 3493 sibi
508 3435 758 3513 repraesentare
780 3429 833 3494 vel
863 3449 986 3512 poenas
1016 3433 1224 3511 peccatorum
1248 3432 1402 3493 aeternas
1426 3430 1478 3493 vel

154 3517 318 3582 cruciatus
334 3518 452 3583 Christi
476 3540 534 3602 pro
559 3518 651 3584 nobis
674 3518 772 3602 passi,
798 3524 897 3600 atque
912 3517 1057 3582 fervidas
1077 3518 1235 3599 adiungat
1258 3537 1383 3600 procae,
1408 3519 1477 3600 qui·

153 3605 214 3669 bus
238 3606 299 3670 Dei
323 3610 421 3688 atque
440 3607 585 3688 Virginis
609 3608 726 3674 Matris
750 3607 907 3674 auxilium
930 3607 1091 3689 imploret.
1138 3606 1224 3671 Nam
1249 3605 1378 3688 quoties
1402 3627 1478 3672 oon-

154 3695 293 3760 senserit
316 3695 348 3760 in
374 3717 546 3760 veneream
571 3696 819 3762 delectationem
844 3695 1123 3779 qualemcumque,
1147 3694 1295 3778 graviter
1318 3696 1476 3778 peccavit.

154 3783 201 3849 Cf.
227 3785 364 3860 Elbel,
392 3786 569 3868 Conferant.
588 3808 623 3870 p.
649 3788 698 3850 IV
717 3787 813 3852 docel.
838 3808 868 3851 n.
896 3788 958 3850 195
976 3806 1046 3867 sqq.

516 4026 714 4094 uuxuruu
737 4025 1018 4093 rncournuru
1042 4027 1110 4109 (n).

705 4186 815 4251 Casus.
845 4192 921 4260 (159)

241 4335 358 4394 Amalia
379 4335 488 4393 famula
510 4335 630 4412 saepius
652 4335 780 4394 admittit
801 4335 936 4394 iuvenem
958 4335 994 4393 ad
1014 4336 1188 4394 familiarem
1210 4336 1475 4404 conversationem,

152 4434 217 4472 cum
240 4421 339 4491 speret
360 4436 392 4474 se
414 4415 457 4473 illi
479 4418 588 4474 nubere
609 4435 705 4493 posse.
741 4416 859 4474 Accidit
873 4422 971 4474 autem
993 4436 1051 4474 non
1065 4436 1142 4482 raro,
1164 4422 1197 4474 ut
1217 4417 1334 4474 iuvenis
1355 4417 1476 4475 liberius

151 4515 215 4552 cum
232 4496 348 4554 Amalia
363 4496 484 4565 iooetur‚
507 4515 570 4553 eam
586 4502 700 4570 tangat.
723 4497 916 4572 amplexetur,
938 4496 1095 4555 osculetur.
1132 4497 1214 4566 Quod
1229 4497 1355 4564 Amalia,
1379 4518 1476 4572 quam·

151 4595 236 4649 quam
259 4576 414 4652 aliquoties
436 4577 568 4651 graviter
589 4577 743 4647 excitetur,
768 4578 861 4635 tacita
882 4577 1035 4652 permittit,
1058 4597 1094 4634 ne
1116 4577 1232 4635 iuvenis
1253 4577 1382 4635 animum
1405 4598 1422 4635 a
1444 4598 1475 4635 se

150 4662 274 4716 avertat.
