3106 5168
332 275 449 331 Votum:
468 273 637 330 condiciones
655 273 833 338 necessariae,
852 290 999 344 earumque
1016 274 1149 330 defectus.
1340 279 1403 346 129

77 474 184 537 neque
207 473 301 519 error
322 449 617 518 substantialis-
639 449 695 532 qui
717 450 806 515 solus
829 449 1064 534 professionem
1087 450 1195 518 reddit
1216 452 1338 518 nullam
1361 491 1405 500 -

76 547 190 628 potest
205 539 398 626 excogitari.
434 541 542 618 Quare
557 539 687 617 dimitti,
706 543 745 605 ut
759 539 903 606 invalide
917 540 1095 623 professus,
1111 539 1260 607 Liberius
1275 541 1404 624 nequit;

77 653 242 698 summum
266 652 309 697 ex
331 628 426 714 gravi
449 629 579 695 omnino
602 648 702 694 causa
725 628 807 693 adiri
831 633 941 712 potest
964 628 996 695 S.
1013 628 1114 695 Sedes
1138 629 1304 708 stridori,
1328 652 1405 696 num

77 728 112 789 et
135 721 268 805 qualem
296 718 534 786 relaxationem
558 718 733 785 concedat:
764 717 878 785 totalis
900 723 1053 784 votorum
1081 718 1200 786 solutio
1229 720 1262 784 in
1292 724 1406 787 nostro

78 832 158 878 casu
181 809 310 876 frustra
331 812 554 893 exspectatur.

334 1025 535 1094 VOVENDI
559 1024 697 1091 ACTUS
721 1023 912 1101 EIUSQUE
937 1024 1058 1089 VITIA
1082 1024 1150 1107 (ll).

647 1181 759 1248 casus.
785 1187 844 1257 (το)

170 1323 310 1384 Getulius
329 1322 479 1381 recidivus
499 1322 530 1380 in
550 1321 699 1381 luxuriam
713 1342 731 1381 a
746 1321 930 1382 confessario
951 1322 1085 1398 graviter
1104 1324 1278 1400 obiurgatus
1300 1325 1327 1384 ei
1342 1344 1408 1384 cum

79 1424 190 1480 magno
221 1403 313 1464 animi
339 1402 439 1462 dolore
465 1403 611 1479 promittit
637 1423 671 1462 se
692 1402 800 1462 abhinc
828 1423 985 1479 numquam
1005 1409 1161 1480 peccatum
1182 1406 1253 1464 illud
1274 1405 1407 1465 commis·

79 1504 196 1556 surum;
219 1482 324 1561 quodsi
344 1482 505 1542 infeliciter
522 1482 719 1554 succubuerit,
741 1503 774 1543 se
794 1488 914 1559 postero
932 1482 979 1542 die
999 1483 1196 1545 ieiunaturum
1219 1505 1293 1546 essa.
1334 1485 1409 1547 Post

79 1584 212 1626 mensem
241 1583 381 1624 reversus
409 1583 442 1622 se
468 1568 592 1623 accusat
620 1563 656 1622 de
681 1569 752 1623 vote
779 1583 839 1623 non
865 1564 992 1640 amplius
1019 1565 1163 1641 peccandi
1184 1572 1289 1641 quater
1315 1567 1408 1639 laeso,

79 1665 176 1723 nequa
198 1649 297 1704 tamen
319 1663 352 1704 se
372 1663 508 1719 umquam
528 1643 687 1705 ieiunasse.

81 1759 262 1830 Qusamrua
284 1762 313 1818 1⁰
337 1758 534 1819 violaveritne
548 1757 684 1818 Getulius
698 1764 800 1818 votum
821 1763 883 1818 tum
897 1759 1065 1827 relabendo,
1088 1765 1150 1820 tum
1171 1760 1409 1823 non-ieiunando.

282 1850 313 1906 2⁰
338 1847 406 1923 quid
427 1847 457 1906 in
479 1845 566 1906 dubio
587 1847 652 1906 fieri
674 1848 789 1906 debeat.

680 2030 815 2097 Salutio.

172 2171 227 2239 Aa
250 2192 442 2248 qusasmuu
470 2175 505 2237 1¹²²
536 2171 575 2237 R.
600 2174 629 2238 1.
676 2171 801 2237 Solutio
832 2171 928 2237 huius
960 2172 1161 2253 quaestionis
1193 2173 1256 2241 duo
1289 2178 1411 2258 puncta
1421 2187 1471 2240 257

82 2262 248 2330 continet:
275 2260 307 2343 l)
330 2282 408 2326 num
427 2259 576 2327 Getulius
594 2260 773 2327 subiective
789 2260 904 2327 violati
918 2261 989 2327 voti
1013 2261 1170 2328 malitiam
1190 2263 1409 2340 contraxerim

83 2353 118 2437 2)
142 2373 221 2418 num
244 2350 278 2416 in
300 2349 590 2434 promissioneilla
605 2370 703 2432 quam
719 2349 844 2416 fecerat
859 2348 1021 2416 obiectivs
1037 2371 1077 2415 ea
1092 2352 1307 2435 praestiterit,
1327 2374 1412 2435 quae

83 2443 125 2508 ad
150 2440 366 2507 emittendum
390 2443 503 2506 votum
526 2445 627 2521 atque
656 2438 698 2504 ad
722 2439 978 2505 contrahendam
1001 2440 1071 2506 voti
1101 2441 1334 2525 obligationem
1358 2464 1411 2509 re·

83 2531 270 2616 quiruntur.

172 2625 377 2708 Interrogati
400 2646 480 2708 ergo
505 2625 610 2703 debet,
635 2646 712 2689 num
735 2624 915 2692 omittendo
933 2623 1088 2692 ieiunium
1110 2647 1147 2693 se
1170 2628 1319 2710 graviter
1335 2650 1412 2713 peo-

84 2739 162 2784 care
185 2715 364 2802 putaverit.
406 2714 497 2792 Quod
520 2713 549 2779 si
571 2714 725 2792 affirmet,
749 2734 821 2779 eum
846 2713 917 2781 voti
941 2715 981 2779 de
1003 2717 1166 2781 servando
1189 2716 1307 2783 ieiunio
1330 2718 1413 2784 laesi

84 2810 215 2874 reatum
238 2803 443 2871 contraxisse
466 2824 586 2870 sumas.

174 2912 216 2980 R.
241 2913 270 2978 2.
317 2909 398 2975 Inde
421 2914 530 2975 autem
554 2909 696 2974 nondum
720 2913 867 2987 constat,
895 2930 968 2975 eum
992 2911 1168 2978 relabendo
1191 2911 1224 2976 in
1248 2912 1412 2978 luxuriam

84 3001 157 3070 veti
186 3000 269 3066 laesi
291 3018 382 3065 reum
407 2999 584 3065 exstitisse.
630 2998 681 3063 Ad
712 2998 774 3064 hoo
803 2998 888 3063 enim
918 3000 1138 3065 necessarium
1168 3006 1236 3079 est,
1267 3007 1304 3067 ut
1335 3009 1413 3069 ante

85 3095 259 3176 peccatum
275 3087 469 3154 iudicaverit
484 3109 520 3152 se
536 3090 671 3171 propter
685 3086 931 3170 promissionem
947 3110 1055 3154 coram
1073 3089 1272 3155 confessario
1288 3091 1414 3157 factam

85 3201 172 3247 novo
196 3177 294 3246 titulo
319 3198 399 3259 erga
421 3177 526 3242 Deum
549 3177 656 3243 teneri
678 3176 719 3242 ad
743 3178 1004 3260 praecavendum
1028 3178 1203 3261 relapsum.
1246 3179 1361 3261 Neque
1384 3180 1413 3244 si

87 3268 211 3337 dixerit
233 3289 270 3334 se
293 3266 405 3349 utique
421 3266 567 3344 scivisse,
586 3265 672 3348 quod
688 3270 823 3349 propter
837 3265 933 3330 fidem
950 3266 1062 3331 datam
1077 3267 1213 3349 gravius
1229 3267 1412 3351 deliquerit,

86 3361 119 3425 id
150 3357 218 3424 iam
254 3357 459 3422 demonstrat
490 3376 564 3420 eum
594 3355 665 3419 veri
694 3355 764 3420 voti
797 3354 948 3420 laedendi
983 3356 1216 3422 conscientiam
1249 3357 1412 3423 babuisse.

86 3449 176 3515 Nam
207 3450 325 3512 contra
354 3444 534 3528 quamlibet
563 3442 809 3528 promissionem
840 3444 894 3508 vel
928 3444 1048 3509 serium
1083 3445 1286 3529 propositum
1315 3467 1415 3529 agere

87 3534 305 3604 communiter
332 3555 392 3619 pro
423 3555 459 3598 re
482 3534 644 3600 deteriore
667 3532 815 3610 habetur,
841 3553 938 3614 quam
968 3533 995 3599 si
1026 3534 1150 3600 nullum
1173 3535 1315 3618 speciale
1338 3558 1414 3620 pro·

87 3626 233 3711 positum
255 3624 309 3689 vel
331 3623 527 3709 promissum
551 3621 702 3688 adfuerit.
749 3622 868 3687 Elbel
892 3644 925 3707 p.
945 3626 975 3699 3,
999 3645 1030 3690 n.
1052 3626 1114 3689 187
1132 3644 1181 3705 sq.

179 3731 218 3797 R.
243 3732 274 3797 3.
321 3730 354 3796 si
385 3728 546 3794 obiective
575 3750 628 3794 res
652 3731 832 3812 spectatur,
856 3734 969 3794 votum
999 3750 1063 3795 non
1093 3730 1176 3796 satis
1206 3730 1275 3796 erui
1304 3735 1416 3816 potest

88 3820 206 3896 exiis,
230 3840 314 3902 quas
338 3818 487 3886 Getulius
511 3840 582 3883 oum
607 3817 806 3883 confessario
830 3817 907 3900 egit.
954 3819 1040 3884 Nam
1063 3841 1127 3885 non
1151 3821 1232 3899 Deo,
1257 3822 1314 3886 sed
1338 3842 1416 3887 con·

87 3909 247 3986 fossario,
279 3907 342 3975 etsi
372 3929 482 3974 coram
513 3909 600 3984 Deo,
632 3906 782 3991 promisit
810 3907 930 3972 seriam
961 3928 1071 3974 curam
1101 3917 1217 3976 contra
1239 3911 1415 3994 relapsum.

87 3999 184 4066 Haec
214 4002 324 4065 autem
353 3996 525 4082 promissio
554 3996 786 4078 obligationem
817 4017 935 4061 novam
970 4018 1107 4080 eamque
1138 4019 1274 4081 gravem
1306 4021 1416 4066 secum

87 4090 179 4155 ferre
202 4108 267 4152 non
290 4090 451 4153 censetur.
489 4086 605 4169 Neque
628 4090 748 4152 natura
770 4085 865 4151 buius
885 4086 1109 4169 promissionis
1132 4109 1175 4153 ex
1197 4109 1236 4153 eo
1259 4092 1415 4161 mutatur,

88 4177 177 4261 quod
202 4176 350 4243 Getulius
383 4180 499 4259 postea
532 4176 662 4258 putavit
692 4196 727 4240 se
757 4195 799 4239 ex
823 4180 901 4242 voto
924 4177 1029 4242 teneri
1060 4177 1101 4243 ad
1131 4177 1293 4246 ieiunium.
1341 4178 1415 4243 Non

89 4267 177 4334 enim
204 4273 314 4352 postea
335 4270 450 4332 votum
479 4265 575 4342 fecit,
606 4265 662 4329 sed
693 4267 752 4329 aut
780 4264 995 4348 promissione
1024 4267 1058 4331 in
1088 4267 1292 4333 confessione
1314 4267 1415 4342 facta,

91 4361 151 4424 aut
173 4354 311 4421 nullum.

180 4452 255 4519 Nisi
270 4472 349 4534 ergo
366 4455 455 4518 certo
472 4452 580 4516 dicere
595 4450 700 4535 possit
723 4472 759 4516 se
782 4451 815 4514 in
833 4451 891 4517 illa
907 4451 1112 4516 confessione
1127 4452 1270 4517 voluisse
1286 4449 1416 4514 omnino

90 4544 161 4609 Deo
185 4543 246 4608 sub
269 4562 355 4608 novo
379 4540 488 4623 aliquo
511 4540 609 4606 titulo
639 4540 844 4624 promittere,
876 4540 1011 4604 indicari
1035 4539 1133 4604 debet
1157 4542 1196 4606 de
1219 4547 1283 4604 roto
1306 4542 1415 4603 saltem

89 4655 154 4699 non
178 4639 324 4698 condere
346 4650 385 4696 ao
407 4630 500 4714 proin
525 4629 690 4695 Getulium
714 4629 745 4692 vi
770 4629 839 4695 voti
863 4629 904 4694 ad
927 4629 1006 4693 nihil
1030 4627 1145 4694 teneri.

144 4742 574 4791 stmkubl,0aeneeonsclenttae.
600 4741 618 4784 1.
1188 4733 1204 4786 9
