3106 5168
178 271 243 335 376
315 266 356 321 De
375 266 522 321 virtutibus
540 270 569 320 at
586 266 684 321 officiis
701 283 767 335 erga
785 265 915 321 homines.
935 295 968 305 -
988 266 1039 322 off.
1058 267 1130 322 cirea
1148 267 1218 322 bona
1236 272 1359 322 exterus.

770 442 906 508 Salutio.

116 597 169 650 744
266 581 320 647 An
352 602 542 659 ouaasrrmr
574 583 610 645 1¹¹¹
643 581 682 647 R.
716 585 744 647 1.
800 582 834 647 Si
866 582 989 648 multae
1021 582 1153 649 fraudes
1186 583 1380 650 commissae
1413 590 1500 664 sunt,

177 692 316 753 quarum
338 670 429 736 nulla
452 674 503 737 est
527 690 570 734 ex
592 690 628 735 se
650 670 779 752 gravis,
810 691 922 736 omnes
952 670 1047 737 simul
1074 675 1224 756 sumptae
1247 678 1338 738 certo
1362 694 1499 756 gravem

178 760 381 828 constituunt
402 759 598 826 materiam:
623 760 751 841 quando
781 759 894 841 gravis
925 761 1064 827 materia
1093 761 1199 826 adhuc
1221 761 1385 827 retinetur
1407 764 1443 828 in
1466 785 1501 829 sc

176 849 231 914 vel
253 849 286 914 in
302 848 532 932 aequivalenti,
556 848 723 914 restitutio
740 848 876 915 debetur
892 849 1009 916 saltem
1025 870 1067 914 ex
1086 850 1134 915 rei
1150 849 1276 916 alienae
1293 850 1500 929 detentione;

176 938 204 1003 si
228 959 292 1004 non
315 937 455 1021 amplius
477 937 649 1014 retinetur,
674 937 791 1004 titulus
813 938 1032 1004 restitutionis
1056 938 1181 1004 desumi
1204 939 1301 1005 debet
1325 961 1368 1005 ex
1392 944 1501 1026 culpo·

176 1028 233 1094 bili
255 1027 385 1094 actione
408 1025 660 1093 damnificativa.

264 1133 304 1198 R.
329 1135 359 1198 2.
402 1132 440 1197 In
462 1130 644 1215 posteriore
666 1130 768 1214 igitur
791 1152 879 1209 casu,
903 1135 940 1197 ut
963 1131 1075 1214 gravis
1099 1131 1255 1214 obligatio
1279 1133 1377 1211 adsit,
1403 1135 1501 1202 debet

176 1225 328 1287 constare
352 1221 392 1286 de
416 1221 511 1303 gravi
533 1224 670 1304 peccato
695 1220 876 1286 commisso.
910 1220 1017 1298 Quare
1040 1220 1068 1285 si
1092 1220 1163 1302 quis
1185 1221 1402 1288 intentionem
1427 1246 1499 1290 sae-

175 1309 248 1394 pius
271 1309 411 1375 iterandi
434 1309 567 1374 fraudes
590 1330 693 1390 usque
717 1310 758 1375 ad
773 1309 945 1375 materiam
961 1331 1096 1392 gravem
1119 1331 1184 1375 non
1206 1311 1376 1379 habuisset
1398 1318 1499 1396 atque

176 1403 252 1483 post
274 1398 423 1481 longiora
448 1402 578 1464 tantum
607 1398 800 1476 intervalla,
831 1419 915 1482 quae
945 1398 1151 1464 coalitionem
1182 1399 1417 1467 iniustitiarum
1441 1424 1499 1469 ex-

176 1488 328 1564 cludant,
361 1487 495 1553 fraudes
527 1487 681 1554 iterasset
712 1489 901 1569 lucrumque
934 1488 1207 1571 consumpsisset:
1239 1489 1407 1556 restitutio
1440 1493 1499 1556 sub

175 1576 271 1659 gravi
301 1576 448 1658 urgenda
479 1597 542 1641 non
572 1581 676 1655 esset,
710 1576 772 1642 etsi
802 1597 899 1642 cursu
928 1577 1086 1660 temporis
1115 1598 1242 1642 summa
1272 1579 1387 1644 totalis
1417 1580 1499 1648 satis

176 1686 297 1748 magna
321 1664 491 1732 evasisset.

263 1753 421 1820 Attamen
436 1753 470 1818 in
486 1775 564 1820 casu
580 1754 758 1837 proposito,
776 1752 874 1819 etiam
892 1753 1008 1837 priore,
1025 1753 1058 1819 id
1074 1754 1157 1819 sumi
1173 1776 1238 1819 non
1252 1759 1374 1840 potest.
1411 1757 1497 1824 Nam

175 1864 240 1908 non
263 1843 380 1909 aderat
408 1843 495 1909 inter
517 1844 664 1925 singulas
687 1842 820 1909 fraudes
842 1847 971 1909 tantum
994 1842 1221 1920 intervallum
1251 1844 1350 1909 immo
1382 1845 1409 1910 si
1442 1847 1498 1912 ad·

174 1931 308 2010 fuisset,
339 1953 404 1997 non
434 1931 540 1998 abfuit
570 1933 611 1998 ab
640 1931 733 1998 initio
763 1931 901 1998 intentio
928 1952 1027 2014 saepe
1049 1931 1182 1998 fraudes
1205 1934 1373 2016 repetendi
1397 1939 1498 2017 atque

174 2021 384 2105 perveniendi
415 2022 457 2088 ad
486 2042 646 2086 summam
675 2041 822 2102 gravem.
869 2020 1075 2104 Quapropter
1104 2021 1202 2086 etiam
1233 2022 1267 2086 in
1294 2022 1411 2089 Fulvio
1442 2026 1497 2090 ob·

174 2110 290 2192 ligatio
320 2110 515 2177 restituendi
545 2132 587 2175 ex
616 2111 713 2176 titulo
744 2109 881 2177 actionis
910 2109 1030 2176 iniuste
1060 2110 1322 2178 damnificativae
1355 2117 1389 2179 et
1422 2134 1498 2195 gra·

174 2199 261 2266 viter
284 2199 454 2283 culpabilis
477 2200 580 2266 statui
602 2199 715 2276 debet;
739 2199 773 2263 in
788 2199 921 2265 Antimo
945 2202 1056 2264 autem
1078 2199 1211 2283 insuper
1234 2220 1276 2265 ex
1299 2201 1347 2265 rei
1371 2202 1498 2269 alienae

175 2288 372 2355 detentione.

113 2397 165 2452 745
263 2386 302 2452 R.
327 2389 357 2452 3.
404 2385 439 2453 Si
461 2405 540 2450 vero
564 2384 741 2467 quaeritur,
766 2387 818 2450 cai
840 2384 989 2450 facienda
1012 2384 1056 2450 sit
1078 2385 1244 2451 restitutio
1268 2391 1302 2453 et
1325 2389 1496 2469 quomodo,

175 2474 433 2558 respondendum
457 2478 524 2540 est:
554 2474 591 2539 Iu
615 2494 736 2556 genere
759 2473 888 2555 quidem
912 2473 959 2550 ei,
984 2473 1038 2556 qui
1061 2474 1170 2539 laesus
1193 2479 1260 2553 est,
1285 2475 1425 2544 debetur
1448 2500 1497 2544 re·

174 2564 319 2637 stitutio;
344 2584 458 2629 verum
473 2563 533 2626 sub
549 2563 644 2644 gravi
667 2566 736 2627 tum
755 2567 894 2640 tantum,
920 2562 1049 2644 quando
1073 2562 1101 2627 is
1123 2563 1193 2647 ipse
1216 2564 1366 2646 graviter
1389 2567 1497 2632 laesus

175 2658 235 2719 est.
282 2651 368 2717 Hinc
397 2651 425 2716 si
455 2651 630 2716 universim
661 2651 761 2717 laesio
785 2652 876 2717 facta
899 2656 950 2717 est
979 2652 1108 2734 gravis,
1139 2652 1197 2717 sed
1226 2653 1332 2718 solum
1363 2662 1498 2741 propter

174 2740 351 2806 laesionem
379 2740 572 2816 multorum,
603 2761 697 2805 nemo
727 2746 837 2806 tamen
868 2740 1060 2821 singillatim
1089 2744 1238 2825 sumptus
1268 2743 1418 2825 graviter
1449 2752 1498 2811 ast

174 2831 299 2895 laesus:
325 2829 481 2912 obligatio
498 2829 627 2911 quidem
644 2834 817 2911 utcumque
841 2829 1034 2894 restituendi
1050 2832 1102 2894 est
1125 2831 1253 2910 gravis;
1279 2837 1315 2898 ut
1331 2834 1497 2901 restitutio

174 2921 233 2986 fiat
256 2919 335 3003 ipsis
358 2918 496 3001 illisqui
519 2919 601 2983 laesi
624 2917 699 2995 sint,
725 2922 776 2983 est
799 2918 882 2983 levis
905 2922 1033 2984 tantum
1058 2918 1224 2999 obligatio,
1250 2941 1354 3003 eaque
1380 2923 1498 2988 desinit

174 3009 381 3092 simpliciter,
413 3008 440 3073 si
472 3028 572 3073 causa
600 3007 806 3073 rationabilis
829 3007 882 3071 vel
906 3007 1005 3072 nimia
1032 3008 1080 3073 ita
1102 3007 1296 3074 restituendi
1320 3011 1497 3078 difficultas

174 3097 320 3164 accedat.

262 3196 301 3261 R.
327 3198 357 3261 4.
404 3196 441 3259 ln
465 3216 543 3260 casu
565 3193 744 3259 iniustitiae
768 3198 902 3277 propter
925 3193 1046 3258 multas
1069 3192 1203 3258 fraudes
1232 3194 1264 3258 in
1296 3197 1442 3279 pondere
1465 3203 1497 3264 et

174 3306 326 3350 mensura
350 3284 550 3361 commissas,
574 3283 602 3348 si
625 3283 695 3348 fere
717 3283 814 3347 iidem
838 3287 1001 3365 emptores
1025 3283 1180 3347 accedere
1203 3291 1358 3366 pergant,
1384 3288 1497 3353 modus

175 3373 372 3439 commodior
400 3378 434 3440 et
464 3373 585 3439 rectior
608 3376 675 3450 est,
706 3376 743 3438 ut
766 3372 879 3437 eodem
903 3371 997 3435 modo
1021 3392 1106 3436 nunc
1130 3377 1291 3453 augeatur
1313 3376 1441 3457 pondus
1465 3382 1497 3443 et

173 3485 337 3540 mensura,
362 3463 437 3527 dum
462 3462 503 3528 ad
526 3463 646 3526 iustam
671 3461 912 3527 restitutionem
935 3465 1127 3544 perventum
1152 3462 1204 3527 sit.

113 3564 164 3616 746
263 3552 385 3617 Verum
403 3551 558 3632 obligatio
575 3550 688 3632 gravis
704 3551 756 3615 vel
780 3554 955 3631 utcumque
977 3548 1092 3614 stricte
1108 3549 1197 3615 dicta
1220 3554 1265 3615 sic
1289 3552 1411 3633 agendi
1434 3576 1495 3619 non

175 3643 234 3717 est,
260 3644 330 3705 tum
354 3662 396 3705 ex
418 3641 546 3707 ratione
570 3661 646 3703 mox
669 3640 780 3716 allata,
804 3644 875 3705 tum
891 3638 967 3720 quia
990 3638 1109 3704 efficax
1132 3638 1296 3705 restitutio
1314 3641 1415 3706 etiam
1439 3643 1495 3709 tali

174 3729 269 3793 modo
286 3749 350 3794 non
366 3734 418 3795 est
434 3734 530 3795 extra
547 3728 691 3793 dubium:
716 3749 790 3792 nam
808 3733 980 3810 emptores,
1006 3749 1078 3792 cum
1094 3750 1162 3792 rem
1179 3728 1337 3807 nesciant,
1362 3736 1496 3815 propter

173 3818 307 3882 fraudes
323 3839 405 3899 quas
428 3819 516 3901 passi
539 3821 624 3894 sunt,
649 3818 790 3882 fortasse
814 3817 887 3899 plus
912 3817 1095 3898 expendere
1119 3821 1196 3882 sunt
1219 3818 1335 3896 coacti,
1361 3824 1398 3886 at
1421 3843 1495 3886 num

174 3913 308 3990 propter
332 3911 463 3971 auctam
485 3928 672 3972 mensuram
695 3906 774 3989 ipsis
804 3906 1030 3987 ignorantibus
1061 3928 1145 3971 nunc
1169 3907 1322 3990 expensis
1346 3915 1494 3991 parcant,

174 3997 305 4061 dubium
329 4000 390 4062 est.

263 4085 370 4163 Quare
394 4104 511 4149 censeo
542 4084 611 4148 sine
639 4083 705 4147 ullo
729 4084 880 4165 scrupulo
903 4083 1016 4148 statim
1039 4083 1110 4147 fieri
1134 4104 1230 4165 posse
1254 4085 1495 4152 restitutionem

173 4174 207 4239 in
223 4196 384 4259 pauperes
401 4174 453 4238 vel
476 4173 509 4238 in
526 4173 671 4256 publicos
687 4173 767 4236 fines
792 4172 862 4255 pios
886 4176 919 4237 et
942 4173 1039 4236 utiles
1063 4173 1164 4254 ipsius
1187 4172 1260 4248 loci,
1285 4174 1339 4237 ubi
1364 4176 1496 4241 fraudes

175 4265 366 4329 commissae
396 4267 489 4337 sunt;
520 4261 589 4326 fieri
620 4261 719 4326 etiem
748 4282 845 4343 posse
875 4260 907 4323 in
938 4263 1087 4345 quoslibet
1116 4283 1277 4344 pauperes
1302 4265 1356 4327 vel
1382 4287 1496 4331 causas

173 4354 245 4436 pias
269 4354 386 4419 saltem
410 4352 480 4417 sine
503 4355 639 4435 peccato
663 4349 774 4431 gravi,
800 4351 869 4426 vel,
898 4349 924 4413 si
949 4350 1036 4415 adsit
1060 4350 1262 4416 rationabilis
1286 4373 1404 4433 causa,
1430 4356 1495 4420 sine

175 4442 261 4507 omni
284 4447 430 4526 peccate.
478 4441 525 4507 cf.
555 4442 610 4505 Tb.
635 4463 675 4504 ra.
699 4439 725 4516 I,
752 4441 835 4504 1019
861 4443 895 4503 et
918 4443 1069 4503 auctores
1092 4440 1136 4503 ibi
1160 4439 1321 4506 laudatos.

263 4532 399 4596 Accedit
423 4536 532 4597 autem
556 4534 670 4594 nostra
694 4533 804 4594 aetate
828 4528 923 4593 facile
948 4528 1012 4593 alia
1030 4528 1125 4603 ratic,
1151 4550 1208 4592 cur
1223 4551 1287 4593 non
1312 4533 1495 4598 necessario

174 4620 290 4685 sistere
308 4622 482 4686 debeamus
506 4619 539 4683 in
562 4618 758 4703 pauperibus
780 4618 831 4682 vel
856 4617 962 4682 causis
985 4617 1047 4700 piis
1070 4618 1171 4700 ipsius
1194 4618 1267 4698 loci,
1293 4623 1381 4702 quod
1405 4621 1496 4687 nimi-
