<?xml version="1.0" encoding="UTF-8"?>
<!DOCTYPE html PUBLIC "-//W3C//DTD XHTML 1.0 Transitional//EN"
    "http://www.w3.org/TR/xhtml1/DTD/xhtml1-transitional.dtd">
<html xmlns="http://www.w3.org/1999/xhtml" xml:lang="en" lang="en">
 <head>
  <title>
</title>
<meta http-equiv="Content-Type" content="text/html;charset=utf-8" />
  <meta name='ocr-system' content='tesseract 3.04.00' />
  <meta name='ocr-capabilities' content='ocr_page ocr_carea ocr_par ocr_line ocrx_word'/>
</head>
<body>
  <div class='ocr_page' id='page_1' title='image "./casusconscienti01lehmgoog_0230.png"; bbox 0 0 3106 5168; ppageno 0'>
   <div class='ocr_carea' id='block_1_1' title="bbox 160 282 1327 358">
    <p class='ocr_par' dir='ltr' id='par_1_1' title="bbox 160 282 1327 358">
     <span class='ocr_line' id='line_1_1' title="bbox 160 282 1327 358; baseline 0.002 -18"><span class='ocrx_word' id='word_1_1' title='bbox 160 289 227 352; x_wconf 82' lang='lat'>214</span> <span class='ocrx_word' id='word_1_2' title='bbox 324 284 364 339; x_wconf 82' lang='lat' dir='ltr'>De</span> <span class='ocrx_word' id='word_1_3' title='bbox 382 284 530 339; x_wconf 79' lang='lat' dir='ltr'>virtuhbns</span> <span class='ocrx_word' id='word_1_4' title='bbox 548 288 577 339; x_wconf 88' lang='lat' dir='ltr'>et</span> <span class='ocrx_word' id='word_1_5' title='bbox 594 283 692 339; x_wconf 82' lang='lat' dir='ltr'>officiis</span> <span class='ocrx_word' id='word_1_6' title='bbox 711 301 777 352; x_wconf 78' lang='lat' dir='ltr'>erga</span> <span class='ocrx_word' id='word_1_7' title='bbox 795 282 925 338; x_wconf 83' lang='lat' dir='ltr'>hemines.</span> <span class='ocrx_word' id='word_1_8' title='bbox 941 315 975 325; x_wconf 89' lang='lat'>—</span> <span class='ocrx_word' id='word_1_9' title='bbox 995 284 1102 341; x_wconf 64' lang='lat' dir='ltr'>(imitas</span> <span class='ocrx_word' id='word_1_10' title='bbox 1120 287 1147 341; x_wconf 90' lang='lat' dir='ltr'>in</span> <span class='ocrx_word' id='word_1_11' title='bbox 1165 286 1327 358; x_wconf 86' lang='lat' dir='ltr'>proximum.</span> 
     </span>
    </p>
   </div>
   <div class='ocr_carea' id='block_1_2' title="bbox 9 440 191 481">
    <p class='ocr_par' dir='ltr' id='par_1_2' title="bbox 9 440 191 481">
     <span class='ocr_line' id='line_1_2' title="bbox 9 440 191 481; baseline 0 0"><span class='ocrx_word' id='word_1_12' title='bbox 9 440 191 481; x_wconf 39' lang='lat' dir='ltr'>W*</span> 
     </span>
    </p>
   </div>
   <div class='ocr_carea' id='block_1_3' title="bbox 756 476 893 544">
    <p class='ocr_par' dir='ltr' id='par_1_3' title="bbox 756 476 893 544">
     <span class='ocr_line' id='line_1_3' title="bbox 756 476 893 544; baseline -0.015 0"><span class='ocrx_word' id='word_1_13' title='bbox 756 476 893 544; x_wconf 80' lang='lat' dir='ltr'>Salutio.</span> 
     </span>
    </p>
   </div>
   <div class='ocr_carea' id='block_1_4' title="bbox 97 628 1489 1248">
    <p class='ocr_par' dir='ltr' id='par_1_4' title="bbox 97 628 1489 1248">
     <span class='ocr_line' id='line_1_4' title="bbox 97 628 1488 713; baseline 0.001 -19"><span class='ocrx_word' id='word_1_14' title='bbox 97 640 151 694; x_wconf 83' lang='grc'>419</span> <span class='ocrx_word' id='word_1_15' title='bbox 249 628 302 694; x_wconf 85' lang='lat' dir='ltr'>Ao</span> <span class='ocrx_word' id='word_1_16' title='bbox 326 649 517 706; x_wconf 76' lang='lat' dir='ltr'>qnaasrrnn</span> <span class='ocrx_word' id='word_1_17' title='bbox 543 633 581 695; x_wconf 73' lang='lat'>1¹²</span> <span class='ocrx_word' id='word_1_18' title='bbox 603 629 642 695; x_wconf 82' lang='lat' dir='ltr'>R.</span> <span class='ocrx_word' id='word_1_19' title='bbox 664 633 691 697; x_wconf 86' lang='lat' dir='ltr'>l.</span> <span class='ocrx_word' id='word_1_20' title='bbox 729 628 923 713; x_wconf 70' lang='lat' dir='ltr'>cooperatio</span> <span class='ocrx_word' id='word_1_21' title='bbox 947 651 1012 695; x_wconf 91' lang='lat' dir='ltr'>non</span> <span class='ocrx_word' id='word_1_22' title='bbox 1034 651 1110 695; x_wconf 89' lang='lat' dir='ltr'>raro</span> <span class='ocrx_word' id='word_1_23' title='bbox 1134 651 1207 696; x_wconf 91' lang='lat' dir='ltr'>cum</span> <span class='ocrx_word' id='word_1_24' title='bbox 1230 630 1389 697; x_wconf 89' lang='lat' dir='ltr'>scandalo</span> <span class='ocrx_word' id='word_1_25' title='bbox 1413 652 1488 697; x_wconf 91' lang='lat' dir='ltr'>con·</span> 
     </span>
     <span class='ocr_line' id='line_1_5' title="bbox 161 718 1488 805; baseline 0.003 -22"><span class='ocrx_word' id='word_1_26' title='bbox 161 718 318 784; x_wconf 88' lang='lat' dir='ltr'>funditur.</span> <span class='ocrx_word' id='word_1_27' title='bbox 354 719 399 785; x_wconf 82' lang='lat' dir='ltr'>Et</span> <span class='ocrx_word' id='word_1_28' title='bbox 422 739 540 784; x_wconf 90' lang='lat' dir='ltr'>revera</span> <span class='ocrx_word' id='word_1_29' title='bbox 555 719 641 801; x_wconf 92' lang='lat' dir='ltr'>quod</span> <span class='ocrx_word' id='word_1_30' title='bbox 664 719 706 784; x_wconf 93' lang='lat' dir='ltr'>ad</span> <span class='ocrx_word' id='word_1_31' title='bbox 722 719 1045 802; x_wconf 88' lang='lat' dir='ltr'>peccaminositatem</span> <span class='ocrx_word' id='word_1_32' title='bbox 1062 718 1193 796; x_wconf 79' lang='lat' dir='ltr'>attinet,</span> <span class='ocrx_word' id='word_1_33' title='bbox 1216 719 1265 786; x_wconf 91' lang='lat' dir='ltr'>ita</span> <span class='ocrx_word' id='word_1_34' title='bbox 1280 720 1352 786; x_wconf 88' lang='lat' dir='ltr'>fieri</span> <span class='ocrx_word' id='word_1_35' title='bbox 1366 724 1488 805; x_wconf 87' lang='lat' dir='ltr'>potest.</span> 
     </span>
     <span class='ocr_line' id='line_1_6' title="bbox 160 807 1489 894; baseline 0.002 -22"><span class='ocrx_word' id='word_1_36' title='bbox 160 808 222 875; x_wconf 82' lang='lat' dir='ltr'>Est</span> <span class='ocrx_word' id='word_1_37' title='bbox 243 808 329 873; x_wconf 92' lang='lat' dir='ltr'>enim</span> <span class='ocrx_word' id='word_1_38' title='bbox 344 807 494 874; x_wconf 89' lang='lat' dir='ltr'>similiter</span> <span class='ocrx_word' id='word_1_39' title='bbox 510 811 690 892; x_wconf 90' lang='lat' dir='ltr'>peccatum,</span> <span class='ocrx_word' id='word_1_40' title='bbox 714 807 801 890; x_wconf 93' lang='lat' dir='ltr'>qnod</span> <span class='ocrx_word' id='word_1_41' title='bbox 821 808 1049 892; x_wconf 80' lang='lat' dir='ltr'>cooperatione</span> <span class='ocrx_word' id='word_1_42' title='bbox 1068 808 1292 887; x_wconf 86' lang='lat' dir='ltr'>commit-titur,</span> <span class='ocrx_word' id='word_1_43' title='bbox 1317 813 1489 894; x_wconf 88' lang='lat' dir='ltr'>peccatum</span> 
     </span>
     <span class='ocr_line' id='line_1_7' title="bbox 158 897 1488 984; baseline 0.002 -22"><span class='ocrx_word' id='word_1_44' title='bbox 158 905 271 962; x_wconf 81' lang='lat' dir='ltr'>contro</span> <span class='ocrx_word' id='word_1_45' title='bbox 294 901 458 963; x_wconf 73' lang='lat' dir='ltr'>cordolem</span> <span class='ocrx_word' id='word_1_46' title='bbox 478 899 636 984; x_wconf 75' lang='lat' dir='ltr'>proximi,</span> <span class='ocrx_word' id='word_1_47' title='bbox 660 900 760 979; x_wconf 90' lang='lat' dir='ltr'>atque</span> <span class='ocrx_word' id='word_1_48' title='bbox 783 917 848 961; x_wconf 90' lang='lat' dir='ltr'>non</span> <span class='ocrx_word' id='word_1_49' title='bbox 871 918 947 963; x_wconf 90' lang='lat' dir='ltr'>raro</span> <span class='ocrx_word' id='word_1_50' title='bbox 969 897 1097 965; x_wconf 91' lang='lat' dir='ltr'>malitia</span> <span class='ocrx_word' id='word_1_51' title='bbox 1119 897 1253 982; x_wconf 89' lang='lat' dir='ltr'>propria</span> <span class='ocrx_word' id='word_1_52' title='bbox 1275 901 1309 965; x_wconf 91' lang='lat' dir='ltr'>et</span> <span class='ocrx_word' id='word_1_53' title='bbox 1333 898 1488 965; x_wconf 89' lang='lat' dir='ltr'>distincta</span> 
     </span>
     <span class='ocr_line' id='line_1_8' title="bbox 157 986 1487 1070; baseline 0.001 -19"><span class='ocrx_word' id='word_1_54' title='bbox 157 987 230 1051; x_wconf 88' lang='lat' dir='ltr'>eins</span> <span class='ocrx_word' id='word_1_55' title='bbox 253 986 379 1070; x_wconf 90' lang='lat' dir='ltr'>peccati</span> <span class='ocrx_word' id='word_1_56' title='bbox 403 986 546 1064; x_wconf 90' lang='lat' dir='ltr'>accedit,</span> <span class='ocrx_word' id='word_1_57' title='bbox 571 986 613 1051; x_wconf 90' lang='lat' dir='ltr'>ad</span> <span class='ocrx_word' id='word_1_58' title='bbox 636 986 721 1068; x_wconf 90' lang='lat' dir='ltr'>quod</span> <span class='ocrx_word' id='word_1_59' title='bbox 745 986 932 1070; x_wconf 90' lang='lat' dir='ltr'>cooperatio</span> <span class='ocrx_word' id='word_1_60' title='bbox 956 986 1147 1052; x_wconf 83' lang='lat' dir='ltr'>exhibetur:</span> <span class='ocrx_word' id='word_1_61' title='bbox 1176 986 1263 1053; x_wconf 90' lang='lat' dir='ltr'>sicut</span> <span class='ocrx_word' id='word_1_62' title='bbox 1285 986 1319 1052; x_wconf 92' lang='lat' dir='ltr'>in</span> <span class='ocrx_word' id='word_1_63' title='bbox 1342 988 1487 1055; x_wconf 80' lang='lat' dir='ltr'><strong>scandali</strong></span> 
     </span>
     <span class='ocr_line' id='line_1_9' title="bbox 159 1074 1488 1162; baseline 0.002 -22"><span class='ocrx_word' id='word_1_64' title='bbox 159 1080 295 1159; x_wconf 90' lang='lat' dir='ltr'>peccato</span> <span class='ocrx_word' id='word_1_65' title='bbox 325 1096 455 1159; x_wconf 86' lang='lat' dir='ltr'>semper</span> <span class='ocrx_word' id='word_1_66' title='bbox 478 1075 600 1141; x_wconf 88' lang='lat' dir='ltr'>caritas</span> <span class='ocrx_word' id='word_1_67' title='bbox 629 1074 786 1159; x_wconf 86' lang='lat' dir='ltr'>proximi,</span> <span class='ocrx_word' id='word_1_68' title='bbox 818 1096 882 1140; x_wconf 91' lang='lat' dir='ltr'>non</span> <span class='ocrx_word' id='word_1_69' title='bbox 911 1096 987 1141; x_wconf 90' lang='lat' dir='ltr'>raro</span> <span class='ocrx_word' id='word_1_70' title='bbox 1015 1075 1148 1160; x_wconf 87' lang='lat' dir='ltr'>insuper</span> <span class='ocrx_word' id='word_1_71' title='bbox 1171 1076 1313 1144; x_wconf 82' lang='lat' dir='ltr'>laeditur</span> <span class='ocrx_word' id='word_1_72' title='bbox 1335 1077 1488 1162; x_wconf 89' lang='lat' dir='ltr'>specialis</span> 
     </span>
     <span class='ocr_line' id='line_1_10' title="bbox 158 1164 1204 1248; baseline 0.003 -19"><span class='ocrx_word' id='word_1_73' title='bbox 158 1164 217 1231; x_wconf 90' lang='lat' dir='ltr'>illa</span> <span class='ocrx_word' id='word_1_74' title='bbox 240 1165 357 1242; x_wconf 90' lang='lat' dir='ltr'>virtus,</span> <span class='ocrx_word' id='word_1_75' title='bbox 382 1169 619 1247; x_wconf 88' lang='lat' dir='ltr'>contraquam</span> <span class='ocrx_word' id='word_1_76' title='bbox 642 1164 797 1248; x_wconf 86' lang='lat' dir='ltr'>peccandi</span> <span class='ocrx_word' id='word_1_77' title='bbox 822 1185 903 1230; x_wconf 89' lang='lat' dir='ltr'>ansa</span> <span class='ocrx_word' id='word_1_78' title='bbox 925 1164 1074 1248; x_wconf 78' lang='lat' dir='ltr'>proximo</span> <span class='ocrx_word' id='word_1_79' title='bbox 1098 1165 1204 1232; x_wconf 91' lang='lat' dir='ltr'>datur.</span> 
     </span>
    </p>
   </div>
   <div class='ocr_carea' id='block_1_5' title="bbox 155 1269 1487 2149">
    <p class='ocr_par' dir='ltr' id='par_1_5' title="bbox 155 1269 1487 2149">
     <span class='ocr_line' id='line_1_11' title="bbox 248 1269 1486 1355; baseline 0.001 -20"><span class='ocrx_word' id='word_1_80' title='bbox 248 1269 286 1336; x_wconf 87' lang='lat' dir='ltr'>R.</span> <span class='ocrx_word' id='word_1_81' title='bbox 313 1273 343 1336; x_wconf 85' lang='lat'>2.</span> <span class='ocrx_word' id='word_1_82' title='bbox 382 1269 610 1340; x_wconf 85' lang='lat' dir='ltr'>Nihilominus.</span> <span class='ocrx_word' id='word_1_83' title='bbox 633 1291 670 1335; x_wconf 89' lang='lat' dir='ltr'>re</span> <span class='ocrx_word' id='word_1_84' title='bbox 694 1273 848 1336; x_wconf 88' lang='lat' dir='ltr'>accurate</span> <span class='ocrx_word' id='word_1_85' title='bbox 864 1274 1004 1353; x_wconf 88' lang='lat' dir='ltr'>sumpta,</span> <span class='ocrx_word' id='word_1_86' title='bbox 1029 1270 1220 1336; x_wconf 86' lang='lat' dir='ltr'>scandalum</span> <span class='ocrx_word' id='word_1_87' title='bbox 1243 1274 1278 1336; x_wconf 90' lang='lat' dir='ltr'>et</span> <span class='ocrx_word' id='word_1_88' title='bbox 1298 1272 1486 1355; x_wconf 87' lang='lat' dir='ltr'>cooperatio</span> 
     </span>
     <span class='ocr_line' id='line_1_12' title="bbox 155 1358 1486 1444; baseline 0.002 -20"><span class='ocrx_word' id='word_1_89' title='bbox 155 1359 255 1443; x_wconf 89' lang='lat' dir='ltr'>plene</span> <span class='ocrx_word' id='word_1_90' title='bbox 279 1358 433 1425; x_wconf 81' lang='lat' dir='ltr'>contundi</span> <span class='ocrx_word' id='word_1_91' title='bbox 456 1380 521 1424; x_wconf 90' lang='lat' dir='ltr'>non</span> <span class='ocrx_word' id='word_1_92' title='bbox 545 1359 674 1425; x_wconf 87' lang='lat' dir='ltr'>debent.</span> <span class='ocrx_word' id='word_1_93' title='bbox 713 1358 801 1425; x_wconf 89' lang='lat' dir='ltr'>Nam</span> <span class='ocrx_word' id='word_1_94' title='bbox 822 1359 1011 1424; x_wconf 87' lang='lat' dir='ltr'>scandalum</span> <span class='ocrx_word' id='word_1_95' title='bbox 1030 1360 1169 1443; x_wconf 88' lang='lat' dir='ltr'>quidem,</span> <span class='ocrx_word' id='word_1_96' title='bbox 1194 1363 1224 1426; x_wconf 81' lang='lat' dir='ltr'>ai</span> <span class='ocrx_word' id='word_1_97' title='bbox 1242 1360 1358 1444; x_wconf 74' lang='lat' dir='ltr'>efficax</span> <span class='ocrx_word' id='word_1_98' title='bbox 1375 1360 1486 1444; x_wconf 63' lang='lat' dir='ltr'>fcerit,</span> 
     </span>
     <span class='ocr_line' id='line_1_13' title="bbox 158 1447 1485 1533; baseline 0.001 -20"><span class='ocrx_word' id='word_1_99' title='bbox 158 1469 216 1513; x_wconf 91' lang='lat' dir='ltr'>sen</span> <span class='ocrx_word' id='word_1_100' title='bbox 247 1447 275 1513; x_wconf 91' lang='lat' dir='ltr'>si</span> <span class='ocrx_word' id='word_1_101' title='bbox 305 1447 496 1513; x_wconf 87' lang='lat' dir='ltr'>scandalum</span> <span class='ocrx_word' id='word_1_102' title='bbox 527 1449 671 1514; x_wconf 90' lang='lat' dir='ltr'>activum</span> <span class='ocrx_word' id='word_1_103' title='bbox 703 1468 776 1514; x_wconf 90' lang='lat' dir='ltr'>cum</span> <span class='ocrx_word' id='word_1_104' title='bbox 806 1448 937 1533; x_wconf 88' lang='lat' dir='ltr'>passivo</span> <span class='ocrx_word' id='word_1_105' title='bbox 970 1470 1006 1513; x_wconf 89' lang='lat' dir='ltr'>re</span> <span class='ocrx_word' id='word_1_106' title='bbox 1035 1449 1108 1532; x_wconf 88' lang='lat' dir='ltr'>ipsa</span> <span class='ocrx_word' id='word_1_107' title='bbox 1136 1448 1238 1515; x_wconf 83' lang='lat' dir='ltr'>fuerit</span> <span class='ocrx_word' id='word_1_108' title='bbox 1268 1449 1485 1527; x_wconf 88' lang='lat' dir='ltr'>coniunctum,</span> 
     </span>
     <span class='ocr_line' id='line_1_14' title="bbox 158 1537 1485 1622; baseline 0 -20"><span class='ocrx_word' id='word_1_109' title='bbox 158 1558 289 1621; x_wconf 89' lang='lat' dir='ltr'>semper</span> <span class='ocrx_word' id='word_1_110' title='bbox 304 1537 415 1603; x_wconf 87' lang='lat' dir='ltr'>vocari</span> <span class='ocrx_word' id='word_1_111' title='bbox 436 1542 547 1620; x_wconf 91' lang='lat' dir='ltr'>potest</span> <span class='ocrx_word' id='word_1_112' title='bbox 566 1539 769 1621; x_wconf 77' lang='lat' dir='ltr'>cooperatio:</span> <span class='ocrx_word' id='word_1_113' title='bbox 795 1543 831 1604; x_wconf 92' lang='lat' dir='ltr'>at</span> <span class='ocrx_word' id='word_1_114' title='bbox 853 1537 1001 1602; x_wconf 80' lang='lat' dir='ltr'>scandali</span> <span class='ocrx_word' id='word_1_115' title='bbox 1024 1541 1204 1622; x_wconf 89' lang='lat' dir='ltr'>peccatum,</span> <span class='ocrx_word' id='word_1_116' title='bbox 1229 1540 1266 1603; x_wconf 92' lang='lat' dir='ltr'>nt</span> <span class='ocrx_word' id='word_1_117' title='bbox 1289 1537 1410 1604; x_wconf 87' lang='lat' dir='ltr'>efficax</span> <span class='ocrx_word' id='word_1_118' title='bbox 1433 1538 1485 1615; x_wconf 89' lang='lat' dir='ltr'>sit,</span> 
     </span>
     <span class='ocr_line' id='line_1_15' title="bbox 158 1626 1487 1711; baseline 0.002 -20"><span class='ocrx_word' id='word_1_119' title='bbox 158 1647 224 1691; x_wconf 93' lang='lat' dir='ltr'>non</span> <span class='ocrx_word' id='word_1_120' title='bbox 255 1630 307 1692; x_wconf 87' lang='lat' dir='ltr'>est</span> <span class='ocrx_word' id='word_1_121' title='bbox 336 1647 478 1692; x_wconf 91' lang='lat' dir='ltr'>necesse.</span> <span class='ocrx_word' id='word_1_122' title='bbox 525 1626 704 1692; x_wconf 90' lang='lat' dir='ltr'>Praeterea</span> <span class='ocrx_word' id='word_1_123' title='bbox 734 1648 775 1692; x_wconf 84' lang='lat' dir='ltr'>ex</span> <span class='ocrx_word' id='word_1_124' title='bbox 804 1627 911 1692; x_wconf 90' lang='lat' dir='ltr'>altera</span> <span class='ocrx_word' id='word_1_125' title='bbox 941 1630 1036 1711; x_wconf 88' lang='lat' dir='ltr'>parte</span> <span class='ocrx_word' id='word_1_126' title='bbox 1060 1626 1247 1711; x_wconf 90' lang='lat' dir='ltr'>cooperatio</span> <span class='ocrx_word' id='word_1_127' title='bbox 1271 1626 1371 1693; x_wconf 89' lang='lat' dir='ltr'>latius</span> <span class='ocrx_word' id='word_1_128' title='bbox 1394 1632 1487 1711; x_wconf 90' lang='lat' dir='ltr'>patet</span> 
     </span>
     <span class='ocr_line' id='line_1_16' title="bbox 158 1714 1484 1800; baseline 0.002 -20"><span class='ocrx_word' id='word_1_129' title='bbox 158 1736 257 1797; x_wconf 89' lang='lat' dir='ltr'>quam</span> <span class='ocrx_word' id='word_1_130' title='bbox 281 1714 483 1794; x_wconf 87' lang='lat' dir='ltr'>scandalum,</span> <span class='ocrx_word' id='word_1_131' title='bbox 507 1737 613 1798; x_wconf 93' lang='lat' dir='ltr'>neque</span> <span class='ocrx_word' id='word_1_132' title='bbox 636 1715 800 1798; x_wconf 88' lang='lat' dir='ltr'>quaelibet</span> <span class='ocrx_word' id='word_1_133' title='bbox 824 1716 1011 1800; x_wconf 89' lang='lat' dir='ltr'>cooperatio</span> <span class='ocrx_word' id='word_1_134' title='bbox 1035 1716 1181 1782; x_wconf 85' lang='lat' dir='ltr'>scandali</span> <span class='ocrx_word' id='word_1_135' title='bbox 1197 1715 1360 1781; x_wconf 89' lang='lat' dir='ltr'>rationem</span> <span class='ocrx_word' id='word_1_136' title='bbox 1375 1715 1484 1783; x_wconf 87' lang='lat' dir='ltr'>habet.</span> 
     </span>
     <span class='ocr_line' id='line_1_17' title="bbox 159 1804 1485 1890; baseline 0.001 -21"><span class='ocrx_word' id='word_1_137' title='bbox 159 1805 267 1881; x_wconf 87' lang='lat' dir='ltr'>Quare</span> <span class='ocrx_word' id='word_1_138' title='bbox 290 1804 354 1869; x_wconf 90' lang='lat' dir='ltr'>iam</span> <span class='ocrx_word' id='word_1_139' title='bbox 379 1805 532 1869; x_wconf 86' lang='lat' dir='ltr'>usuvenit</span> <span class='ocrx_word' id='word_1_140' title='bbox 556 1804 817 1889; x_wconf 87' lang='lat' dir='ltr'>cooperationem</span> <span class='ocrx_word' id='word_1_141' title='bbox 841 1826 938 1870; x_wconf 89' lang='lat' dir='ltr'>sensu</span> <span class='ocrx_word' id='word_1_142' title='bbox 962 1805 1124 1889; x_wconf 88' lang='lat' dir='ltr'>pressiore</span> <span class='ocrx_word' id='word_1_143' title='bbox 1146 1805 1256 1889; x_wconf 91' lang='lat' dir='ltr'>potins</span> <span class='ocrx_word' id='word_1_144' title='bbox 1274 1825 1405 1871; x_wconf 90' lang='lat' dir='ltr'>sumere</span> <span class='ocrx_word' id='word_1_145' title='bbox 1428 1826 1485 1890; x_wconf 91' lang='lat' dir='ltr'>pro</span> 
     </span>
     <span class='ocr_line' id='line_1_18' title="bbox 159 1894 1484 1978; baseline 0.005 -20"><span class='ocrx_word' id='word_1_146' title='bbox 159 1915 209 1972; x_wconf 88' lang='lat' dir='ltr'>ea,</span> <span class='ocrx_word' id='word_1_147' title='bbox 233 1914 317 1976; x_wconf 89' lang='lat' dir='ltr'>quae</span> <span class='ocrx_word' id='word_1_148' title='bbox 340 1895 531 1959; x_wconf 89' lang='lat' dir='ltr'>scandalum</span> <span class='ocrx_word' id='word_1_149' title='bbox 555 1915 620 1959; x_wconf 91' lang='lat' dir='ltr'>non</span> <span class='ocrx_word' id='word_1_150' title='bbox 643 1894 697 1960; x_wconf 88' lang='lat' dir='ltr'>sit.</span> <span class='ocrx_word' id='word_1_151' title='bbox 743 1896 901 1960; x_wconf 83' lang='lat' dir='ltr'>Attamen</span> <span class='ocrx_word' id='word_1_152' title='bbox 925 1915 1002 1959; x_wconf 90' lang='lat' dir='ltr'>usus</span> <span class='ocrx_word' id='word_1_153' title='bbox 1025 1895 1122 1978; x_wconf 90' lang='lat' dir='ltr'>plane</span> <span class='ocrx_word' id='word_1_154' title='bbox 1146 1897 1301 1960; x_wconf 86' lang='lat' dir='ltr'>constans</span> <span class='ocrx_word' id='word_1_155' title='bbox 1325 1916 1390 1959; x_wconf 91' lang='lat' dir='ltr'>non</span> <span class='ocrx_word' id='word_1_156' title='bbox 1418 1899 1484 1965; x_wconf 80' lang='lat' dir='ltr'>est:</span> 
     </span>
     <span class='ocr_line' id='line_1_19' title="bbox 159 1982 1487 2067; baseline 0.002 -21"><span class='ocrx_word' id='word_1_157' title='bbox 159 2002 261 2064; x_wconf 90' lang='lat' dir='ltr'>quare</span> <span class='ocrx_word' id='word_1_158' title='bbox 289 1982 388 2048; x_wconf 92' lang='lat' dir='ltr'>etiam</span> <span class='ocrx_word' id='word_1_159' title='bbox 419 1982 472 2047; x_wconf 92' lang='lat' dir='ltr'>hic</span> <span class='ocrx_word' id='word_1_160' title='bbox 501 2003 619 2049; x_wconf 89' lang='lat' dir='ltr'>nomen</span> <span class='ocrx_word' id='word_1_161' title='bbox 648 1983 888 2067; x_wconf 86' lang='lat' dir='ltr'>cooperationis</span> <span class='ocrx_word' id='word_1_162' title='bbox 911 1983 1094 2062; x_wconf 86' lang='lat' dir='ltr'>adhibetur,</span> <span class='ocrx_word' id='word_1_163' title='bbox 1125 1983 1195 2049; x_wconf 88' lang='lat' dir='ltr'>sive</span> <span class='ocrx_word' id='word_1_164' title='bbox 1224 1983 1309 2049; x_wconf 88' lang='lat' dir='ltr'>ratio</span> <span class='ocrx_word' id='word_1_165' title='bbox 1341 1983 1487 2050; x_wconf 90' lang='lat' dir='ltr'>scandali</span> 
     </span>
     <span class='ocr_line' id='line_1_20' title="bbox 159 2071 556 2149; baseline 0.003 -12"><span class='ocrx_word' id='word_1_166' title='bbox 159 2071 255 2149; x_wconf 88' lang='lat' dir='ltr'>inest,</span> <span class='ocrx_word' id='word_1_167' title='bbox 280 2073 350 2136; x_wconf 89' lang='lat' dir='ltr'>sive</span> <span class='ocrx_word' id='word_1_168' title='bbox 373 2093 437 2137; x_wconf 93' lang='lat' dir='ltr'>non</span> <span class='ocrx_word' id='word_1_169' title='bbox 460 2071 556 2138; x_wconf 86' lang='lat' dir='ltr'>inest.</span> 
     </span>
    </p>
   </div>
   <div class='ocr_carea' id='block_1_6' title="bbox 158 2177 1486 2618">
    <p class='ocr_par' dir='ltr' id='par_1_6' title="bbox 158 2177 1486 2618">
     <span class='ocr_line' id='line_1_21' title="bbox 248 2177 1486 2263; baseline 0 -20"><span class='ocrx_word' id='word_1_170' title='bbox 248 2179 286 2245; x_wconf 88' lang='lat' dir='ltr'>R.</span> <span class='ocrx_word' id='word_1_171' title='bbox 312 2182 342 2244; x_wconf 88' lang='lat'>3.</span> <span class='ocrx_word' id='word_1_172' title='bbox 387 2178 579 2261; x_wconf 73' lang='lat' dir='ltr'>cooperatio</span> <span class='ocrx_word' id='word_1_173' title='bbox 603 2177 704 2260; x_wconf 85' lang='lat' dir='ltr'>igitur</span> <span class='ocrx_word' id='word_1_174' title='bbox 727 2182 779 2243; x_wconf 88' lang='lat' dir='ltr'>est</span> <span class='ocrx_word' id='word_1_175' title='bbox 802 2199 979 2244; x_wconf 85' lang='lat' dir='ltr'>concursus</span> <span class='ocrx_word' id='word_1_176' title='bbox 1002 2200 1075 2244; x_wconf 90' lang='lat' dir='ltr'>cnm</span> <span class='ocrx_word' id='word_1_177' title='bbox 1100 2181 1235 2263; x_wconf 91' lang='lat' dir='ltr'>peccato</span> <span class='ocrx_word' id='word_1_178' title='bbox 1258 2178 1383 2249; x_wconf 86' lang='lat' dir='ltr'>alieno:</span> <span class='ocrx_word' id='word_1_179' title='bbox 1409 2199 1486 2262; x_wconf 84' lang='lat' dir='ltr'>ergo</span> 
     </span>
     <span class='ocr_line' id='line_1_22' title="bbox 158 2267 1486 2352; baseline 0.001 -20"><span class='ocrx_word' id='word_1_180' title='bbox 158 2267 313 2351; x_wconf 92' lang='lat' dir='ltr'>supponit</span> <span class='ocrx_word' id='word_1_181' title='bbox 335 2269 476 2333; x_wconf 90' lang='lat' dir='ltr'>alterum</span> <span class='ocrx_word' id='word_1_182' title='bbox 500 2271 663 2350; x_wconf 86' lang='lat' dir='ltr'>agentem,</span> <span class='ocrx_word' id='word_1_183' title='bbox 688 2288 826 2350; x_wconf 91' lang='lat' dir='ltr'>eumque</span> <span class='ocrx_word' id='word_1_184' title='bbox 849 2289 908 2352; x_wconf 90' lang='lat' dir='ltr'>per</span> <span class='ocrx_word' id='word_1_185' title='bbox 930 2289 965 2333; x_wconf 87' lang='lat' dir='ltr'>se</span> <span class='ocrx_word' id='word_1_186' title='bbox 988 2271 1026 2335; x_wconf 93' lang='lat' dir='ltr'>ut</span> <span class='ocrx_word' id='word_1_187' title='bbox 1048 2267 1260 2352; x_wconf 78' lang='lat' dir='ltr'>principalem</span> <span class='ocrx_word' id='word_1_188' title='bbox 1283 2288 1341 2333; x_wconf 89' lang='lat' dir='ltr'>seu</span> <span class='ocrx_word' id='word_1_189' title='bbox 1364 2275 1401 2333; x_wconf 81' lang='lat' dir='ltr'>ct</span> <span class='ocrx_word' id='word_1_190' title='bbox 1423 2271 1486 2334; x_wconf 83' lang='lat' dir='ltr'>ium</span> 
     </span>
     <span class='ocr_line' id='line_1_23' title="bbox 159 2356 1486 2441; baseline 0.001 -20"><span class='ocrx_word' id='word_1_191' title='bbox 159 2358 402 2423; x_wconf 78' lang='lat' dir='ltr'>determinatum</span> <span class='ocrx_word' id='word_1_192' title='bbox 426 2357 466 2422; x_wconf 90' lang='lat' dir='ltr'>ad</span> <span class='ocrx_word' id='word_1_193' title='bbox 491 2358 663 2439; x_wconf 86' lang='lat' dir='ltr'>agendum.</span> <span class='ocrx_word' id='word_1_194' title='bbox 702 2356 788 2422; x_wconf 90' lang='lat' dir='ltr'>Nam</span> <span class='ocrx_word' id='word_1_195' title='bbox 812 2356 840 2422; x_wconf 89' lang='lat' dir='ltr'>si</span> <span class='ocrx_word' id='word_1_196' title='bbox 864 2377 925 2439; x_wconf 88' lang='lat' dir='ltr'>ego</span> <span class='ocrx_word' id='word_1_197' title='bbox 949 2357 1192 2441; x_wconf 89' lang='lat' dir='ltr'>peractionem</span> <span class='ocrx_word' id='word_1_198' title='bbox 1215 2377 1320 2422; x_wconf 90' lang='lat' dir='ltr'>meam</span> <span class='ocrx_word' id='word_1_199' title='bbox 1346 2358 1486 2423; x_wconf 86' lang='lat' dir='ltr'>alterum</span> 
     </span>
     <span class='ocr_line' id='line_1_24' title="bbox 159 2445 1486 2530; baseline 0.001 -20"><span class='ocrx_word' id='word_1_200' title='bbox 159 2445 339 2512; x_wconf 90' lang='lat' dir='ltr'>determino</span> <span class='ocrx_word' id='word_1_201' title='bbox 363 2447 417 2511; x_wconf 89' lang='lat' dir='ltr'>vel</span> <span class='ocrx_word' id='word_1_202' title='bbox 440 2446 557 2511; x_wconf 90' lang='lat' dir='ltr'>induco</span> <span class='ocrx_word' id='word_1_203' title='bbox 581 2446 622 2511; x_wconf 91' lang='lat' dir='ltr'>ad</span> <span class='ocrx_word' id='word_1_204' title='bbox 646 2448 756 2510; x_wconf 91' lang='lat' dir='ltr'>actum</span> <span class='ocrx_word' id='word_1_205' title='bbox 779 2447 1050 2529; x_wconf 88' lang='lat' dir='ltr'>peccaminosum‚</span> <span class='ocrx_word' id='word_1_206' title='bbox 1075 2445 1243 2511; x_wconf 87' lang='lat' dir='ltr'>committo</span> <span class='ocrx_word' id='word_1_207' title='bbox 1265 2445 1399 2530; x_wconf 91' lang='lat' dir='ltr'>proprie</span> <span class='ocrx_word' id='word_1_208' title='bbox 1419 2446 1486 2511; x_wconf 91' lang='lat' dir='ltr'>dic·</span> 
     </span>
     <span class='ocr_line' id='line_1_25' title="bbox 158 2534 1485 2618; baseline 0 -18"><span class='ocrx_word' id='word_1_209' title='bbox 158 2538 228 2600; x_wconf 91' lang='lat' dir='ltr'>tum</span> <span class='ocrx_word' id='word_1_210' title='bbox 245 2534 444 2611; x_wconf 89' lang='lat' dir='ltr'>scandalum,</span> <span class='ocrx_word' id='word_1_211' title='bbox 470 2557 500 2601; x_wconf 93' lang='lat' dir='ltr'>v.</span> <span class='ocrx_word' id='word_1_212' title='bbox 517 2556 549 2617; x_wconf 84' lang='lat' dir='ltr'>g.</span> <span class='ocrx_word' id='word_1_213' title='bbox 573 2534 725 2613; x_wconf 88' lang='lat' dir='ltr'>iussione,</span> <span class='ocrx_word' id='word_1_214' title='bbox 749 2535 917 2601; x_wconf 88' lang='lat' dir='ltr'>suasione:</span> <span class='ocrx_word' id='word_1_215' title='bbox 942 2555 1138 2618; x_wconf 88' lang='lat' dir='ltr'>quamquam</span> <span class='ocrx_word' id='word_1_216' title='bbox 1162 2535 1261 2600; x_wconf 87' lang='lat' dir='ltr'>etiam</span> <span class='ocrx_word' id='word_1_217' title='bbox 1285 2535 1364 2602; x_wconf 90' lang='lat' dir='ltr'>talis</span> <span class='ocrx_word' id='word_1_218' title='bbox 1386 2535 1485 2601; x_wconf 89' lang='lat' dir='ltr'>iussio</span> 
     </span>
    </p>
   </div>
   <div class='ocr_carea' id='block_1_7' title="bbox 159 2623 1485 2780">
    <p class='ocr_par' dir='ltr' id='par_1_7' title="bbox 159 2623 1485 2780">
     <span class='ocr_line' id='line_1_26' title="bbox 159 2623 1485 2778; baseline 0.002 -90"><span class='ocrx_word' id='word_1_219' title='bbox 159 2624 212 2778; x_wconf 50' lang='lat' dir='ltr'>{lei</span> <span class='ocrx_word' id='word_1_220' title='bbox 237 2625 345 2690; x_wconf 90' lang='lat' dir='ltr'>suasio</span> <span class='ocrx_word' id='word_1_221' title='bbox 368 2623 456 2690; x_wconf 89' lang='lat' dir='ltr'>inter</span> <span class='ocrx_word' id='word_1_222' title='bbox 478 2628 709 2710; x_wconf 80' lang='lat' dir='ltr'>cooperationes</span> <span class='ocrx_word' id='word_1_223' title='bbox 732 2629 932 2701; x_wconf 87' lang='lat' dir='ltr'>numeratur,</span> <span class='ocrx_word' id='word_1_224' title='bbox 964 2645 1085 2707; x_wconf 90' lang='lat' dir='ltr'>easque</span> <span class='ocrx_word' id='word_1_225' title='bbox 1113 2625 1282 2706; x_wconf 78' lang='lat' dir='ltr'>ferreoles,</span> <span class='ocrx_word' id='word_1_226' title='bbox 1307 2628 1346 2691; x_wconf 90' lang='lat' dir='ltr'>ut</span> <span class='ocrx_word' id='word_1_227' title='bbox 1373 2625 1485 2692; x_wconf 88' lang='lat' dir='ltr'>statim</span> 
     </span>
     <span class='ocr_line' id='line_1_27' title="bbox 184 2713 295 2780; baseline 0.018 -2"><span class='ocrx_word' id='word_1_228' title='bbox 184 2713 295 2780; x_wconf 80' lang='lat' dir='ltr'>&#39;cetur</span> 
     </span>
    </p>
   </div>
   <div class='ocr_carea' id='block_1_8' title="bbox 96 2824 1486 3712">
    <p class='ocr_par' dir='ltr' id='par_1_8' title="bbox 96 2824 1486 3712">
     <span class='ocr_line' id='line_1_28' title="bbox 96 2824 1484 2910; baseline 0 -17"><span class='ocrx_word' id='word_1_229' title='bbox 96 2839 150 2893; x_wconf 83' lang='lat'>420</span> <span class='ocrx_word' id='word_1_230' title='bbox 247 2824 301 2892; x_wconf 86' lang='lat' dir='ltr'>An</span> <span class='ocrx_word' id='word_1_231' title='bbox 324 2848 515 2904; x_wconf 72' lang='lat' dir='ltr'>andnemun</span> <span class='ocrx_word' id='word_1_232' title='bbox 540 2830 579 2891; x_wconf 66' lang='lat'>2³¹</span> <span class='ocrx_word' id='word_1_233' title='bbox 602 2826 640 2891; x_wconf 88' lang='lat' dir='ltr'>R.</span> <span class='ocrx_word' id='word_1_234' title='bbox 660 2829 689 2893; x_wconf 92' lang='lat'>1.</span> <span class='ocrx_word' id='word_1_235' title='bbox 728 2825 920 2910; x_wconf 73' lang='lat' dir='ltr'>cooperatio</span> <span class='ocrx_word' id='word_1_236' title='bbox 938 2826 1085 2891; x_wconf 83' lang='lat' dir='ltr'>formalis</span> <span class='ocrx_word' id='word_1_237' title='bbox 1101 2848 1278 2910; x_wconf 89' lang='lat' dir='ltr'>numquam</span> <span class='ocrx_word' id='word_1_238' title='bbox 1302 2833 1355 2894; x_wconf 89' lang='lat' dir='ltr'>est</span> <span class='ocrx_word' id='word_1_239' title='bbox 1376 2827 1484 2904; x_wconf 90' lang='lat' dir='ltr'>licita;</span> 
     </span>
     <span class='ocr_line' id='line_1_29' title="bbox 159 2916 1485 3000; baseline -0.001 -18"><span class='ocrx_word' id='word_1_240' title='bbox 159 2916 346 3000; x_wconf 90' lang='lat' dir='ltr'>cooperatio</span> <span class='ocrx_word' id='word_1_241' title='bbox 370 2916 550 2983; x_wconf 87' lang='lat' dir='ltr'>materialis</span> <span class='ocrx_word' id='word_1_242' title='bbox 573 2920 702 2982; x_wconf 89' lang='lat' dir='ltr'>tantum</span> <span class='ocrx_word' id='word_1_243' title='bbox 725 2916 821 2981; x_wconf 91' lang='lat' dir='ltr'>modo</span> <span class='ocrx_word' id='word_1_244' title='bbox 844 2916 975 2994; x_wconf 87' lang='lat' dir='ltr'>illicita,</span> <span class='ocrx_word' id='word_1_245' title='bbox 1007 2916 1103 2981; x_wconf 89' lang='lat' dir='ltr'>modo</span> <span class='ocrx_word' id='word_1_246' title='bbox 1127 2916 1218 2983; x_wconf 89' lang='lat' dir='ltr'>licita</span> <span class='ocrx_word' id='word_1_247' title='bbox 1241 2920 1302 2982; x_wconf 89' lang='lat' dir='ltr'>est.</span> <span class='ocrx_word' id='word_1_248' title='bbox 1327 2953 1372 2962; x_wconf 88' lang='lat'>—</span> <span class='ocrx_word' id='word_1_249' title='bbox 1396 2916 1485 2994; x_wconf 84' lang='lat' dir='ltr'>Quod</span> 
     </span>
     <span class='ocr_line' id='line_1_30' title="bbox 159 3004 1485 3088; baseline -0.001 -16"><span class='ocrx_word' id='word_1_250' title='bbox 159 3011 197 3072; x_wconf 93' lang='lat' dir='ltr'>ut</span> <span class='ocrx_word' id='word_1_251' title='bbox 219 3006 335 3071; x_wconf 90' lang='lat' dir='ltr'>melius</span> <span class='ocrx_word' id='word_1_252' title='bbox 358 3006 580 3088; x_wconf 82' lang='lat' dir='ltr'>intellegatur,</span> <span class='ocrx_word' id='word_1_253' title='bbox 613 3005 770 3088; x_wconf 86' lang='lat' dir='ltr'>explicari</span> <span class='ocrx_word' id='word_1_254' title='bbox 800 3005 913 3083; x_wconf 88' lang='lat' dir='ltr'>debet,</span> <span class='ocrx_word' id='word_1_255' title='bbox 943 3025 1027 3088; x_wconf 86' lang='lat' dir='ltr'>quae</span> <span class='ocrx_word' id='word_1_256' title='bbox 1057 3004 1100 3070; x_wconf 92' lang='lat' dir='ltr'>sit</span> <span class='ocrx_word' id='word_1_257' title='bbox 1130 3005 1294 3084; x_wconf 83' lang='lat' dir='ltr'>formalis,</span> <span class='ocrx_word' id='word_1_258' title='bbox 1323 3026 1408 3088; x_wconf 89' lang='lat' dir='ltr'>quae</span> <span class='ocrx_word' id='word_1_259' title='bbox 1432 3027 1485 3071; x_wconf 93' lang='lat' dir='ltr'>co·</span> 
     </span>
     <span class='ocr_line' id='line_1_31' title="bbox 160 3095 1486 3179; baseline 0 -18"><span class='ocrx_word' id='word_1_260' title='bbox 160 3096 307 3179; x_wconf 90' lang='lat' dir='ltr'>operatio</span> <span class='ocrx_word' id='word_1_261' title='bbox 331 3095 511 3160; x_wconf 89' lang='lat' dir='ltr'>materialis</span> <span class='ocrx_word' id='word_1_262' title='bbox 534 3099 673 3160; x_wconf 90' lang='lat' dir='ltr'>tantum.</span> <span class='ocrx_word' id='word_1_263' title='bbox 721 3095 881 3159; x_wconf 81' lang='lat' dir='ltr'>Formelis</span> <span class='ocrx_word' id='word_1_264' title='bbox 905 3098 1079 3178; x_wconf 76' lang='lat' dir='ltr'>cooperatio</span> <span class='ocrx_word' id='word_1_265' title='bbox 1109 3115 1149 3159; x_wconf 89' lang='lat' dir='ltr'>ea</span> <span class='ocrx_word' id='word_1_266' title='bbox 1179 3099 1246 3172; x_wconf 88' lang='lat' dir='ltr'>est,</span> <span class='ocrx_word' id='word_1_267' title='bbox 1274 3116 1360 3176; x_wconf 89' lang='lat' dir='ltr'>quae</span> <span class='ocrx_word' id='word_1_268' title='bbox 1390 3118 1428 3161; x_wconf 76' lang='lat' dir='ltr'>ea</span> <span class='ocrx_word' id='word_1_269' title='bbox 1455 3117 1486 3161; x_wconf 82' lang='lat' dir='ltr'>er</span> 
     </span>
     <span class='ocr_line' id='line_1_32' title="bbox 160 3183 1485 3268; baseline 0 -18"><span class='ocrx_word' id='word_1_270' title='bbox 160 3185 338 3268; x_wconf 89' lang='lat' dir='ltr'>participat</span> <span class='ocrx_word' id='word_1_271' title='bbox 354 3184 513 3250; x_wconf 91' lang='lat' dir='ltr'>malitiam</span> <span class='ocrx_word' id='word_1_272' title='bbox 530 3184 657 3249; x_wconf 87' lang='lat' dir='ltr'>alienae</span> <span class='ocrx_word' id='word_1_273' title='bbox 673 3183 820 3249; x_wconf 91' lang='lat' dir='ltr'>actionis.</span> <span class='ocrx_word' id='word_1_274' title='bbox 856 3183 893 3247; x_wconf 92' lang='lat' dir='ltr'>ld</span> <span class='ocrx_word' id='word_1_275' title='bbox 917 3183 1042 3249; x_wconf 88' lang='lat' dir='ltr'>obtinet</span> <span class='ocrx_word' id='word_1_276' title='bbox 1066 3204 1131 3248; x_wconf 90' lang='lat' dir='ltr'>non</span> <span class='ocrx_word' id='word_1_277' title='bbox 1149 3184 1252 3248; x_wconf 91' lang='lat' dir='ltr'>solum</span> <span class='ocrx_word' id='word_1_278' title='bbox 1276 3183 1309 3249; x_wconf 92' lang='lat' dir='ltr'>in</span> <span class='ocrx_word' id='word_1_279' title='bbox 1333 3185 1485 3261; x_wconf 89' lang='lat' dir='ltr'>iussione,</span> 
     </span>
     <span class='ocr_line' id='line_1_33' title="bbox 160 3272 1484 3356; baseline 0.001 -18"><span class='ocrx_word' id='word_1_280' title='bbox 160 3275 328 3350; x_wconf 89' lang='lat' dir='ltr'>suasione,</span> <span class='ocrx_word' id='word_1_281' title='bbox 359 3274 416 3338; x_wconf 88' lang='lat' dir='ltr'>sed</span> <span class='ocrx_word' id='word_1_282' title='bbox 447 3273 546 3338; x_wconf 89' lang='lat' dir='ltr'>etiam</span> <span class='ocrx_word' id='word_1_283' title='bbox 575 3272 609 3337; x_wconf 93' lang='lat' dir='ltr'>in</span> <span class='ocrx_word' id='word_1_284' title='bbox 639 3273 752 3349; x_wconf 89' lang='lat' dir='ltr'>laude,</span> <span class='ocrx_word' id='word_1_285' title='bbox 784 3272 1035 3355; x_wconf 87' lang='lat' dir='ltr'>approbatione,</span> <span class='ocrx_word' id='word_1_286' title='bbox 1067 3272 1318 3356; x_wconf 88' lang='lat' dir='ltr'>participatione</span> <span class='ocrx_word' id='word_1_287' title='bbox 1341 3273 1484 3340; x_wconf 90' lang='lat' dir='ltr'>eiusdem</span> 
     </span>
     <span class='ocr_line' id='line_1_34' title="bbox 159 3361 1485 3444; baseline 0 -17"><span class='ocrx_word' id='word_1_288' title='bbox 159 3363 298 3429; x_wconf 90' lang='lat' dir='ltr'>actionis</span> <span class='ocrx_word' id='word_1_289' title='bbox 314 3362 510 3428; x_wconf 88' lang='lat' dir='ltr'>intrinsecus</span> <span class='ocrx_word' id='word_1_290' title='bbox 526 3362 643 3439; x_wconf 86' lang='lat' dir='ltr'>malae,</span> <span class='ocrx_word' id='word_1_291' title='bbox 668 3361 700 3425; x_wconf 91' lang='lat' dir='ltr'>in</span> <span class='ocrx_word' id='word_1_292' title='bbox 724 3362 840 3442; x_wconf 91' lang='lat' dir='ltr'>quavis</span> <span class='ocrx_word' id='word_1_293' title='bbox 856 3361 1061 3444; x_wconf 85' lang='lat' dir='ltr'>promotione</span> <span class='ocrx_word' id='word_1_294' title='bbox 1078 3361 1173 3444; x_wconf 91' lang='lat' dir='ltr'>pravi</span> <span class='ocrx_word' id='word_1_295' title='bbox 1192 3361 1292 3426; x_wconf 92' lang='lat' dir='ltr'>animi</span> <span class='ocrx_word' id='word_1_296' title='bbox 1315 3363 1357 3427; x_wconf 90' lang='lat' dir='ltr'>ab</span> <span class='ocrx_word' id='word_1_297' title='bbox 1382 3363 1485 3429; x_wconf 87' lang='lat' dir='ltr'>altero</span> 
     </span>
     <span class='ocr_line' id='line_1_35' title="bbox 159 3449 1486 3534; baseline 0 -18"><span class='ocrx_word' id='word_1_298' title='bbox 159 3452 225 3516; x_wconf 84' lang='lat' dir='ltr'>iarn</span> <span class='ocrx_word' id='word_1_299' title='bbox 244 3451 403 3533; x_wconf 89' lang='lat' dir='ltr'>concepti.</span> <span class='ocrx_word' id='word_1_300' title='bbox 424 3489 466 3495; x_wconf 97' lang='lat'><strong>—</strong></span> <span class='ocrx_word' id='word_1_301' title='bbox 486 3450 668 3516; x_wconf 89' lang='lat' dir='ltr'>Materialis</span> <span class='ocrx_word' id='word_1_302' title='bbox 688 3450 875 3533; x_wconf 89' lang='lat' dir='ltr'>cooperatio</span> <span class='ocrx_word' id='word_1_303' title='bbox 897 3454 948 3515; x_wconf 91' lang='lat' dir='ltr'>est</span> <span class='ocrx_word' id='word_1_304' title='bbox 967 3449 1052 3515; x_wconf 90' lang='lat' dir='ltr'>actio</span> <span class='ocrx_word' id='word_1_305' title='bbox 1074 3471 1131 3515; x_wconf 87' lang='lat' dir='ltr'>seu</span> <span class='ocrx_word' id='word_1_306' title='bbox 1150 3450 1331 3534; x_wconf 89' lang='lat' dir='ltr'>praestatio</span> <span class='ocrx_word' id='word_1_307' title='bbox 1351 3451 1486 3516; x_wconf 88' lang='lat' dir='ltr'>alicuius</span> 
     </span>
     <span class='ocr_line' id='line_1_36' title="bbox 159 3539 1485 3623; baseline 0.002 -19"><span class='ocrx_word' id='word_1_308' title='bbox 159 3541 207 3604; x_wconf 90' lang='lat' dir='ltr'>rei</span> <span class='ocrx_word' id='word_1_309' title='bbox 231 3562 273 3604; x_wconf 84' lang='lat' dir='ltr'>ex</span> <span class='ocrx_word' id='word_1_310' title='bbox 296 3562 332 3604; x_wconf 88' lang='lat' dir='ltr'>se</span> <span class='ocrx_word' id='word_1_311' title='bbox 355 3541 553 3616; x_wconf 90' lang='lat' dir='ltr'>non-malae,</span> <span class='ocrx_word' id='word_1_312' title='bbox 579 3561 644 3622; x_wconf 91' lang='lat' dir='ltr'>qua</span> <span class='ocrx_word' id='word_1_313' title='bbox 667 3540 752 3604; x_wconf 89' lang='lat' dir='ltr'>alter</span> <span class='ocrx_word' id='word_1_314' title='bbox 775 3539 922 3605; x_wconf 88' lang='lat' dir='ltr'>abutitur</span> <span class='ocrx_word' id='word_1_315' title='bbox 942 3539 995 3604; x_wconf 84' lang='lat' dir='ltr'>vel</span> <span class='ocrx_word' id='word_1_316' title='bbox 1019 3540 1179 3604; x_wconf 90' lang='lat' dir='ltr'>abusurus</span> <span class='ocrx_word' id='word_1_317' title='bbox 1202 3540 1425 3623; x_wconf 86' lang='lat' dir='ltr'>praevidetur,</span> <span class='ocrx_word' id='word_1_318' title='bbox 1450 3547 1485 3606; x_wconf 89' lang='lat' dir='ltr'>ut</span> 
     </span>
     <span class='ocr_line' id='line_1_37' title="bbox 160 3628 1206 3712; baseline 0.004 -19"><span class='ocrx_word' id='word_1_319' title='bbox 160 3651 255 3693; x_wconf 88' lang='lat' dir='ltr'>suum</span> <span class='ocrx_word' id='word_1_320' title='bbox 278 3633 447 3712; x_wconf 89' lang='lat' dir='ltr'>peccatum</span> <span class='ocrx_word' id='word_1_321' title='bbox 472 3634 674 3710; x_wconf 86' lang='lat' dir='ltr'>exsequatur</span> <span class='ocrx_word' id='word_1_322' title='bbox 696 3628 749 3692; x_wconf 91' lang='lat' dir='ltr'>vel</span> <span class='ocrx_word' id='word_1_323' title='bbox 774 3628 974 3693; x_wconf 90' lang='lat' dir='ltr'>commodius</span> <span class='ocrx_word' id='word_1_324' title='bbox 997 3633 1206 3711; x_wconf 85' lang='lat' dir='ltr'>exsequatur.</span> 
     </span>
    </p>
   </div>
   <div class='ocr_carea' id='block_1_9' title="bbox 57 3733 1486 4726">
    <p class='ocr_par' dir='ltr' id='par_1_9' title="bbox 57 3733 1486 4351">
     <span class='ocr_line' id='line_1_38' title="bbox 98 3733 1486 3816; baseline 0 -17"><span class='ocrx_word' id='word_1_325' title='bbox 98 3746 148 3800; x_wconf 82' lang='lat'>421</span> <span class='ocrx_word' id='word_1_326' title='bbox 249 3735 288 3799; x_wconf 88' lang='lat' dir='ltr'>R.</span> <span class='ocrx_word' id='word_1_327' title='bbox 314 3737 344 3800; x_wconf 80' lang='lat'>2.</span> <span class='ocrx_word' id='word_1_328' title='bbox 391 3733 584 3816; x_wconf 76' lang='lat' dir='ltr'>Coeperatio</span> <span class='ocrx_word' id='word_1_329' title='bbox 607 3733 788 3798; x_wconf 88' lang='lat' dir='ltr'>materialis</span> <span class='ocrx_word' id='word_1_330' title='bbox 811 3737 958 3809; x_wconf 90' lang='lat' dir='ltr'>tantum,</span> <span class='ocrx_word' id='word_1_331' title='bbox 990 3754 1064 3798; x_wconf 91' lang='lat' dir='ltr'>cum</span> <span class='ocrx_word' id='word_1_332' title='bbox 1087 3755 1129 3799; x_wconf 82' lang='lat' dir='ltr'>ex</span> <span class='ocrx_word' id='word_1_333' title='bbox 1153 3739 1313 3816; x_wconf 88' lang='lat' dir='ltr'>conceptu</span> <span class='ocrx_word' id='word_1_334' title='bbox 1339 3755 1398 3799; x_wconf 91' lang='lat' dir='ltr'>suo</span> <span class='ocrx_word' id='word_1_335' title='bbox 1423 3756 1486 3799; x_wconf 89' lang='lat' dir='ltr'>non</span> 
     </span>
     <span class='ocr_line' id='line_1_39' title="bbox 161 3822 1485 3907; baseline 0 -19"><span class='ocrx_word' id='word_1_336' title='bbox 161 3824 204 3888; x_wconf 90' lang='lat' dir='ltr'>sit</span> <span class='ocrx_word' id='word_1_337' title='bbox 228 3844 270 3887; x_wconf 84' lang='lat' dir='ltr'>ex</span> <span class='ocrx_word' id='word_1_338' title='bbox 294 3844 366 3887; x_wconf 88' lang='lat' dir='ltr'>sese</span> <span class='ocrx_word' id='word_1_339' title='bbox 390 3823 487 3898; x_wconf 90' lang='lat' dir='ltr'>mala,</span> <span class='ocrx_word' id='word_1_340' title='bbox 512 3824 599 3887; x_wconf 90' lang='lat' dir='ltr'>mala</span> <span class='ocrx_word' id='word_1_341' title='bbox 623 3822 735 3887; x_wconf 89' lang='lat' dir='ltr'>evadit</span> <span class='ocrx_word' id='word_1_342' title='bbox 758 3822 863 3887; x_wconf 91' lang='lat' dir='ltr'>solum</span> <span class='ocrx_word' id='word_1_343' title='bbox 889 3845 926 3887; x_wconf 79' lang='lat' dir='ltr'>ec</span> <span class='ocrx_word' id='word_1_344' title='bbox 941 3823 1061 3905; x_wconf 63' lang='lat' dir='ltr'>effecte,</span> <span class='ocrx_word' id='word_1_345' title='bbox 1087 3823 1212 3890; x_wconf 91' lang='lat' dir='ltr'>scilicet</span> <span class='ocrx_word' id='word_1_346' title='bbox 1236 3824 1322 3905; x_wconf 89' lang='lat' dir='ltr'>quod</span> <span class='ocrx_word' id='word_1_347' title='bbox 1345 3845 1405 3907; x_wconf 90' lang='lat' dir='ltr'>per</span> <span class='ocrx_word' id='word_1_348' title='bbox 1429 3825 1485 3890; x_wconf 89' lang='lat' dir='ltr'>ab·</span> 
     </span>
     <span class='ocr_line' id='line_1_40' title="bbox 57 3911 1486 3996; baseline 0 -18"><span class='ocrx_word' id='word_1_349' title='bbox 57 3985 61 3991; x_wconf 20' lang='lat'><strong>⁴</strong></span> <span class='ocrx_word' id='word_1_350' title='bbox 161 3934 254 3978; x_wconf 90' lang='lat' dir='ltr'>usum</span> <span class='ocrx_word' id='word_1_351' title='bbox 279 3911 414 3977; x_wconf 89' lang='lat' dir='ltr'>alterius</span> <span class='ocrx_word' id='word_1_352' title='bbox 438 3911 586 3976; x_wconf 83' lang='lat' dir='ltr'>conferat</span> <span class='ocrx_word' id='word_1_353' title='bbox 609 3912 650 3977; x_wconf 90' lang='lat' dir='ltr'>ad</span> <span class='ocrx_word' id='word_1_354' title='bbox 674 3912 794 3976; x_wconf 89' lang='lat' dir='ltr'>malum</span> <span class='ocrx_word' id='word_1_355' title='bbox 819 3913 969 3977; x_wconf 89' lang='lat' dir='ltr'>effectum</span> <span class='ocrx_word' id='word_1_356' title='bbox 995 3911 1149 3992; x_wconf 90' lang='lat' dir='ltr'>(alienum</span> <span class='ocrx_word' id='word_1_357' title='bbox 1165 3917 1336 3995; x_wconf 89' lang='lat' dir='ltr'>peccatum</span> <span class='ocrx_word' id='word_1_358' title='bbox 1354 3914 1486 3996; x_wconf 89' lang='lat' dir='ltr'>eiusque</span> 
     </span>
     <span class='ocr_line' id='line_1_41' title="bbox 161 4000 1485 4085; baseline -0.001 -18"><span class='ocrx_word' id='word_1_359' title='bbox 161 4002 325 4083; x_wconf 81' lang='lat' dir='ltr'>sequelae)</span> <span class='ocrx_word' id='word_1_360' title='bbox 356 4001 606 4084; x_wconf 90' lang='lat' dir='ltr'>producendum.</span> <span class='ocrx_word' id='word_1_361' title='bbox 654 4000 761 4077; x_wconf 84' lang='lat' dir='ltr'>Quare</span> <span class='ocrx_word' id='word_1_362' title='bbox 792 4001 987 4085; x_wconf 89' lang='lat' dir='ltr'>applicanda</span> <span class='ocrx_word' id='word_1_363' title='bbox 1017 4006 1093 4067; x_wconf 91' lang='lat' dir='ltr'>sunt</span> <span class='ocrx_word' id='word_1_364' title='bbox 1121 4002 1281 4084; x_wconf 89' lang='lat' dir='ltr'>principia</span> <span class='ocrx_word' id='word_1_365' title='bbox 1310 4002 1350 4066; x_wconf 92' lang='lat' dir='ltr'>de</span> <span class='ocrx_word' id='word_1_366' title='bbox 1374 4002 1485 4067; x_wconf 88' lang='lat' dir='ltr'>volun·</span> 
     </span>
     <span class='ocr_line' id='line_1_42' title="bbox 160 4090 1486 4172; baseline -0.001 -15"><span class='ocrx_word' id='word_1_367' title='bbox 160 4091 246 4157; x_wconf 87' lang='lat' dir='ltr'>tario</span> <span class='ocrx_word' id='word_1_368' title='bbox 269 4090 444 4157; x_wconf 87' lang='lat' dir='ltr'>indirecto:</span> <span class='ocrx_word' id='word_1_369' title='bbox 476 4090 626 4154; x_wconf 88' lang='lat' dir='ltr'>nimirum</span> <span class='ocrx_word' id='word_1_370' title='bbox 651 4090 748 4154; x_wconf 89' lang='lat' dir='ltr'>licere</span> <span class='ocrx_word' id='word_1_371' title='bbox 771 4111 892 4172; x_wconf 92' lang='lat' dir='ltr'>ponere</span> <span class='ocrx_word' id='word_1_372' title='bbox 917 4112 1048 4155; x_wconf 88' lang='lat' dir='ltr'>causam</span> <span class='ocrx_word' id='word_1_373' title='bbox 1073 4111 1115 4154; x_wconf 85' lang='lat' dir='ltr'>ex</span> <span class='ocrx_word' id='word_1_374' title='bbox 1139 4112 1174 4155; x_wconf 87' lang='lat' dir='ltr'>ss</span> <span class='ocrx_word' id='word_1_375' title='bbox 1197 4090 1416 4169; x_wconf 87' lang='lat' dir='ltr'>non-malam,</span> <span class='ocrx_word' id='word_1_376' title='bbox 1446 4113 1486 4156; x_wconf 80' lang='lat' dir='ltr'>ex</span> 
     </span>
     <span class='ocr_line' id='line_1_43' title="bbox 161 4178 1486 4263; baseline 0 -18"><span class='ocrx_word' id='word_1_377' title='bbox 161 4202 226 4263; x_wconf 89' lang='lat' dir='ltr'>qua</span> <span class='ocrx_word' id='word_1_378' title='bbox 250 4182 385 4244; x_wconf 87' lang='lat' dir='ltr'>effectus</span> <span class='ocrx_word' id='word_1_379' title='bbox 409 4179 515 4243; x_wconf 88' lang='lat' dir='ltr'>malus</span> <span class='ocrx_word' id='word_1_380' title='bbox 538 4184 710 4244; x_wconf 88' lang='lat' dir='ltr'>secuturus</span> <span class='ocrx_word' id='word_1_381' title='bbox 740 4179 799 4257; x_wconf 89' lang='lat' dir='ltr'>sit,</span> <span class='ocrx_word' id='word_1_382' title='bbox 831 4179 858 4243; x_wconf 87' lang='lat' dir='ltr'>si</span> <span class='ocrx_word' id='word_1_383' title='bbox 888 4179 1049 4244; x_wconf 89' lang='lat' dir='ltr'>habeatur</span> <span class='ocrx_word' id='word_1_384' title='bbox 1078 4178 1164 4243; x_wconf 88' lang='lat' dir='ltr'>ratic</span> <span class='ocrx_word' id='word_1_385' title='bbox 1194 4179 1333 4244; x_wconf 84' lang='lat' dir='ltr'>relative</span> <span class='ocrx_word' id='word_1_386' title='bbox 1357 4182 1486 4261; x_wconf 86' lang='lat' dir='ltr'>gravis;</span> 
     </span>
     <span class='ocr_line' id='line_1_44' title="bbox 161 4268 1485 4351; baseline 0 -17"><span class='ocrx_word' id='word_1_387' title='bbox 161 4271 231 4334; x_wconf 90' lang='lat' dir='ltr'>sine</span> <span class='ocrx_word' id='word_1_388' title='bbox 255 4268 411 4334; x_wconf 90' lang='lat' dir='ltr'>eiusmodi</span> <span class='ocrx_word' id='word_1_389' title='bbox 436 4268 562 4333; x_wconf 88' lang='lat' dir='ltr'>ratione</span> <span class='ocrx_word' id='word_1_390' title='bbox 586 4290 650 4332; x_wconf 87' lang='lat' dir='ltr'>non</span> <span class='ocrx_word' id='word_1_391' title='bbox 673 4268 782 4333; x_wconf 91' lang='lat' dir='ltr'>licere.</span> <span class='ocrx_word' id='word_1_392' title='bbox 830 4269 949 4333; x_wconf 83' lang='lat' dir='ltr'>Recole</span> <span class='ocrx_word' id='word_1_393' title='bbox 972 4289 1071 4351; x_wconf 88' lang='lat' dir='ltr'>supra</span> <span class='ocrx_word' id='word_1_394' title='bbox 1095 4289 1125 4335; x_wconf 89' lang='lat' dir='ltr'>n.</span> <span class='ocrx_word' id='word_1_395' title='bbox 1150 4270 1190 4333; x_wconf 87' lang='lat'>13</span> <span class='ocrx_word' id='word_1_396' title='bbox 1207 4289 1277 4351; x_wconf 89' lang='lat' dir='ltr'>sqq.</span> <span class='ocrx_word' id='word_1_397' title='bbox 1303 4273 1337 4333; x_wconf 91' lang='lat' dir='ltr'>et</span> <span class='ocrx_word' id='word_1_398' title='bbox 1366 4271 1422 4336; x_wconf 86' lang='lat' dir='ltr'>Th.</span> <span class='ocrx_word' id='word_1_399' title='bbox 1447 4293 1485 4334; x_wconf 86' lang='lat' dir='ltr'>m.</span> 
     </span>
    </p>

    <p class='ocr_par' dir='ltr' id='par_1_10' title="bbox 162 4360 1486 4726">
     <span class='ocr_line' id='line_1_45' title="bbox 162 4360 342 4440; baseline 0 -16"><span class='ocrx_word' id='word_1_400' title='bbox 162 4360 186 4437; x_wconf 89' lang='lat' dir='ltr'>I,</span> <span class='ocrx_word' id='word_1_401' title='bbox 216 4364 254 4424; x_wconf 86' lang='lat'>12</span> <span class='ocrx_word' id='word_1_402' title='bbox 272 4380 342 4440; x_wconf 90' lang='lat' dir='ltr'>sqq.</span> 
     </span>
     <span class='ocr_line' id='line_1_46' title="bbox 251 4463 1486 4548; baseline -0.001 -19"><span class='ocrx_word' id='word_1_403' title='bbox 251 4465 289 4530; x_wconf 88' lang='lat' dir='ltr'>R.</span> <span class='ocrx_word' id='word_1_404' title='bbox 315 4469 345 4533; x_wconf 85' lang='lat'>3.</span> <span class='ocrx_word' id='word_1_405' title='bbox 393 4463 546 4547; x_wconf 87' lang='lat' dir='ltr'>Sequitur</span> <span class='ocrx_word' id='word_1_406' title='bbox 576 4464 710 4546; x_wconf 87' lang='lat' dir='ltr'>requiri,</span> <span class='ocrx_word' id='word_1_407' title='bbox 745 4467 781 4528; x_wconf 91' lang='lat' dir='ltr'>ut</span> <span class='ocrx_word' id='word_1_408' title='bbox 814 4463 1000 4546; x_wconf 88' lang='lat' dir='ltr'>cooperatio</span> <span class='ocrx_word' id='word_1_409' title='bbox 1032 4464 1212 4530; x_wconf 90' lang='lat' dir='ltr'>materialis</span> <span class='ocrx_word' id='word_1_410' title='bbox 1245 4463 1286 4529; x_wconf 90' lang='lat' dir='ltr'>ad</span> <span class='ocrx_word' id='word_1_411' title='bbox 1316 4470 1486 4548; x_wconf 88' lang='lat' dir='ltr'>peccatum</span> 
     </span>
     <span class='ocr_line' id='line_1_47' title="bbox 162 4552 1486 4636; baseline 0.001 -18"><span class='ocrx_word' id='word_1_412' title='bbox 162 4555 303 4619; x_wconf 86' lang='lat' dir='ltr'>alienum</span> <span class='ocrx_word' id='word_1_413' title='bbox 336 4554 427 4620; x_wconf 88' lang='lat' dir='ltr'>licita</span> <span class='ocrx_word' id='word_1_414' title='bbox 459 4554 596 4630; x_wconf 87' lang='lat' dir='ltr'>evadat,</span> <span class='ocrx_word' id='word_1_415' title='bbox 633 4553 806 4635; x_wconf 88' lang='lat' dir='ltr'>aliquando</span> <span class='ocrx_word' id='word_1_416' title='bbox 839 4553 1067 4634; x_wconf 85' lang='lat' dir='ltr'>gravissimam</span> <span class='ocrx_word' id='word_1_417' title='bbox 1100 4552 1278 4629; x_wconf 86' lang='lat' dir='ltr'>rationem,</span> <span class='ocrx_word' id='word_1_418' title='bbox 1313 4554 1486 4636; x_wconf 87' lang='lat' dir='ltr'>aliqnando</span> 
     </span>
     <span class='ocr_line' id='line_1_48' title="bbox 163 4642 1486 4726; baseline 0.002 -20"><span class='ocrx_word' id='word_1_419' title='bbox 163 4645 313 4708; x_wconf 88' lang='lat' dir='ltr'>sufficere</span> <span class='ocrx_word' id='word_1_420' title='bbox 337 4645 443 4708; x_wconf 91' lang='lat' dir='ltr'>minus</span> <span class='ocrx_word' id='word_1_421' title='bbox 467 4665 613 4726; x_wconf 83' lang='lat' dir='ltr'>gravem,</span> <span class='ocrx_word' id='word_1_422' title='bbox 638 4642 813 4724; x_wconf 87' lang='lat' dir='ltr'>aliquando</span> <span class='ocrx_word' id='word_1_423' title='bbox 837 4646 1011 4723; x_wconf 87' lang='lat' dir='ltr'>utcumque</span> <span class='ocrx_word' id='word_1_424' title='bbox 1035 4642 1273 4709; x_wconf 90' lang='lat' dir='ltr'>rationabilem.</span> <span class='ocrx_word' id='word_1_425' title='bbox 1313 4643 1401 4709; x_wconf 88' lang='lat' dir='ltr'>Nam</span> <span class='ocrx_word' id='word_1_426' title='bbox 1425 4665 1486 4726; x_wconf 94' lang='lat' dir='ltr'>quo</span> 
     </span>
    </p>
   </div>
   <div class='ocr_carea' id='block_1_10' title="bbox 0 0 1560 5168">
    <p class='ocr_par' dir='ltr' id='par_1_11' title="bbox 0 0 1560 5168">
     <span class='ocr_line' id='line_1_49' title="bbox 0 0 1560 5168; baseline 0 0"><span class='ocrx_word' id='word_1_427' title='bbox 0 0 1560 5168; x_wconf 95' lang='lat' dir='ltr'> </span> 
     </span>
    </p>
   </div>
  </div>
 </body>
</html>
