3106 5168
175 275 240 336 474
315 267 356 323 De
375 269 523 324 virtutibus
541 273 570 324 et
587 269 685 325 officiis
703 287 769 340 arga
787 271 917 325 homines.
936 300 971 309 -
990 269 1041 326 Off.
1061 271 1133 326 circa
1151 272 1222 327 bona
1240 275 1365 327 externa.

175 446 270 506 tentia
297 446 406 507 notarii
433 466 486 522 pro
513 452 591 506 teste
619 447 738 506 functus
766 451 813 506 est
840 467 917 506 unus
937 447 987 523 qui
1013 447 1079 522 lege
1102 450 1287 524 reprobatur.
1330 446 1415 517 Quod
1435 467 1496 507 cnm

176 526 350 666 diiiiioriiidr
352 527 482 599 videant,
504 532 682 586 testamento
696 527 878 604 impugnato,
900 528 1032 587 obtinent
1047 547 1065 586 a
1079 528 1174 586 iudice
1188 528 1343 604 aequalem
1358 530 1497 588 bonorum

176 720 352 790 Quanamua
374 724 403 780 1⁰
428 721 596 797 potueritne
610 720 777 780 Cassander
791 720 872 780 illam
886 721 1060 781 divisionem
1074 724 1216 781 bonorum
1234 727 1301 781 tuta
1315 722 1499 782 conscientia

427 805 535 859 facere.

373 890 403 947 2⁰
428 889 616 966 potuerintne
630 889 681 948 filii
697 890 920 966 dispositionem
934 891 1188 950 testamentariam
1207 891 1393 968 impugnare,
1415 892 1498 968 idque

426 970 515 1028 etiarn
544 970 575 1028 in
603 989 692 1041 casu,
721 989 777 1046 quo
804 971 883 1047 patri
910 970 1024 1029 viventi
1051 990 1227 1030 consensum
1255 992 1341 1031 suum
1369 972 1497 1031 declara-

428 1049 534 1108 verint.

373 1139 403 1198 3⁰
429 1138 497 1276 qui?
524 1137 597 1196 iuris
618 1143 767 1215 competat
787 1139 846 1198 filio
874 1138 977 1198 maiori
998 1159 1017 1198 a
1038 1159 1091 1217 spe
1111 1140 1232 1199 maioris
1252 1141 1432 1200 hereditatis
1453 1141 1496 1200 de

428 1237 473 1276 1cc
489 1238 514 1278 o.

761 1355 896 1422 Salutio.

112 1516 165 1569 933
263 1507 316 1572 An
337 1527 528 1582 Quassrruu
553 1509 590 1570 1¹¹¹
614 1506 652 1573 R.
673 1509 700 1572 1.
740 1506 814 1571 Iure
837 1506 980 1572 naturali
1003 1511 1157 1590 parentes
1180 1510 1344 1585 tenentur,
1369 1509 1398 1573 si
1423 1530 1494 1593 pos·

175 1601 261 1674 sunt,
285 1595 360 1661 filiis
383 1596 431 1661 ita
454 1594 642 1679 providere,
671 1599 708 1660 ut
731 1596 907 1661 secundum
934 1600 1058 1662 statum
1089 1618 1182 1661 suum
1206 1597 1342 1664 valeant
1364 1597 1491 1673 vivere;

174 1706 279 1767 neque
303 1685 373 1749 sine
396 1683 571 1750 sufficienti
594 1683 722 1749 ratione
747 1705 803 1748 eos
826 1686 923 1768 plane
947 1686 988 1750 ab
1011 1685 1196 1752 hereditate
1220 1685 1406 1754 excludere.

263 1790 302 1858 R.
327 1792 357 1856 2.
404 1789 497 1855 Intra
525 1789 646 1855 limites
678 1788 747 1854 eius
771 1810 854 1871 quae
887 1789 1032 1855 indicata
1055 1796 1107 1856 est
1135 1790 1364 1874 providentiae
1396 1813 1493 1858 exse

175 1878 305 1962 quidem
328 1879 431 1944 libera
454 1883 506 1945 est
521 1879 663 1944 facultas
686 1879 771 1943 bona
788 1878 952 1943 dividendi
968 1879 1020 1943 vel
1037 1879 1077 1944 de
1092 1879 1132 1944 iis
1149 1879 1354 1964 disponendi3
1379 1881 1493 1947 nihilo·

175 1969 280 2033 nunus
303 1968 336 2033 in
359 1968 477 2034 bonum
501 1967 699 2033 familiarum
723 1988 899 2049 earumque
926 1968 1117 2034 stabilitatis
1141 1968 1195 2034 lex
1218 1968 1363 2053 positiva
1386 1975 1493 2054 potest

173 2057 248 2123 filiis
271 2057 304 2122 in
328 2062 452 2123 certam
475 2061 602 2141 partem
627 2057 782 2121 bonorum
806 2062 979 2140 parentum
1002 2057 1052 2122 ius
1076 2057 1239 2137 conferre;
1265 2058 1352 2140 quod
1375 2058 1406 2123 si
1428 2059 1491 2124 fac

175 2152 244 2212 turn
269 2150 321 2212 est
343 2168 448 2229 neque
464 2146 654 2230 parentibus
671 2145 766 2210 nimis
781 2146 992 2228 restringitur
1007 2146 1110 2212 libera
1126 2147 1317 2231 disponendi
1341 2147 1491 2226 facultas,

173 2236 206 2300 in
231 2235 430 2302 conscientia
453 2236 629 2300 secundum
653 2255 726 2300 eam
749 2235 855 2316 legem
880 2236 935 2316 agi
959 2236 1065 2302 debet.

263 2342 302 2409 R.
327 2346 357 2407 3.
404 2341 486 2405 Filio
518 2344 599 2406 natu
633 2340 764 2416 maiori,
800 2344 915 2422 utpote
948 2339 1092 2406 familiae
1132 2340 1232 2424 capiti
1265 2344 1300 2407 et
1338 2342 1491 2426 primario

174 2431 277 2515 patris
312 2429 510 2508 successori,
543 2433 580 2494 ut
613 2429 686 2513 plus
717 2428 922 2510 relinquatur
954 2450 1049 2510 quam
1082 2429 1231 2512 reliquis,
1265 2434 1300 2496 et
1332 2432 1491 2498 naturalis

173 2520 257 2586 ratio
281 2520 412 2597 suadet,
443 2524 477 2585 et
500 2518 662 2602 positivae
685 2518 775 2601 leges
799 2519 982 2602 complures
1006 2540 1161 2602 expresse
1183 2522 1346 2586 statuunt.
1393 2520 1491 2585 Immo

173 2614 211 2673 ut
232 2609 375 2674 facultas
398 2607 484 2673 adsit
507 2606 562 2672 uni
587 2627 628 2671 ex
651 2606 725 2671 tiliis
748 2628 827 2690 prae
850 2607 923 2673 aliis
939 2630 998 2691 pro
1014 2608 1149 2673 arbitrio
1165 2607 1308 2687 favendi,
1333 2609 1368 2674 in
1391 2608 1490 2675 omni·

173 2697 233 2762 bus
255 2697 378 2761 iuribus
401 2696 550 2780 positivis
578 2700 669 2761 certa
701 2717 777 2779 pars
807 2696 963 2761 bonorum
987 2696 1109 2762 liberae
1132 2697 1331 2781 possessoris
1356 2698 1490 2782 disposi-

172 2786 253 2851 tioni
277 2786 479 2867 relinquitur.
527 2784 618 2862 Quod
649 2784 779 2850 diversa
808 2786 936 2867 quidem
970 2786 1042 2851 iura
1075 2786 1291 2851 diversimode
1323 2791 1489 2853 statuunt:

172 2875 223 2939 ius
247 2874 450 2940 Gallicum
475 2874 544 2938 fere
567 2875 670 2939 solam
695 2879 845 2956 quartam
870 2879 998 2958 partem
1021 2876 1143 2940 liberae
1167 2875 1371 2960 dispositioni
1396 2877 1489 2942 relin-

172 2964 302 3045 quit—
319 2965 403 3047 quod
427 2985 542 3048 parurn
566 2964 711 3039 videtum
735 2963 786 3027 ius
809 2963 1093 3042 Austriacum,
1126 2964 1412 3031 Germanicum
1437 2987 1489 3030 no·

172 3075 265 3130 vum,
297 3053 517 3118 Romanum
547 3053 630 3118 satis
660 3073 763 3134 aeque
792 3074 922 3135 semper
953 3052 1117 3118 dimidiam
1148 3057 1295 3136 partem,
1320 3054 1420 3120 immo
1442 3056 1489 3120 ius

171 3143 394 3207 Romanum
418 3163 516 3226 saepe
541 3143 621 3206 duas
645 3142 761 3207 tertias
783 3146 904 3224 partes.

258 3249 298 3314 R.
323 3251 353 3315 4.
386 3249 509 3313 Censeo
533 3247 633 3330 igitur
656 3248 872 3312 Cassandrum
897 3249 945 3313 ita
968 3253 1039 3315 tuto
1063 3269 1161 3330 agere
1185 3249 1341 3331 potuisse,
1375 3252 1487 3316 saltem

171 3337 198 3402 si
222 3337 403 3421 portionem
427 3339 499 3419 lege
524 3338 758 3420 praescriptam
783 3337 857 3400 filiis
874 3338 972 3401 etiam
996 3341 1074 3402 natu
1091 3337 1268 3403 minoribus
1292 3339 1487 3415 attribuerit,

171 3447 275 3508 neque
299 3428 484 3492 aestimatio
508 3447 659 3508 agrorum
691 3432 724 3491 et
755 3425 883 3490 aedium
907 3427 994 3491 infra
1016 3426 1181 3492 minimum
1205 3428 1348 3510 pretium
1371 3430 1488 3495 iustum

171 3515 206 3579 in
227 3515 320 3579 huius
344 3516 502 3598 portionis
526 3516 768 3598 computatione
792 3515 994 3581 adhibeatur.

110 3643 162 3696 934
259 3629 311 3693 An
335 3650 525 3703 ouaasrrun
550 3634 588 3693 ‘2¹¹¹
612 3631 650 3695 lt.
674 3632 701 3696 l.
734 3629 766 3695 Si
790 3630 848 3693 filii
871 3630 969 3712 patri,
994 3651 1066 3694 cum
1084 3630 1286 3709 divisionem,
1312 3653 1412 3714 quam
1434 3655 1488 3698 vo·

172 3717 243 3794 luit,
268 3724 474 3801 proponeret,
499 3718 709 3802 promiserint
731 3719 816 3783 serio
840 3741 875 3784 se
899 3741 971 3784 earn
988 3725 1178 3786 servaturos
1201 3741 1259 3785 seu
1275 3726 1488 3788 exsecuturos

171 3827 258 3884 esse,
290 3828 332 3871 ex
362 3808 422 3871 hac
453 3807 524 3889 ipsa
547 3808 759 3891 promissione
783 3809 815 3872 vi
846 3808 1014 3874 fidelitatis
1044 3814 1078 3874 et
1100 3808 1235 3892 pietatis
1259 3831 1340 3892 erga
1364 3817 1487 3895 patrem

170 3899 333 3973 tenantur,
359 3896 446 3960 nullo
471 3903 621 3979 respectu
644 3898 755 3962 habito
779 3898 968 3962 testamenti
993 3898 1177 3981 conscripti.

259 4003 297 4068 lt.
323 4006 352 4066 2.
401 4002 432 4065 Si
458 4024 535 4066 vero
559 4025 622 4066 non
646 4004 871 4085 promiserint,
904 4005 960 4067 sed
991 4006 1095 4069 solum
1127 4028 1190 4069 non
1221 4007 1487 4088 repugnaverint,

170 4112 210 4155 ne
234 4097 362 4174 patrem
387 4093 674 4169 contristarentur,
705 4095 755 4156 vel
781 4094 878 4157 ctiam
905 4094 1046 4158 dixerint
1071 4116 1105 4158 so
1130 4099 1302 4159 contentos
1326 4117 1417 4160 esse:
1451 4117 1488 4160 ex

171 4182 230 4244 boc
254 4203 318 4245 non
349 4185 585 4246 contraxerunt
615 4181 777 4264 propriam
809 4183 1056 4263 obligationem;
1089 4185 1145 4248 sed
1176 4184 1410 4265 obligat-ionem
1440 4206 1488 4249 re-

170 4271 331 4351 stringere
354 4273 491 4352 possunt
515 4271 555 4334 ad
579 4271 620 4346 id,
647 4270 730 4350 quod
755 4274 952 4335 testamento
983 4272 1061 4354 ipsis
1084 4273 1279 4355 imponatur.
1327 4274 1435 4351 Quare
1464 4274 1489 4338 si

170 4363 405 4423 testamentum
429 4381 491 4422 non
517 4359 681 4435 subsistit,
715 4361 846 4442 propria
870 4361 1068 4442 obligatione
1092 4366 1156 4426 non
1179 4367 1352 4437 tenentur,
1379 4386 1488 4446 quom·

170 4468 267 4527 quam
291 4448 342 4530 pie
367 4469 430 4511 non
455 4453 567 4527 agunt,
592 4447 619 4510 si
643 4448 846 4514 voluntatem
863 4450 1009 4532 parentis
1027 4455 1136 4514 notam
1161 4452 1371 4533 posthabent.
1413 4453 1488 4517 Pec-

170 4536 235 4599 cati
259 4536 359 4616 igitur
383 4538 511 4619 proprie
535 4536 611 4601 dicti
636 4559 677 4601 ex
707 4558 742 4601 sc
773 4560 828 4603 eos
851 4561 916 4602 non
946 4540 1179 4616 accusaverim,
1204 4541 1231 4604 si
1256 4545 1488 4608 testamentum

170 4624 299 4687 defectu
324 4625 475 4689 laborans
498 4626 699 4708 impugnent.
