3106 5168
173 286 241 353 470
314 280 356 337 De
372 281 525 339 virtutibus
542 284 572 337 et
587 280 686 339 officiis
703 299 770 353 erpa
786 279 918 339 beminen.
935 310 971 321 -
988 278 1042 337 Ol!
1059 279 1134 337 ouo·
1150 278 1222 335 bom
1238 280 1364 335 uana

174 481 248 528 cum
271 458 303 526 in
327 460 385 527 boe
406 480 495 539 casu,
519 459 618 527 aliter
639 462 739 544 atque
766 458 800 525 in
820 461 930 546 priore
952 457 998 542 (n.
1022 460 1089 526 922
1111 461 1147 525 et
1169 456 1260 541 924),
1283 476 1366 523 sane
1388 455 1498 541 culpa·

173 549 249 616 bilis
271 547 416 616 adfuerit
437 548 620 616 reticentia.

263 654 302 725 R.
327 656 358 722 2.
403 654 479 721 Iure
501 654 604 739 igitur
625 653 768 722 souetas
789 651 942 721 instituet
963 652 1207 736 inquisitionem
1227 652 1273 719 ad
1295 651 1499 735 detegendae

174 764 288 811 omnes
310 743 586 811 circumstantias.
618 744 741 809 Verum
763 742 933 810 societatis
955 746 1008 809 eet
1029 742 1112 809 baec
1126 740 1303 827 inquirere,
1327 761 1396 808 non
1410 742 1498 808 blar-

174 831 277 899 aionis
299 832 355 900 vel
377 831 448 900 eius
470 832 627 899 heredum
648 831 733 899 baec
755 852 798 898 ex
820 852 895 899 sese
915 830 1140 899 manifestare.

110 954 165 1011 927
261 946 316 1013 Au
339 966 532 1022 ansnarrusr
554 948 595 1011 2·
616 946 656 1013 It.
682 948 711 1013 1.
750 944 786 1012 si
814 965 881 1011 non
909 965 952 1010 ox
981 944 1159 1012 infortunio
1182 942 1258 1011 viae
1286 942 1419 1011 ferreae
1441 943 1498 1009 sod

172 1035 317 1103 naturali
339 1056 448 1102 rerum
472 1056 570 1101 cursu
592 1055 636 1100 ex
653 1032 780 1101 afflicta
793 1032 983 1101 valetudine
999 1033 1147 1101 Marcion
1168 1037 1310 1099 mortem
1332 1031 1500 1099 subiturus

172 1125 572 1282 {negtiaroepondendum
602 1127 692 1191 esset
719 1125 757 1190 ut
785 1142 887 1208 supra
915 1142 994 1189 casu
1022 1122 1203 1208 penultimo
1232 1120 1276 1189 ad
1305 1120 1344 1200 Q.
1368 1124 1391 1188 3
1416 1122 1456 1190 R.
1479 1125 1498 1187 2

261 1318 302 1387 R.
326 1320 357 1386 2.
388 1318 486 1385 Nune
508 1338 589 1386 vero
611 1321 702 1403 puto,
725 1316 917 1403 responderi
939 1338 1036 1403 possa
1058 1317 1165 1401 magis
1187 1316 1222 1383 in
1243 1316 1397 1383 favorem
1411 1317 1499 1383 Mar·

173 1407 287 1476 cionis.
333 1407 387 1473 Ex
415 1407 555 1474 reticitis
584 1406 841 1474 circumstantiis
868 1426 959 1474 mors
984 1406 1162 1473 Marcionis
1191 1410 1409 1491 praematura
1436 1428 1499 1474 non

172 1500 226 1564 est
254 1496 404 1575 inducte,
441 1516 515 1563 cum
546 1516 584 1563 re
613 1495 687 1580 ipsa
715 1495 851 1563 inducta
872 1495 918 1564 sit
945 1516 1006 1580 per
1026 1494 1241 1563 infortunium
1271 1494 1348 1561 riae
1377 1495 1496 1570 fereae,

172 1586 260 1670 quod
275 1584 485 1664 Marcionem,
509 1584 573 1652 atsi
588 1584 834 1653 robustissimus
848 1584 976 1662 fuisset,
992 1604 1097 1668 aeque
1111 1582 1360 1670 prostravisset
1392 1583 1497 1663 Quare

172 1696 217 1743 ox
239 1673 412 1743 reticentia
434 1673 506 1753 ille,
529 1677 605 1741 utut
626 1673 661 1740 in
683 1695 721 1740 se
743 1674 912 1759 culpabili,
937 1673 1053 1759 efficax
1074 1673 1230 1741 damnum
1251 1673 1409 1741 societati
1431 1674 1496 1741 nul-

171 1764 240 1831 lum
262 1762 412 1831 inierim.
459 1763 512 1829 Ex
541 1763 664 1830 iniusta
692 1762 794 1847 igitur
823 1762 1087 1831 damnificatione
1116 1761 1274 1845 obligatio
1303 1762 1497 1831 restituendi

171 1874 240 1919 non
261 1852 403 1921 exsistit.
441 1851 549 1930 Quare
572 1873 646 1919 curn
661 1855 851 1920 contractus
866 1849 1120 1919 asswuratioffis
1141 1850 1358 1936 probabiliter
1379 1851 1415 1917 in
1429 1851 1496 1919 loro

171 1941 393 2009 conscientiae
414 1941 520 2007 solum
535 1941 580 2009 sit
594 1940 820 2020 resendibilis,
843 1941 893 2007 illi
907 1941 990 2008 stari
1005 1945 1117 2026 potest
1130 1960 1188 2007 seu
1212 1960 1344 2009 summa
1365 1962 1495 2009 moon·

171 2029 311 2099 rationis
333 2030 447 2115 accipi,
471 2030 575 2097 donec
596 2030 740 2098 societas
760 2050 799 2097 re
820 2051 903 2098 veru
925 2029 1112 2098 nullitateur
1133 2028 1352 2097 invocaverit.
