3106 5168
387 276 513 332 Virtutes
531 294 592 332 cum
611 278 701 332 debito
720 277 815 347 legali:
836 282 890 334 Reo
909 282 975 350 pald
992 284 1076 335 liceat.
1329 284 1393 348 257

665 456 801 525 Solutio.

161 591 213 656 An
237 610 429 666 ousnsrruu
455 592 492 656 1¹¹²
514 590 554 658 R.
581 592 609 657 1.
656 591 749 657 Circa
777 592 891 675 fugam
921 592 986 658 alia
1015 613 1071 658 reo
1094 592 1173 661 licet
1195 614 1295 676 agere
1319 596 1459 659 antetut

71 679 269 746 sententiam
292 679 417 757 iudicis,
441 678 507 745 alia
530 684 655 764 postea.
687 681 797 747 Antea
814 681 891 748 licet
906 681 986 763 fuga
1003 681 1306 748 condemnationem
1322 683 1396 749 red-

72 767 149 834 dere
171 768 385 847 inefficacem,
409 768 554 835 simodo
577 768 700 835 iniusta
723 769 773 836 vis
795 791 860 836 non
883 770 1053 837 inferatur.

160 872 199 941 R.
218 877 247 941 2.
279 875 361 941 Post
382 875 503 943 iustam
519 875 822 943 condemnationem
839 876 938 942 etiam
954 877 1129 959 aliquando
1145 868 1261 960 fugere
1276 876 1395 956 licebit,

71 963 202 1044 quando
225 963 351 1031 scilicet
373 985 479 1048 poena
502 963 598 1030 nimis
621 965 734 1048 gravis
757 970 818 1044 est,
842 970 976 1032 servata
996 970 1107 1032 tamen
1122 967 1248 1048 regula,
1273 987 1313 1030 ne
1329 965 1397 1032 cui·

70 1051 160 1135 piam
182 1051 346 1120 innocenti
371 1054 524 1120 damnum
547 1053 643 1119 nimis
666 1075 769 1137 grave
792 1055 970 1121 inferatur:
994 1054 1138 1137 alioquin
1156 1055 1345 1137 adingam,
1369 1055 1397 1120 si

72 1161 146 1205 eam
169 1141 315 1226 arripere
338 1142 425 1221 licet,
449 1163 566 1208 revera
589 1145 821 1228 capessendam
845 1164 1009 1210 carcerem
1033 1143 1211 1226 infringere
1230 1149 1265 1211 et
1279 1142 1397 1209 similia

71 1229 182 1296 facere
205 1252 261 1297 reo
285 1231 499 1297 communiter
522 1253 587 1297 non
610 1232 753 1300 vertitur
775 1238 920 1317 peccato.

161 1335 200 1403 R.
226 1340 257 1403 3.
303 1336 338 1402 Si
361 1358 439 1403 vero
469 1337 695 1405 condemnatio
718 1338 841 1404 iniusta
862 1337 976 1416 fuerit,
1007 1337 1080 1422 plus
1103 1338 1202 1404 etiam
1225 1359 1282 1405 reo
1305 1338 1397 1403 inno·

72 1424 160 1491 centi
181 1426 399 1509 permittitur,
423 1427 641 1493 excluduntur
664 1428 735 1493 sola
757 1427 830 1505 illa,
856 1425 972 1509 quibus
995 1427 1073 1492 ordo
1096 1426 1244 1511 publicus
1267 1432 1397 1512 pertur-

72 1514 207 1580 baretur
230 1515 283 1580 vel
307 1536 391 1598 quae
413 1515 484 1581 sine
507 1516 574 1581 ulla
598 1515 742 1583 utilitate
765 1516 838 1582 aliis
861 1516 949 1581 mala
971 1515 1141 1583 inferrent.

162 1602 209 1670 cf.
237 1605 294 1670 Tb.
318 1627 359 1670 m.
384 1604 409 1683 Ι,
434 1606 508 1671 818.
555 1605 862 1673 Bellen-Palm.
885 1609 928 1672 tr.
954 1607 984 1682 9,
1009 1626 1036 1671 c.
1061 1608 1091 1683 3,
1116 1628 1148 1672 n.
1175 1606 1247 1671 119.
1276 1607 1347 1671 120.

162 1719 215 1784 An
231 1739 422 1795 ouarsrruu
440 1723 478 1785 2¹²¹
493 1718 532 1786 R.
554 1723 580 1786 1.
612 1720 770 1798 Iasonius,
795 1741 866 1786 oum
889 1719 1011 1803 egisset
1027 1724 1143 1788 contra
1157 1721 1265 1804 legem
1279 1722 1397 1786 saltem
1406 1735 1458 1789 505

73 1809 260 1891 poenalem,
291 1830 364 1874 curn
387 1809 700 1893 deprehenderetur,
731 1830 796 1874 non
826 1813 958 1893 poterat
981 1810 1149 1877 custodem
1172 1816 1396 1894 prosternere;

73 1896 360 2071 {Zitsggrsrgrirfficgdo
390 1898 504 1982 fugam
534 1898 696 1982 arripere,
727 1898 759 1964 in
787 1903 945 1982 quantum
968 1899 1038 1964 sine
1062 1899 1197 1967 alterius
1220 1899 1398 1966 violatione

163 2084 202 2151 R.
228 2087 258 2151 2.
304 2083 477 2162 Similiter,
508 2106 580 2150 cum
605 2090 720 2169 captus
743 2085 932 2157 duceretur,
957 2106 1021 2150 non
1044 2084 1151 2170 potuit
1174 2085 1341 2152 custodem
1363 2085 1398 2150 in

73 2173 195 2239 flumen
225 2174 414 2252 detrudere,
444 2173 473 2238 si
502 2173 563 2240 hoo
592 2174 688 2239 modo
712 2174 839 2240 custodi
861 2173 1040 2258 periculum
1064 2174 1252 2249 creabatur;
1284 2174 1397 2257 quodsi

72 2261 252 2346 periculum
275 2263 399 2351 nullum
415 2264 533 2329 afferre
554 2267 695 2347 poterat,
719 2284 783 2329 non
799 2263 931 2329 videtur
945 2263 1085 2329 mortale
1100 2269 1269 2349 peccatum
1285 2263 1396 2330 fuisse.

163 2367 202 2436 R.
227 2371 258 2436 3.
301 2367 454 2434 Illicitum
478 2371 551 2434 erat
574 2369 741 2435 custodem
766 2368 907 2435 carceris
930 2389 1148 2452 corrumpere,
1172 2389 1210 2434 eo
1235 2369 1320 2450 quod
1343 2368 1398 2435 ille

74 2458 228 2524 seductus
255 2457 362 2524 officio
391 2478 450 2522 suo
474 2458 603 2536 doerat;
628 2458 686 2523 sed
709 2458 795 2541 quod
818 2459 947 2524 demum
971 2478 1137 2524 carcerem
1158 2457 1346 2539 infregerit,
1378 2480 1398 2524 a

75 2551 210 2631 peccato
243 2546 339 2612 facile
371 2551 565 2623 excusatum
598 2547 683 2629 quod
714 2568 792 2613 vero
823 2569 896 2613 cum
928 2546 1072 2631 periculo
1103 2546 1192 2613 vitae
1222 2546 1397 2629 aufugerit,

75 2636 225 2701 excusari
254 2635 383 2718 nequit,
414 2635 442 2701 si
469 2635 647 2719 periculum
671 2657 749 2703 vere
772 2657 874 2719 grave
898 2636 1004 2703 adfuit
1027 2657 1132 2719 neque
1155 2656 1260 2720 poena
1283 2635 1398 2703 mortis

75 2726 126 2791 vel
150 2729 256 2792 morte
279 2724 427 2790 acerbior·
449 2724 650 2791 imminebat.

180 2943 472 3010 PROOURATOR
495 2942 656 3010 REGIUS
685 2943 806 3009 MALE
830 2942 1071 3010 VINDIOANS
1094 2942 1289 3009 CRIMINA.

631 3098 741 3166 Casus.
770 3106 846 3176 (148)

163 3239 306 3311 Marinus,
320 3240 351 3298 in
366 3239 464 3299 officio
479 3240 596 3317 publico
611 3241 790 3299 constitutus
806 3240 916 3315 (regius
931 3242 1126 3317 procurator),
1143 3239 1267 3298 amioum
1282 3238 1398 3316 quidem

77 3320 159 3379 cuius
174 3320 400 3397 deprehenderit
414 3320 542 3391 fraudes,
564 3320 692 3391 dimittit,
714 3325 747 3379 at
767 3320 890 3379 aliorum
905 3320 1024 3379 fraudes
1039 3321 1077 3379 ad
1093 3339 1125 3379 se
1147 3320 1261 3379 delatas
1283 3319 1398 3397 publice

75 3401 272 3477 persequitur3
288 3401 423 3460 similitor
437 3401 621 3477 persequitur
630 3401 764 3459 convicia
779 3405 883 3459 contra
897 3420 997 3476 regem
1012 3406 1042 3459 et
1056 3406 1159 3459 contra
1173 3399 1398 3459 haeresiarchas
1496 3394 1500 3405 '

75 3481 204 3557 prolata;
220 3487 383 3540 scommata
393 3501 464 3540 vero
478 3481 508 3539 in
518 3481 682 3540 Ecclesiam
697 3481 874 3540 catholicam
888 3481 1009 3557 eiusque
1024 3480 1173 3557 praelatos
1187 3481 1302 3557 publice
1317 3482 1398 3540 facta

77 3581 150 3637 quae
172 3561 294 3632 audivit,
316 3562 423 3620 nedum
446 3561 510 3638 ipse
531 3566 661 3633 accuset,
683 3581 720 3619 ne
742 3561 910 3620 accusanda
927 3561 1042 3638 quidem
1065 3561 1215 3638 suscipere
1236 3562 1309 3632 vult,
1332 3580 1398 3620 cum

76 3641 293 3712 denuntientur,
315 3642 374 3700 nisi
394 3641 516 3718 produci
537 3642 652 3718 possint
673 3647 763 3700 antea
777 3647 838 3700 tres
856 3646 949 3701 testes
969 3641 1185 3718 probatissimi;
1208 3641 1334 3718 aliquem
1349 3642 1398 3717 qui

76 3721 250 3780 denuntiare
271 3728 396 3781 conatur
417 3723 599 3781 sacerdotem
618 3721 748 3780 violatae
769 3721 844 3796 legis
865 3721 1165 3798 politico-religiosae,
1187 3728 1308 3798 propter
1329 3723 1398 3781 ami·

77 3801 175 3859 citiam
191 3821 255 3860 cum
276 3802 327 3861 illo
342 3802 496 3861 sacerdote
516 3802 675 3861 inhumane
694 3802 821 3879 repellit,
843 3807 946 3861 contra
961 3802 1085 3860 alterum
1099 3808 1199 3861 tamen
1214 3802 1398 3861 sacerdotem

77 3880 328 3941 denuntiationem
355 3882 497 3959 suscipit,
526 3901 563 3940 ne
591 3901 711 3941 munere
739 3901 793 3940 suo
814 3881 951 3940 videatur
972 3883 1075 3942 deesse
1101 3901 1314 3959 ascensumque
1342 3883 1398 3942 sibi

75 3962 255 4037 praecludat.

78 4060 254 4131 Qurrarrue
276 4063 303 4118 1⁰
328 4059 397 4136 quid
423 4059 586 4135 generatim
608 4059 707 4119 facere
729 4059 835 4118 debeat
862 4059 949 4119 homo
977 4059 1008 4118 in
1028 4060 1146 4136 publico
1170 4059 1269 4119 officio
1291 4059 1398 4119 consti·

329 4146 410 4199 tutus
432 4141 468 4198 ad
491 4140 614 4199 crimina
635 4139 820 4198 vindicanda.

274 4229 304 4287 2⁰
330 4229 398 4305 quid
419 4229 449 4288 in
471 4229 596 4304 singulis
618 4229 737 4288 casibus
759 4228 794 4287 do
815 4228 930 4287 blarino
953 4229 992 4287 sit
1013 4228 1176 4288 dicandum.

663 4412 798 4479 Solutio.

164 4544 218 4609 Ar>
241 4564 432 4620 ouansrruu
459 4546 496 4607 1¹³
519 4543 556 4608 R.
583 4547 611 4608 1.
661 4543 863 4622 Generatim,
895 4544 1065 4628 supposita
1088 4545 1161 4625 lege
1184 4544 1287 4621 iusta,
1314 4544 1399 4609 eius·
1408 4562 1460 4616 506

79 4632 162 4698 modi
186 4633 238 4698 vir
264 4632 360 4699 debet
389 4634 459 4698 sine
489 4631 678 4715 acceptione
708 4654 919 4715 personarum
950 4633 1143 4699 denuntiare
1172 4653 1228 4698 eos
1258 4632 1313 4715 qui
1342 4632 1399 4699 de·

130 4744 297 4791 Lebmkulrl.
312 4744 557 4788 Casusconscientiae.
584 4745 601 4787 1.
1153 4738 1183 4790 l'r'
