3106 5168
456 281 570 337 Votum:
590 281 649 336 eins
666 281 801 336 relaxatio
818 308 854 320 -
872 281 1043 348 dispensatio.
1350 284 1412 349 137

88 461 166 524 sunt
178 461 272 524 vota:
288 455 521 539 ingrediendae
536 455 713 539 roligionis,
730 460 908 541 perpetuae
924 454 1100 532 eastitatis,
1117 455 1416 540 peregrinationum

88 547 204 613 trium:
228 545 550 629 Hierosolymitanae
566 546 608 612 ad
625 547 810 630 sepulcrum
825 544 894 623 Dn¹,
918 544 1087 610 Romanae
1103 546 1144 611 ad
1160 544 1273 611 limina
1288 545 1416 631 Apost,

87 636 371 719 Compostellanae
393 634 435 700 ad
459 635 492 701 S.
508 634 671 701 Iacobum.
706 633 796 711 Quae
819 637 909 708 vota,
931 632 960 698 si
982 634 1119 719 perfecte
1140 633 1264 700 luerint
1286 634 1416 713 emissa,

86 725 129 791 ab
152 723 313 810 episcopis
336 723 407 791 sine
430 724 565 807 speciali
587 723 759 809 privilegio
782 722 907 789 remitti
926 726 1101 805 nequeunt,
1134 723 1198 789 nisi
1219 724 1307 790 forte
1329 724 1416 809 peri·

86 814 195 880 culum
217 814 262 880 sit
284 813 318 879 in
340 833 432 879 mora
455 833 561 895 neque
584 812 693 880 aditus
716 813 758 879 ad
781 813 813 879 S.
837 812 1030 879 Pontificem
1053 815 1178 896 pateat.

176 919 215 984 R.
232 921 263 986 3.
296 918 442 985 Ptaelati
457 919 682 1003 religiosorum
700 917 798 984 aliive
814 917 1144 1003 quasi-episcopalem
1159 917 1414 984 iurisdietionem

87 1008 248 1074 habentes
272 1028 353 1090 erga
375 1028 469 1086 suos,
493 1008 514 1076 i.
536 1029 565 1075 e.
589 1029 669 1074 suae
691 1007 906 1073 iurisdictioni
929 1007 1094 1074 subiectos
1117 1012 1152 1074 et
1174 1007 1216 1073 ab
1239 1007 1416 1092 episcopali

84 1095 310 1164 iurisdictione
332 1100 514 1181 exemptos,
538 1098 653 1164 eadem
676 1101 813 1180 possunt
836 1100 936 1179 atque
951 1096 1111 1181 episeopi;
1135 1116 1216 1178 erga
1239 1101 1416 1163 extraneos

84 1187 193 1251 solum
215 1191 353 1271 possunt
376 1186 652 1271 dispensationem
680 1186 760 1252 dare
790 1206 833 1251 ex
862 1185 1086 1268 delegatione;
1118 1205 1216 1268 quam
1245 1186 1416 1268 regulares

85 1275 455 1343 communiterbabent.
502 1276 550 1345 Cf.
578 1277 635 1343 Ta.
659 1298 701 1342 m.
725 1275 757 1354 Ι,
782 1277 865 1353 473,
895 1273 1050 1341 Noldin
1073 1274 1121 1353 ΙΙ,
1145 1276 1277 1352 n.237;
1309 1275 1413 1354 Piat‚
1473 1291 1476 1300 '

86 1367 319 1431 Proclcctionee
341 1367 425 1431 iuria
447 1368 544 1450 repul.
568 1364 611 1444 Il,
635 1386 667 1449 p.
687 1367 762 1432 504.

177 1461 216 1528 R.
236 1465 267 1528 4.
306 1461 354 1529 Ut
369 1461 477 1528 valide
493 1462 709 1546 dispensetur,
733 1461 911 1544 requiritur
927 1480 1042 1527 eausa:
1067 1479 1142 1525 narn
1164 1460 1198 1527 in
1219 1461 1290 1526 iure
1309 1461 1477 1530 alienoris

85 1571 145 1616 seu
168 1550 347 1634 superioris
369 1571 464 1617 nemo
487 1550 597 1617 valida
620 1551 811 1634 dispensare
833 1553 944 1635 potest
966 1549 1036 1616 sine
1060 1571 1169 1618 eausa.
1207 1547 1254 1617 At
1276 1550 1308 1615 in
1328 1549 1415 1616 votis

86 1640 189 1706 etiarn
218 1640 288 1723 ipse
318 1639 350 1707 S.
381 1639 535 1706 Pontifex
565 1640 638 1722 agit
667 1640 755 1706 cirea
782 1640 833 1705 ius
863 1639 1030 1724 superius,
1061 1639 1150 1706 circa
1178 1639 1230 1704 ius
1260 1639 1413 1707 divinum.

177 1728 299 1793 Verum
322 1728 445 1794 sufficit
467 1729 609 1812 prudens
635 1729 788 1795 iudicium
812 1728 852 1795 de
882 1727 1079 1795 sufficientia
1102 1748 1222 1794 causae
1254 1733 1415 1811 exparte

84 1817 279 1901 superioris,
313 1820 349 1883 et
376 1817 505 1884 sincera
528 1818 689 1902 expositio
719 1839 761 1884 ex
784 1821 881 1903 parte
902 1816 1026 1884 subditi
1048 1816 1104 1900 qui
1133 1818 1224 1900 cupit
1245 1816 1415 1902 dispensa·

85 1906 219 1973 tionem.
255 1906 352 1984 Vota,
376 1905 410 1971 in
433 1927 570 1989 quorum
585 1907 747 1975 solutione
770 1907 881 1990 agitur
903 1906 944 1972 de
966 1906 1220 1990 praeiudicando
1235 1905 1298 1972 iuri
1313 1906 1414 1985 tertii,

84 1995 170 2061 solvi
193 2015 259 2060 non
280 2000 434 2079 possunt,
465 1996 528 2062 nisi
551 1999 700 2082 superior
727 1996 761 2063 in
785 1997 891 2080 ipsum
914 1995 994 2061 illud
1025 1995 1076 2061 ius
1099 1996 1191 2063 tertii
1213 2000 1414 2079 potestatem

85 2085 224 2162 babeat,
249 2084 302 2150 vel
326 2083 388 2149 nisi
416 2084 472 2150 illa
501 2087 621 2153 tertius
642 2107 702 2152 suo
732 2085 794 2151 iuri
817 2089 935 2170 sponte
957 2085 1071 2160 cedat;
1102 2089 1302 2169 quapropter
1326 2105 1414 2151 oom-

86 2173 230 2241 muniter
252 2173 430 2258 requiritur
462 2173 496 2239 in
519 2174 607 2241 votis
630 2173 792 2258 religiosis
815 2175 869 2240 vel
892 2174 986 2256 quasi
1009 2173 1172 2256 religiosis
1194 2194 1349 2240 recursus
1371 2173 1414 2240 ad

87 2265 119 2329 S.
145 2262 273 2331 Sedem.
324 2264 381 2333 Tb.
404 2286 444 2329 m.
469 2262 495 2343 l,
520 2266 595 2330 474.

176 2360 215 2427 R.
241 2362 271 2426 5.
317 2361 355 2425 In
379 2360 466 2426 votis
488 2361 629 2446 privatis
652 2360 709 2440 iis,
737 2361 771 2426 in
795 2360 912 2444 quibus
935 2360 976 2426 da
999 2360 1069 2425 iure
1092 2360 1183 2426 tertii
1205 2381 1269 2425 non
1293 2359 1413 2442 agitur,

85 2469 206 2515 causae
237 2449 489 2532 dispensationis
523 2471 566 2516 ex
600 2452 632 2516 S.
656 2449 872 2534 Alphonso
896 2450 961 2528 III,
986 2452 1050 2514 252
1074 2454 1110 2517 et
1134 2451 1198 2514 253
1233 2454 1310 2516 sunt
1345 2449 1414 2515 fere

84 2537 165 2604 hae:
192 2536 225 2619 l)
247 2538 427 2622 perieulum
450 2539 723 2622 transgressionis
746 2560 803 2604 sau
827 2538 959 2605 maioris
982 2539 1096 2605 ruinae
1119 2538 1315 2623 spiritualis,
1341 2559 1412 2604 cum

83 2648 144 2711 per
160 2649 196 2692 se
213 2632 326 2693 votum
342 2628 461 2694 debeat
479 2649 551 2693 esse
574 2628 607 2694 in
626 2629 782 2696 maiorem
807 2628 937 2694 animae
959 2627 1210 2711 perfectionem
1235 2627 1269 2710 2)
1293 2648 1414 2710 magna

84 2716 264 2783 difficultas
286 2717 321 2781 in
344 2718 569 2795 exsecutione3
596 2717 631 2800 3)
654 2718 798 2803 scrupuli
822 2738 842 2783 a
865 2722 944 2784 voto
968 2716 1103 2800 eiusque
1125 2717 1325 2797 obligatione
1348 2717 1414 2781 ori·

84 2805 178 2881 undi;
203 2807 238 2887 4)
253 2805 430 2872 immatura
444 2807 515 2873 voti
531 2806 676 2884 emissio;
701 2807 735 2889 5)
751 2808 871 2872 bonum
888 2827 1072 2872 commune:
1097 2827 1139 2872 ex
1159 2807 1276 2888 quibus
1295 2805 1413 2885 causis,

83 2899 184 2979 prout
205 2893 341 2978 gravius
359 2896 412 2960 vel
436 2895 541 2961 minus
564 2896 713 2979 graviter
729 2899 857 2979 urgent,
881 2896 1045 2963 relaxatio
1061 2895 1135 2981 plus
1151 2896 1300 2961 minusve
1315 2896 1414 2978 plena

84 2983 219 3050 concedi
244 2986 365 3068 potest,
389 3005 453 3050 non
470 2985 626 3052 adiuncta
641 2985 694 3050 vel
711 2986 867 3052 adiuncta
883 2985 994 3068 aliqua
1010 2984 1274 3052 commutatione.
1308 2983 1413 3050 Nimi-

83 3096 167 3151 rum,
192 3073 321 3156 quando
346 3073 476 3156 aliquod
492 3078 604 3140 votum
624 3075 725 3140 semel
749 3096 821 3141 oum
846 3075 944 3160 plena
967 3073 1202 3140 deliberatione
1226 3079 1260 3140 et
1283 3076 1413 3140 maturo

83 3162 220 3229 consilio
244 3163 398 3228 emissum
428 3167 496 3241 est,
526 3185 601 3229 raro
626 3163 760 3247 expedit
790 3185 831 3229 ax
862 3184 963 3229 eausa
991 3162 1122 3247 privata
1144 3162 1225 3228 illud
1251 3163 1321 3228 sine
1345 3161 1414 3227 ulla

83 3252 160 3319 boni
176 3251 286 3336 operis
302 3252 535 3334 subrogatione
550 3254 711 3319 relaxare.
745 3253 794 3320 uf.
811 3252 910 3320 etiam
927 3252 1121 3336 Laymann
1145 3251 1166 3317 l.
1184 3273 1212 3318 c.
1236 3273 1263 3318 c.
1281 3253 1312 3328 8,
1331 3272 1363 3319 n.
1382 3254 1411 3317 5.

174 3368 227 3432 An
251 3387 443 3443 qurnsrruu
467 3368 507 3431 3¹¹¹
530 3366 569 3432 R.
591 3367 619 3432 1.
666 3366 789 3433 Votum
821 3369 1023 3450 postremum
1056 3386 1120 3430 non
1151 3365 1313 3448 petendae
1346 3365 1412 3432 dis·
1421 3380 1474 3436 276

82 3455 288 3551 pausationis
321 3477 385 3521 non
418 3456 545 3531 obstat,
579 3455 657 3537 quin
688 3456 851 3523 Arcadius
883 3460 962 3523 vota
995 3476 1056 3521 sua
1089 3453 1280 3522 manifestet
1311 3460 1412 3538 atque

83 3544 234 3630 superior
257 3565 321 3610 non
343 3550 481 3627 rogatus
505 3544 681 3628 dispenset.
723 3545 816 3623 Quod
839 3565 919 3611 sane
943 3542 1107 3622 convenit,
1130 3545 1159 3608 si
1179 3547 1290 3629 prauis
1313 3565 1413 3611 causa

83 3634 226 3702 exsistit.
261 3634 363 3699 Immo
387 3637 525 3717 possunt
548 3637 663 3700 tantae
686 3635 847 3700 exsistere
871 3654 999 3711 causae,
1024 3654 1109 3717 quae
1131 3632 1193 3698 hoc
1210 3638 1324 3698 votum
1348 3655 1412 3699 non

82 3724 246 3808 petendae
269 3722 522 3806 dispensationis
545 3723 579 3788 vi
603 3744 663 3789 sua
687 3723 884 3801 destituant,
916 3726 1031 3808 utpote
1055 3742 1139 3805 quae
1171 3722 1348 3789 ostendant
1379 3722 1412 3789 id

82 3833 157 3879 esse
178 3810 404 3877 irrationabile
427 3832 532 3894 nequa
555 3812 616 3877 Dei
639 3812 794 3878 bonorem
818 3833 1024 3897 promovens.

172 3919 212 3985 R.
237 3922 267 3985 2.
314 3918 427 3996 Quoad
458 3918 740 4002 peregrinationes
769 3940 916 4003 suppono
946 3939 1011 3984 non
1043 3917 1192 4001 intellegi
1222 3918 1412 4001 peregrina·

81 4008 191 4074 tiones
220 4007 295 4074 illas
325 4017 504 4075 reservatos
535 4009 579 4090 (ν.
605 4029 705 4092 supra
728 4030 760 4075 n.
786 4006 874 4089 274).
922 4008 955 4074 Si
986 4008 1120 4091 negotiu
1150 4007 1330 4089 longiorem
1353 4008 1412 4073 ab·

83 4097 224 4165 sentiam
249 4118 315 4164 non
337 4098 543 4181 permittunt,
567 4097 649 4163 baec
672 4098 758 4165 ratio
779 4118 852 4163 esse
876 4101 996 4180 potest,
1021 4118 1079 4162 our
1094 4096 1169 4161 huic
1184 4101 1264 4162 voto
1280 4096 1412 4179 aliquod

81 4208 165 4272 opus
187 4186 277 4272 pium
300 4187 507 4268 subrogetur,
531 4186 585 4252 vel
604 4187 704 4253 etiam
721 4186 872 4269 elargitio
896 4191 1012 4254 tantae
1035 4187 1274 4268 eleemosynae,
1298 4185 1411 4267 quanti

80 4275 225 4343 Arcadio
249 4275 368 4343 itinera
390 4276 448 4343 illa
471 4276 689 4343 constiterint.

171 4374 210 4441 R.
244 4376 275 4440 3.
322 4373 435 4450 Quoad
468 4373 699 4457 promissiones
731 4372 944 4439 subveniendi
977 4372 1076 4439 certis
1108 4369 1273 4441 ecelesiis,
1308 4369 1411 4452 primo

81 4463 187 4530 videri
210 4463 325 4541 debet,
356 4462 464 4527 sintne
487 4463 563 4528 illae
587 4461 818 4546 promissiones
841 4461 1023 4528 rectoribus
1046 4461 1176 4526 illarum
1200 4458 1410 4524 eeclesiarum

80 4554 272 4620 notificatas
302 4557 403 4634 atque
427 4552 467 4617 ab
491 4550 530 4616 iis
554 4556 757 4635 acceptatae.
804 4551 924 4629 Quodsi
949 4553 1143 4632 acceptabas
1166 4547 1307 4612 nondum
1333 4546 1409 4623 sint,

81 4647 192 4728 potest
213 4640 416 4725 dispensatio
439 4641 525 4706 fieri:
550 4641 641 4707 cuius
664 4641 749 4707 ratio
773 4646 861 4707 esset
885 4641 937 4705 vel
962 4639 1138 4704 immatura
1160 4635 1331 4717 minusque
1354 4635 1410 4699 de·
