3106 5168
427 284 545 339 Peccata
564 288 658 338 contra
675 283 842 351 religionem.
861 313 896 322 —
918 284 1088 355 Superstitio.
1359 288 1420 354 107

182 459 237 524 An
261 479 453 535 ouansmun
477 463 516 524 2¹¹
539 459 578 524 R.
602 462 630 525 1.
676 460 714 525 In
735 465 842 547 primo
865 467 899 528 et
922 463 1056 528 secundo
1080 480 1159 525 casu
1182 480 1241 544 per
1263 482 1299 526 se
1322 460 1475 527 habe-211

93 570 166 614 mus
181 569 304 615 vanam
328 553 364 614 et
386 549 521 615 stultam
547 549 807 615 observantiam:
832 551 926 632 quasi
948 551 1067 634 hospes
1090 548 1354 616 tertiusdecimus
1370 552 1424 617 vel

91 638 234 706 fortuita
257 636 349 721 pedis
372 638 507 704 offensio
530 637 605 702 illos
621 637 734 704 tristes
750 641 885 706 effectus
902 660 1039 705 causare
1054 639 1109 704 vel
1125 638 1271 705 indicare
1286 639 1423 724 possint.

92 727 253 795 Attamen
277 748 350 792 cum
367 725 520 794 videatur
541 726 651 810 potius
669 748 775 810 vagus
798 728 897 793 timor
918 727 1118 796 irrationalis
1141 748 1214 793 esse
1236 749 1334 812 quam
1357 730 1425 795 ulla

92 817 149 882 vel
173 816 316 900 suspicio
340 815 489 881 diabolici
513 815 736 883 interventus:
770 817 981 897 Heribertus,
1011 817 1039 883 si
1069 816 1241 883 hincinde
1264 818 1425 886 stult'tias

93 905 170 972 illas
193 905 351 988 sequitur,
376 910 529 972 censetur
543 905 717 972 venialiter
732 910 862 973 tantum
885 928 1031 991 peccare.
1070 905 1118 972 uf.
1144 905 1293 986 Gobat,
1321 909 1427 975 lbeol.

95 999 248 1081 coeperim.
272 999 313 1060 tr.
331 992 387 1071 XI,
410 1016 441 1060 n.
460 996 535 1061 915.
553 997 618 1060 924
634 1016 717 1078 sqq.,
741 996 911 1080 speciatim
928 999 1004 1063 999.
1036 993 1136 1062 Aliud
1152 1001 1251 1075 esset,
1274 996 1303 1062 si
1318 1001 1423 1063 totam

94 1083 190 1167 quasi
206 1084 309 1150 vitam
333 1083 398 1149 illis
420 1083 656 1168 superstitiosis
680 1085 898 1151 observantiis
922 1091 1061 1169 regeret,
1086 1085 1232 1168 adeoque
1255 1107 1321 1152 non
1336 1085 1424 1152 timi·

95 1173 202 1239 ditate
225 1173 283 1238 sed
313 1180 398 1239 certa
424 1175 635 1258 persuasione
663 1172 738 1240 istis
767 1175 864 1240 rebus
887 1174 1090 1241 inhaereret:
1121 1174 1206 1256 quod
1237 1195 1301 1240 non
1330 1176 1425 1241 tieret

95 1262 168 1328 sine
191 1260 288 1346 gravi
310 1266 456 1346 peccato.

186 1366 225 1432 R.
251 1368 281 1432 2.
333 1367 440 1433 Tertio
463 1366 529 1432 ista
552 1366 672 1449 agendi
694 1366 780 1432 ratio
804 1388 862 1433 seu
885 1368 1014 1434 sanatio
1038 1367 1193 1446 vulneris,
1226 1368 1311 1434 siin
1334 1372 1425 1435 certa

95 1456 239 1522 formula
263 1461 418 1538 certoque
441 1476 575 1521 numero
599 1455 650 1520 vis
672 1457 851 1540 reponitur,
883 1477 925 1522 ex
948 1458 1010 1523 bac
1034 1460 1125 1522 certa
1148 1457 1254 1523 forma
1277 1463 1312 1525 et
1335 1464 1425 1525 certo

96 1565 233 1611 numero
257 1544 510 1622 invocationum,
535 1543 628 1628 quasi
651 1546 837 1611 necessaria
859 1545 935 1624 sint,
968 1567 1004 1611 se
1027 1546 1136 1630 prodit
1159 1546 1288 1612 omnino
1312 1568 1426 1631 super·

95 1634 279 1711 stitiosam‚
311 1637 345 1699 et
375 1633 517 1701 fortasse
541 1634 641 1700 etiarn
672 1655 715 1699 ex
744 1638 859 1701 tenore
885 1635 1030 1718 ipsarum
1053 1656 1185 1719 precum
1216 1634 1281 1701 iam
1312 1657 1425 1720 super·

96 1724 243 1791 stitionis
275 1722 441 1807 arguitur:
474 1723 507 1789 in
539 1745 575 1788 se
607 1723 708 1805 igitur
740 1746 798 1789 seu
831 1723 991 1790 obiective
1021 1725 1169 1806 graviter
1199 1725 1426 1808 peccaminosa

97 1816 166 1890 est:
200 1833 306 1896 neque
335 1812 518 1880 subiectiva
548 1813 718 1878 excusatio
750 1813 829 1891 erit,
863 1813 925 1879 nisi
956 1813 1043 1880 forte
1075 1833 1117 1878 ex
1150 1813 1360 1898 simplicitate
1392 1818 1426 1880 et

96 1904 295 1986 ignorantia.

188 2007 228 2074 R.
253 2011 283 2074 3.
329 2008 449 2073 Ultima
480 2006 538 2073 illa
567 2007 774 2090 superstitio,
808 2029 880 2073 cum
904 2007 1098 2074 Heribertus
1128 2008 1234 2074 adiret
1257 2008 1475 2074 mulierem21:

98 2096 280 2174 fatidicam,
302 2095 465 2162 difficilius
488 2118 508 2162 a
531 2096 627 2179 gravi
650 2101 785 2180 peccato
803 2101 989 2163 excusatur.
1025 2099 1088 2162 Per
1111 2118 1146 2163 se
1170 2098 1254 2164 enirn
1280 2097 1428 2181 graviter

98 2190 216 2271 peccat
238 2185 366 2252 ratione
389 2186 534 2252 scandali
559 2187 613 2268 qui
636 2186 705 2253 adit
729 2186 885 2251 eiusmodi
908 2208 1095 2271 personam,
1121 2208 1205 2269 quae
1228 2187 1313 2253 serio
1336 2187 1425 2253 illam

98 2274 366 2359 superstitionem
390 2279 471 2357 agat
493 2276 545 2340 vel
570 2277 774 2358 profiteatur,
799 2277 862 2342 etsi
884 2276 954 2359 ipse
977 2275 1040 2341 ioci
1063 2297 1163 2341 cauea
1186 2280 1275 2357 agat.
1320 2277 1427 2360 Magis

99 2366 201 2430 etiam
221 2364 421 2430 'Heribertus
443 2365 603 2448 peccavit,
627 2364 656 2430 si
679 2365 749 2448 ipse
772 2365 917 2430 mulieris
938 2365 1063 2431 artibus
1081 2365 1227 2430 nonnihil
1245 2365 1368 2431 fidebat
1382 2403 1428 2413 -

97 2454 133 2519 id
149 2453 236 2536 quod
255 2453 427 2520 curiositas
451 2458 486 2519 et
508 2453 630 2519 sciendi
654 2453 825 2538 cupiditas,
850 2475 916 2537 qua
935 2459 1097 2531 movetur,
1114 2454 1267 2520 videntur
1282 2454 1426 2521 innuere.

99 2542 335 2619 Nihilominus,
367 2542 394 2607 si
425 2542 496 2608 sola
524 2543 700 2608 tenebatur
723 2542 914 2608 curiositate
938 2543 1090 2610 audiendi
1114 2543 1191 2627 quid
1220 2543 1282 2609 sibi
1311 2544 1429 2609 mulier

100 2632 207 2709 dicat,
237 2653 302 2697 non
324 2632 428 2697 fidens
452 2630 521 2696 eius
545 2631 656 2708 dictis,
688 2636 722 2699 et
745 2633 933 2715 ceteroquin
957 2653 999 2698 ex
1026 2633 1097 2699 ioco
1121 2634 1205 2716 egit,
1237 2632 1335 2699 facile
1357 2632 1428 2698 fieri

98 2722 218 2807 potuit,
242 2725 280 2788 ut
302 2722 343 2787 ad
364 2721 564 2793 scandalum,
588 2721 675 2804 quod
691 2722 785 2788 daret
801 2721 968 2787 mulierem
986 2722 1101 2788 illicita
1116 2723 1272 2804 rogando,
1297 2722 1428 2788 minime

99 2810 291 2878 attenderet
314 2815 413 2893 atquo
437 2810 483 2875 sic
506 2810 723 2876 subiectivum
746 2816 916 2894 peccatum
940 2832 1043 2894 grave
1066 2813 1236 2894 effugeret.

190 2906 281 2985 Quod
305 2907 332 2974 si
357 2907 542 2973 eonstiterit
564 2908 618 2974 vel
641 2908 809 2991 probabile
834 2907 897 2975 etsi
921 2909 1052 2975 dubium
1076 2908 1185 2986 fuerit,
1211 2907 1428 2974 confessarius

99 3018 181 3064 sane
205 2998 291 3062 male
321 2997 389 3080 egit
419 3018 483 3062 non
514 2998 698 3075 absolvens,
723 2997 883 3079 siquidem
915 2999 1019 3064 neda
1044 2997 1174 3064 mortali
1198 2998 1328 3080 quidem
1352 3019 1428 3082 pec·

99 3091 187 3164 cato,
211 3086 304 3170 proin
327 3106 433 3168 neque
457 3086 496 3151 de
519 3091 689 3153 reservato
714 3091 822 3154 certus
845 3091 928 3153 orat.

190 3184 293 3248 Immo
324 3184 385 3250 etsi
416 3188 584 3267 peceatum
616 3184 680 3250 luit
710 3188 800 3250 certo
830 3185 985 3262 mortale,
1018 3183 1236 3249 confessarius
1265 3184 1351 3249 male
1379 3183 1428 3249 in·

98 3273 232 3341 tellexit
254 3272 520 3339 reservationem.
569 3274 641 3340 Etsi
671 3275 757 3339 onim
787 3274 844 3339 illa
873 3273 1018 3339 mulieris
1041 3273 1199 3339 divinatio
1223 3272 1426 3356 sortilegium

98 3362 214 3429 vocari
236 3363 356 3446 possit,
388 3366 499 3428 tamen
526 3363 558 3443 1)
582 3364 752 3429 consulere
775 3363 865 3428 illam
889 3384 953 3428 non
979 3371 1023 3429 est
1045 3362 1248 3444 sortilegium
1276 3362 1334 3428 sed
1357 3362 1428 3428 sola

99 3451 306 3536 cooperati0;
339 3452 372 3533 2)
397 3450 471 3516 dein
495 3452 698 3535 sortilegium
722 3473 836 3537 presso
859 3473 958 3517 sensu
988 3472 1030 3517 ox
1060 3473 1121 3517 usu
1148 3452 1300 3534 loquendi
1324 3451 1427 3518 eccle·

98 3541 235 3609 siastico
265 3563 330 3607 uon
354 3541 434 3608 dicit
457 3541 635 3623 quamlibet
665 3564 724 3626 per
746 3546 853 3607 sortes
877 3541 1127 3620 divinationem,
1159 3542 1217 3607 sed
1239 3543 1428 3626 maleficium

97 3633 230 3718 proprie
254 3632 380 3698 dictum.
429 3631 586 3708 Quoniam
611 3653 689 3697 vero
715 3631 749 3694 in
772 3630 997 3697 reservatione
1020 3635 1231 3714 peccatorum
1254 3636 1369 3715 utpote
1391 3651 1428 3696 ro

98 3722 215 3787 odiosa
238 3741 369 3785 sensum
399 3721 634 3787 restrictiorem
664 3742 792 3786 sumere
816 3721 986 3796 debemus,
1014 3724 1107 3804 patet
1137 3721 1371 3787 confessarium
1395 3720 1427 3787 in

97 3832 159 3877 suo
183 3808 301 3874 iudicio
324 3810 513 3876 excessisse.

422 4027 733 4094 HYPNOTISMUS
758 4064 801 4072 —
826 4027 1107 4096 SPIRITISMUS.

416 4193 428 4226 ⁹
666 4185 776 4252 Casus.
804 4194 861 4261 (59)

191 4327 310 4388 Amalia
330 4326 422 4387 variis
443 4346 598 4386 nervorum
620 4326 730 4386 morbis
752 4326 859 4384 affecta
881 4325 953 4383 adiit
973 4324 1244 4402 hypnotizatorem,
1274 4326 1321 4401 qui
1346 4344 1426 4401 rope-

99 4410 164 4471 titis
187 4407 398 4486 experimentis
419 4409 554 4466 levamen
575 4414 623 4467 ent
643 4426 782 4481 magnum
804 4406 831 4465 ei
852 4405 967 4475 attulit;
992 4405 1104 4464 fatetur
1132 4413 1232 4464 tamen
1263 4404 1426 4480 suggestio·

99 4492 189 4550 nibus
219 4489 283 4549 eius
312 4487 376 4547 fieri
406 4489 514 4559 etiam,
544 4494 578 4546 ut
607 4487 798 4564 sequentibus
829 4486 931 4543 diebus
962 4491 1044 4543 certa
1074 4486 1146 4544 hora
1176 4485 1369 4562 insuperabili
1397 4485 1426 4543 vi

101 4572 273 4647 adigeretur
294 4569 329 4628 ad
352 4569 494 4640 notiones,
516 4587 590 4644 quae
611 4565 831 4644 hypnotizatori
850 4564 1031 4641 placueriut;
1055 4585 1144 4641 seque
1165 4585 1224 4626 non
1246 4585 1313 4623 raro
1335 4583 1427 4640 preve

100 4670 174 4726 erga
194 4670 260 4710 eum
280 4648 473 4709 inclinatione
493 4649 614 4707 moveri.
