3106 5168
174 290 239 353 348
313 284 353 338 De
371 282 520 338 virtutibus
538 285 568 337 et
584 281 682 338 officiis
700 299 765 351 arga
783 281 913 336 homines.
932 312 968 320 —
986 281 1037 338 010
1056 284 1130 338 circa
1147 282 1218 338 bona
1236 286 1360 339 externa.

367 502 548 569 LUCRUM
571 501 719 568 aaran
742 501 944 569 ALICUIUS
967 503 1207 570 IMPEDIENS
1233 505 1301 589 (Π).

730 658 840 724 dasne.
867 665 944 733 (213)

264 808 385 868 Cassius
407 806 524 867 obviam
546 807 637 866 habet
657 807 797 879 amicum,
825 824 911 885 quem
931 808 1013 867 videt
1039 815 1245 886 properantem
1273 810 1310 868 ad
1337 811 1497 884 theatrum,

176 889 225 948 ubi
258 887 387 964 insignis
418 887 567 946 cantatrix
597 887 742 963 prodibit,
778 908 864 965 quam
894 888 1007 947 amicus
1038 889 1089 948 ille
1119 909 1219 949 amore
1248 892 1391 965 abreptus
1423 891 1498 951 douo

177 971 254 1029 1000
275 988 365 1028 marc.
386 967 532 1026 honorare
552 968 667 1028 statuit.
709 968 831 1027 Cassius
852 968 928 1027 hanc
951 969 1104 1028 vesaniam
1132 989 1199 1029 esse
1227 989 1327 1029 secum
1354 978 1498 1046 reputans

176 1054 264 1125 atque
286 1048 371 1107 simul
393 1048 529 1106 invidens
554 1048 704 1120 ,omnibus
724 1047 792 1107 istis
812 1047 953 1107 0101000
973 1049 1215 1120 cantatricibus“,
1237 1051 1312 1125 quod
1334 1055 1395 1109 tam
1417 1051 1497 1111 facili

176 1130 294 1205 negotio
317 1129 451 1204 ingentes
473 1127 592 1187 divitias
615 1127 772 1202 colligant,
800 1129 925 1187 amicum
946 1130 1022 1188 10100
1043 1129 1149 1189 timore
1170 1130 1305 1200 incusso,
1334 1150 1372 1189 ne
1400 1131 1431 1190 10
1456 1132 1497 1190 in·

176 1209 268 1269 sidias
289 1210 345 1268 sibi
368 1213 498 1266 structas
518 1208 621 1278 irruat,
644 1207 765 1277 detinet,
785 1214 875 1284 atque
896 1209 939 1267 ita
959 1209 1078 1284 gaudet,
1100 1210 1176 1285 quod
1191 1209 1366 1270 directorem
1387 1212 1497 1271 theatri

177 1295 208 1348 et
228 1288 421 1348 cantatricem
441 1288 494 1346 illa
514 1306 628 1346 summa
649 1287 792 1364 pecuniae
809 1288 1036 1348 defraudaverit.
1078 1289 1136 1347 Sed
1158 1309 1223 1348 cum
1246 1297 1349 1366 postea
1364 1291 1497 1351 fraudem

176 1389 261 1428 suam
288 1369 319 1427 10
341 1368 528 1427 000100010οο
555 1374 672 1439 namet,
701 1369 902 1427 confessarius
923 1388 987 1427 eum
1010 1369 1122 1445 obligat
1145 1369 1182 1428 ad
1209 1372 1407 1447 reparandum
1427 1372 1498 1431 illud

176 1450 314 1509 damnum
335 1448 381 1518 iis,
403 1448 452 1524 qui
474 1446 555 1524 passi
576 1447 645 1507 sint.

264 1529 435 1598 Cassianus,
456 1528 543 1587 homo
557 1528 632 1587 satis
646 1527 739 1599 dives,
761 1546 919 1588 oeconomo
937 1548 990 1587 suo
1006 1528 1089 1598 dixit,
1112 1535 1145 1588 ut
1166 1530 1245 1588 circa
1259 1530 1338 1589 festa
1359 1532 1497 1591 natalitia

176 1609 295 1668 Domini
323 1607 417 1667 abiis
438 1608 588 1678 omnibus,
616 1609 665 1684 qui
686 1607 817 1666 ostiatim
838 1628 887 1667 res
908 1627 978 1666 suas
1000 1609 1122 1668 venales
1143 1611 1286 1680 offerant,
1313 1611 1398 1686 large
1420 1618 1497 1670 emat

177 1689 214 1748 ad
229 1694 402 1748 ornamenta
415 1688 535 1756 festiva,
558 1686 615 1746 etsi
635 1688 688 1746 fiat
709 1688 745 1746 ad
766 1707 903 1762 magnam
923 1688 1149 1759 abundantiam
1171 1709 1316 1766 pauperes
1331 1691 1410 1750 enim
1429 1692 1497 1751 illos

176 1769 286 1845 aliquid
313 1769 440 1828 libenter
460 1767 570 1826 lucrari
589 1767 675 1827 velle.
718 1767 903 1827 Oeconomns
923 1788 995 1828 vero
1019 1769 1090 1828 emit
1117 1770 1155 1828 ad
1183 1770 1409 1844 sufficientiam,
1437 1792 1496 1831 non

176 1849 310 1926 amplius.

177 1954 354 2025 Quasnrrun
376 1955 404 2012 1⁰
430 1972 499 2012 num
520 1953 603 2011 fraus
624 1952 675 2011 illa
697 1952 809 2028 obliget
829 1952 965 2013 Gessium
985 1954 1022 2012 ad
1043 1955 1240 2031 reparandum
1261 1957 1409 2017 damnum.

374 2042 404 2099 2⁰
429 2040 496 2116 quid
519 2041 711 2101 0000001001
739 2061 897 2102 oeconomo
926 2042 1081 2103 dicendum
1109 2044 1204 2120 quoad
1232 2045 1405 2105 venditores
1431 2046 1496 2105 illos

428 2141 581 2198 pauperes.

769 2237 903 2304 Salutio.

116 2390 169 2445 688
267 2382 319 2445 Ao
342 2400 533 2455 00000000
559 2383 596 2444 1¹¹²
619 2379 657 2445 R.
681 2381 709 2445 1.
757 2379 926 2463 Paulisper
948 2401 1144 2463 seponamus
1167 2381 1311 2446 animum
1335 2382 1428 2447 illum
1451 2382 1497 2447 in·

178 2469 299 2546 vidum,
323 2489 417 2550 quem
442 2468 573 2535 Cassius
596 2474 702 2550 gerat,
727 2474 761 2534 00
783 2469 937 2551 gaudium
962 2469 1002 2535 de
1025 2469 1215 2552 deceptione
1239 2472 1354 2536 contra
1378 2470 1498 2537 theatri

179 2557 373 2623 directorem
405 2562 440 2624 et
472 2559 686 2623 cantatricem
717 2558 816 2623 istam
846 2560 997 2624 effectum
1029 2560 1157 2626 sortita.
1211 2559 1244 2624 si
1277 2559 1363 2624 enim
1395 2560 1497 2625 solum

179 2648 331 2713 effectum
355 2651 389 2712 ia
412 2668 444 2711 ae
471 2651 673 2729 spectamus,
704 2646 859 2713 videlicet
887 2647 1153 2730 prodigalitatem
1175 2670 1254 2714 sune
1278 2651 1386 2734 001000
1410 2650 1499 2714 modo

178 2735 437 2818 peccaminosam
469 2735 675 2818 impeditam,
708 2757 801 2800 nemo
826 2736 946 2802 dixerit
968 2741 1139 2819 peccatum
1162 2757 1234 2802 0000
1257 2742 1374 2803 contra
1406 2738 1498 2805 iusti·

179 2825 258 2890 tiam
289 2830 388 2906 atque
419 2828 623 2890 contractam
653 2845 725 2889 esse
752 2825 984 2908 obligationem
1007 2826 1179 2909 reparandi
1203 2826 1313 2891 damni
1336 2848 1395 2892 seu
1419 2827 1498 2892 lucri

179 2914 348 2979 cessantis.
385 2913 545 2996 Impedire
561 2920 730 2997 peccatum
747 2915 865 2979 bonum
882 2919 948 2984 est:
974 2915 1058 2996 quod
1083 2915 1110 2979 01
1134 2915 1256 2980 100000
1280 2914 1381 2981 fuerit
1406 2917 1498 2981 modo

179 3024 243 3068 non
273 3005 370 3086 plane
400 3003 584 3086 probando,
616 3003 648 3068 id
678 3007 788 3068 tamen
816 3024 881 3068 non
904 3003 1000 3081 facit,
1033 3009 1070 3069 ut
1094 3004 1179 3069 00010
1202 3004 1260 3069 1110
1283 3004 1328 3070 010
1351 3006 1499 3085 graviter

179 3093 405 3176 peccaminosa
421 3093 474 3157 vel
490 3091 637 3173 graviter
653 3091 787 3166 iniusta;
805 3091 902 3156 immo
919 3092 1025 3174 quoad
1042 3093 1191 3157 ultimum
1207 3094 1358 3160 effectum
1376 3094 1497 3159 amicus

178 3182 233 3246 ille
256 3181 358 3246 000011
388 3202 428 3245 00
459 3181 698 3247 rationabiliter
720 3181 849 3264 quidem
873 3188 945 3247 erat
974 3203 1079 3263 neque
1103 3203 1175 3247 esse
1204 3186 1336 3265 poterat
1365 3183 1497 3250 invitus.

178 3270 298 3347 Quodsi
322 3271 391 3354 ipse
415 3292 478 3334 non
502 3270 566 3336 1010
588 3270 720 3347 1001000,
744 3269 837 3334 fraus
860 3270 917 3335 1110
940 3271 981 3336 ab
1004 3270 1165 3337 iniustitia
1188 3292 1268 3353 erga
1291 3272 1395 3338 Cassii
1419 3274 1498 3338 ami·

179 3381 251 3424 cum
274 3360 335 3425 hac
358 3360 429 3424 0010
452 3360 579 3425 ratione
602 3360 667 3425 iam
691 3358 899 3443 purgabitur3
924 3381 1036 3424 verum
1060 3359 1220 3426 iniustitia
1243 3365 1359 3427 contra
1378 3363 1497 3428 theatri

178 3449 371 3514 directorem
395 3453 429 3513 et
452 3449 665 3515 cantatricem
689 3448 806 3514 saltem
831 3470 895 3513 non
918 3449 1028 3526 adest,
1061 3448 1121 3513 nisi
1146 3449 1310 3516 mediante
1339 3450 1499 3517 iniustitia

179 3538 302 3603 directa
326 3540 440 3602 contra
464 3537 566 3603 Cassii
590 3539 745 3611 00100ος
777 3537 850 3602 01110
874 3538 998 3602 verbis:
1029 3537 1205 3614 iniustitia,
1235 3538 1264 3602 si
1287 3538 1388 3605 fuerit
1411 3561 1497 3605 com·

178 3626 294 3704 01000,
325 3626 454 3708 quando
483 3628 588 3692 relate
617 3627 659 3692 ad
686 3628 771 3692 hunc
794 3627 933 3691 amicum
956 3627 1121 3705 aufertur,
1153 3627 1303 3694 aufertur
1326 3628 1427 3695 etiam
1450 3628 1497 3693 iu·

177 3715 304 3781 iustitia
327 3720 440 3781 contra
463 3714 546 3781 illos.

266 3821 304 3887 R.
331 3824 360 3886 2.
409 3822 485 3887 Sola
514 3821 571 3886 illa
599 3821 722 3886 invidia
752 3827 861 3887 mente
892 3826 1049 3904 concepta
1080 3823 1132 3886 vel
1160 3821 1315 3903 gaudium
1347 3822 1428 3888 11100
1460 3824 1497 3888 00

177 3911 268 3976 lucro
284 3932 304 3975 0
320 3911 457 3975 00001010
481 3932 544 3974 000
566 3910 677 3975 habito
694 3910 857 3975 actionem
873 3911 974 3976 Cassii
998 3911 1159 3977 00010010
1183 3911 1348 3989 iniustam,
1373 3913 1434 3977 nisi
1458 3934 1496 3978 ex

177 4022 213 4065 se
237 4005 407 4066 externam
431 4005 464 4066 et
487 4000 654 4064 efficacem
677 3999 870 4065 iniustitiam
893 4000 958 4064 iam
979 4000 1162 4066 contineat:
1187 4006 1389 4084 quapropter
1405 4024 1446 4067 ex
1462 4023 1497 4067 eo

178 4089 285 4173 capite
308 4111 372 4153 non
396 4093 528 4155 tenetur
550 4089 592 4153 ad
616 4088 866 4154 restitutionem.

116 4211 168 4265 689
266 4195 304 4261 R.
323 4198 354 4262 3.
393 4194 499 4260 Aliter
515 4193 644 4276 quidem
664 4215 716 4258 res
733 4198 829 4270 esset,
854 4193 882 4257 01
898 4193 1094 4259 diffamando
1111 4195 1164 4258 vel
1188 4194 1273 4259 falso
1290 4194 1496 4278 deprimendo

177 4288 280 4349 artem
298 4284 459 4349 scenicam
482 4283 552 4347 sive
569 4282 738 4348 directoris
762 4284 832 4347 sive
848 4283 1038 4348 cantatricis
1054 4283 1183 4347 Cassius
1207 4284 1240 4347 in
1257 4304 1358 4349 cauea
1373 4284 1497 4359 fuisset,

178 4395 235 4438 cur
258 4374 382 4438 lucrum
407 4394 518 4437 eorum
535 4372 784 4437 diminueretur:
808 4372 840 4435 10
865 4373 949 4436 0010
974 4393 1090 4455 perse
1114 4375 1201 4437 esset
1225 4372 1349 4438 directo
1372 4373 1497 4438 1010001·

177 4463 257 4529 0100
282 4462 486 4528 committere
511 4467 625 4527 contra
649 4461 803 4526 scenicos.

267 4552 330 4617 Sed
353 4573 394 4616 ne
417 4556 487 4616 tum
512 4550 641 4632 quidem
665 4553 834 4614 constaret
856 4549 937 4614 lucri
961 4549 1175 4632 perditionem
1197 4551 1310 4615 Cassio
1334 4550 1496 4635 imputari.

178 4640 340 4705 Videlicet
363 4641 392 4705 ei
417 4661 481 4704 non
505 4639 722 4723 imputaretur
745 4639 802 4703 illa
826 4640 906 4704 lucri
930 4639 1060 4704 emissio
1085 4659 1190 4720 neque
1213 4638 1362 4707 iustitiae
1383 4641 1497 4707 laesio-
