3106 5168
433 301 578 355 censurae.
597 329 632 338 —
651 298 825 353 Excommun.
845 304 940 354 contra
958 302 1083 355 duellum.
1355 305 1418 369 547

185 477 324 553 Verum,
355 476 383 541 si
407 476 548 541 duellum
572 475 616 541 sit
639 481 803 553 secutum,
836 497 878 541 ex
900 476 973 560 ipsa
996 477 1114 559 agendi
1145 477 1289 554 ratione,
1321 497 1417 559 quam

94 566 266 650 Adolphus
294 565 417 641 tenuit,
448 565 589 631 nondum
614 566 702 630 clare
731 569 887 648 apparet,
919 569 1027 631 utrum
1052 587 1222 631 censuram
1246 565 1421 631 incurrerit

93 676 207 721 necne.
247 653 281 720 si
304 655 391 719 enim
413 654 498 718 ciam
522 674 557 719 se
581 654 719 719 contulit
741 654 774 719 in
798 654 938 719 vicinam
955 655 1094 733 domum,
1120 658 1252 721 consciis
1275 657 1419 721 duellan-

93 746 195 826 tr'bas,
228 743 597 809 excommunicationem
625 765 691 808 non
713 743 837 825 effugit,
862 743 958 810 sicuti
981 764 1023 808 ne
1047 743 1266 810 confessarius
1289 744 1418 826 quidem

93 834 270 914 effugeret,
302 833 330 896 si
359 831 509 897 similiter
538 837 662 914 egeret.
709 832 761 898 Ita
792 832 823 898 S.
849 831 973 899 Offio.
1005 834 1025 898 l.
1051 853 1078 898 c.
1125 834 1170 899 Et
1198 854 1316 898 revera
1341 834 1420 898 talis

94 922 214 1004 agendi
237 921 322 988 ratio
347 921 453 986 duello
476 926 626 1004 praestat
649 921 812 998 favorem,
845 942 918 986 cum
942 921 1124 987 duellantes
1154 943 1212 1006 spe
1241 921 1419 1006 recipiendi

93 1011 225 1089 auxilii,
250 1010 320 1075 sive
344 1010 522 1094 corporalis
546 1010 616 1075 sive
639 1009 835 1093 spiritualis,
866 1010 894 1074 si
917 1010 1003 1076 forte
1026 1010 1141 1076 infelix
1163 1011 1265 1077 fuerit
1288 1032 1419 1096 pugnae

94 1100 214 1175 exitus,
238 1099 379 1165 maiores
403 1099 528 1164 animos
551 1104 684 1165 sumunt
707 1099 749 1164 ad
772 1099 914 1166 duellum
938 1100 1215 1166 committendum.

185 1197 217 1263 Si
236 1217 315 1262 vero
339 1197 409 1262 sive
432 1197 576 1262 medicus
599 1197 669 1261 sive
693 1196 922 1273 confessarius,
946 1196 1057 1261 insciis
1073 1197 1302 1276 duellantibus,
1326 1218 1362 1263 se
1385 1197 1419 1262 in

93 1284 214 1351 vicinia
237 1286 398 1362 recondit,
423 1291 469 1361 ut,
494 1286 623 1367 quando
646 1286 733 1352 forte
756 1307 837 1369 opus
860 1286 913 1363 sit,
939 1286 1096 1352 auxilium
1119 1287 1268 1369 graviter
1290 1285 1418 1370 pericli-

93 1376 243 1442 tantibus
258 1375 345 1440 ferre
369 1374 482 1458 possit,
508 1396 678 1440 censuram
698 1396 762 1440 non
778 1375 924 1451 incurrit,
949 1396 987 1439 eo
1004 1375 1089 1457 quod
1104 1375 1137 1439 in
1152 1396 1295 1458 pugnam
1312 1375 1419 1440 nulia-

93 1469 191 1531 tenus
221 1464 406 1540 influxerit,
437 1464 494 1529 sed
521 1465 624 1530 solam
648 1464 928 1547 opportunitatem
952 1464 1154 1530 exercendae
1177 1464 1419 1529 misericordiae

92 1553 156 1618 sibi
179 1553 343 1619 studuerit
366 1573 551 1636 procurare.

667 3209 844 3282 Corrigenda.

361 3335 414 3386 Pug.
429 3335 468 3375 alo
483 3335 505 3374 in
520 3334 587 3375 titulo
602 3344 669 3375 casua
684 3334 723 3374 luo
737 3334 786 3375 loeo
803 3333 938 3383 ,iniustitia⁴
954 3333 1014 3383 loge:
1032 3334 1150 3373 &admo-in.
