3106 5168
538 1085 613 1168 DE
643 1084 906 1168 LUXURIA

429 1233 687 1301 (PRAECEPTUM
705 1232 832 1288 Dncnn.
851 1233 1019 1301 SEXTUM).

147 1410 359 1494 Voluptatem
390 1430 566 1475 veneream
598 1430 716 1493 capere
748 1408 781 1475 in
813 1410 882 1476 solo
914 1410 1061 1493 legitimo
1094 1433 1154 1477 usu
1188 1412 1383 1478 matrimonii
1394 1427 1447 1482 586

55 1501 146 1566 licet.
201 1501 308 1565 Extra
342 1498 584 1566 matrimonium
619 1498 784 1581 quaelibet
819 1500 1005 1566 voluntaria
1040 1500 1195 1566 eiusmodi
1232 1501 1385 1586 voluptas

57 1592 232 1673 peccatum
251 1588 392 1654 mortale
413 1592 473 1654 est.
514 1588 550 1652 ln
567 1587 773 1654 matrimonio
794 1588 979 1655 mortaliter
994 1589 1122 1672 quidem
1139 1590 1268 1674 peccari
1284 1591 1384 1658 etiam

57 1682 168 1763 potest
189 1699 209 1743 a
229 1677 430 1759 coniugibus,
454 1697 553 1761 saepe
576 1680 689 1742 tamen
710 1681 869 1762 peccatur
891 1678 1066 1745 venialiter
1088 1684 1228 1746 tautum.
1264 1679 1385 1757 Quodsi

58 1768 100 1833 ab
116 1767 157 1831 iis
176 1771 273 1833 extra
295 1766 440 1850 ipsorum
463 1766 705 1832 matrimonium
730 1766 783 1831 vel
807 1771 922 1833 contra
945 1767 1014 1833 eius
1030 1771 1111 1834 fines
1134 1768 1215 1834 haec
1230 1769 1385 1853 voluptas

60 1856 227 1939 capiatur,
258 1876 296 1921 eo
320 1855 455 1937 gravius
480 1855 696 1921 committ'tnr
718 1861 889 1939 peccatum
914 1876 1011 1940 quam
1035 1877 1055 1922 a
1078 1857 1211 1933 solutis;
1243 1879 1318 1923 nam
1343 1858 1385 1925 ad

58 1945 210 2010 luxuriae
234 1948 403 2028 peccatum
434 1948 469 2010 et
498 1944 599 2009 laesio
624 1943 742 2009 iurium
765 1945 1052 2012 matrimonialium
1084 1951 1117 2013 et
1147 1946 1249 2012 laesio
1273 1968 1385 2014 sacra·

58 2034 162 2099 menti
187 2032 274 2117 apud
298 2033 493 2098 christianos
517 2032 653 2100 accedit.

148 2123 272 2187 Verum
296 2143 368 2188 cum
392 2144 448 2199 ea,
473 2122 589 2204 quibus
611 2123 645 2187 iu
668 2122 730 2187 hac
753 2143 789 2187 re
812 2122 936 2201 lubrica
960 2128 1129 2207 peccetur,
1157 2122 1191 2189 iu
1219 2127 1385 2211 Theolopiu

59 2215 176 2277 morali
205 2212 252 2278 ita
283 2211 449 2295 explicata
479 2212 561 2288 sint,
592 2215 628 2277 ut
652 2232 785 2277 casuum
817 2213 1057 2278 occurrentium
1087 2213 1257 2280 moralitas
1286 2214 1385 2280 facile

60 2300 289 2383 intellegatur:
313 2301 374 2366 hoc
398 2301 469 2365 loco
493 2300 705 2384 paucissimos
729 2321 825 2366 casus
848 2301 1075 2385 propositurus
1099 2324 1180 2379 sum,
1205 2324 1264 2387 pro
1288 2324 1384 2369 accu-

59 2390 182 2456 ratiore
206 2389 363 2473 capienda
386 2390 504 2456 notitia
527 2390 650 2456 lectore
674 2390 809 2455 remisso
837 2391 880 2455 ad
908 2391 1014 2475 ipsam
1041 2413 1147 2458 meam
1172 2392 1383 2476 Theologiam

60 2479 216 2545 moralem
240 2478 266 2556 Ι,
290 2482 484 2556 aec—88&
509 2479 549 2555 ΙΙ,
575 2481 760 2546 833-859.

432 2671 630 2738 LUXURIA
654 2671 936 2738 INCOMPLETA
960 2672 1013 2754 (I).

613 2811 724 2878 Casus.
752 2820 828 2888 (158)

148 2935 231 2995 (luno
251 2934 368 2994 iuvenis
390 2937 427 2992 25
450 2954 593 2994 annorum
614 2935 703 2993 animi
729 2935 884 2994 relaxandi
911 2939 942 2994 et
970 2934 1123 2993 excolendi
1146 2954 1236 2994 causa
1264 2936 1322 2994 iter
1342 2935 1384 2993 in·

59 3015 172 3086 stituit,
201 3015 334 3075 diversas
363 3018 451 3075 urbes
478 3016 639 3092 perlustrat
667 3015 764 3091 ibique
787 3015 998 3092 pinacothecas
1020 3022 1107 3090 atque
1128 3035 1230 3074 musea
1252 3015 1384 3074 studiose

59 3096 177 3167 invisit,
207 3101 323 3154 statuas
352 3101 439 3171 atque
467 3096 599 3171 picturas
628 3095 718 3154 etiam
738 3095 825 3154 valde
854 3097 999 3154 obscenas
1027 3100 1141 3154 attente
1169 3097 1385 3171 contemplatur

59 3195 124 3234 aum
146 3196 254 3250 magno
275 3181 364 3251 gustu
386 3181 474 3251 atque
495 3176 595 3234 vivida
617 3175 833 3247 satisfactione,
855 3175 890 3234 de
912 3180 1010 3233 cetero
1032 3175 1105 3233 nihil
1126 3175 1196 3234 mali
1217 3175 1383 3235 intendens.

60 3256 168 3315 Verum
198 3258 235 3314 ab
264 3276 298 3314 eo
327 3262 458 3332 tempore
487 3256 660 3333 saepissime
688 3256 866 3332 phantasiae
895 3257 1091 3314 obversantur
1111 3256 1255 3331 imagines
1277 3275 1384 3327 rerum,

60 3355 132 3411 quas
153 3335 243 3407 vidit,
272 3335 367 3411 iisque
395 3335 526 3411 graviter
553 3337 616 3413 ipse
643 3342 776 3395 tentatur
796 3355 890 3410 neque
911 3354 979 3394 raro
1000 3335 1128 3394 trahitur
1149 3337 1186 3394 ad
1207 3354 1385 3395 consensum

59 3416 89 3474 in
110 3436 244 3475 morosas
266 3416 479 3475 delectationes
501 3423 531 3475 et
551 3417 581 3474 in
603 3416 794 3493 pollutionem
816 3415 941 3474 existis
962 3415 1128 3492 phantasiis
1150 3422 1292 3475 exortam.

60 3520 236 3590 Quaamrna
258 3524 287 3580 1ο
312 3522 379 3597 qnid
400 3521 587 3581 indicandum
609 3523 649 3581 sit
664 3522 699 3580 de
715 3520 979 3598 peccaminositate
993 3526 1165 3598 aspectuum
1181 3525 1384 3584 obscenorum.

257 3612 287 3669 2⁰
313 3612 456 3687 quomodo
478 3610 559 3670 (luno
581 3612 759 3688 peccaverit,
782 3617 811 3669 et
833 3610 900 3686 quid
921 3612 1022 3669 facere
1042 3610 1157 3671 debeat.

654 3768 789 3835 Salutio.

148 3891 202 3956 An
224 3912 414 3968 Quaasirun
441 3894 477 3956 1¹¹¹
501 3892 540 3960 R.
561 3895 588 3957 1.
628 3892 790 3976 depectus
813 3914 922 3958 rerum
945 3899 1120 3976 utcumque
1143 3894 1296 3978 turpium,
1321 3895 1383 3960 etsi
1393 3912 1446 3966 537

37 3986 123 4045 'non
147 4001 246 4046 exse
269 3983 417 4063 graviter
432 3981 585 4065 turpium,
608 3981 710 4047 habiti
735 4002 778 4048 ex
794 4003 897 4066 prava
919 3982 1110 4060 intentione,
1135 4005 1199 4066 qua
1215 3985 1287 4065 quis
1303 3985 1384 4050 velit

60 4090 233 4170 veneream
251 4069 500 4136 delectationem
524 4071 558 4135 iu
582 4091 617 4135 se
634 4071 780 4137 excitare
804 4093 886 4137 eave
909 4071 984 4150 frui,
1008 4077 1085 4138 suut
1108 4073 1293 4138 mortaliter
1307 4094 1383 4156 pec·

59 4179 225 4223 caminosr.

148 4248 186 4312 R.
213 4251 242 4314 2.
285 4250 456 4332 depectus,
481 4270 501 4314 a
525 4248 640 4331 quibus
662 4249 740 4315 talis
764 4249 902 4316 intentio
925 4272 1030 4333 prava
1054 4251 1157 4328 abest,
1182 4249 1209 4314 si
1233 4250 1384 4314 feruntur

60 4339 92 4400 iu
123 4360 175 4402 res
203 4341 343 4420 praviter
370 4338 517 4403 obscenos
552 4343 651 4421 atque
681 4340 919 4423 protrahuntur
942 4361 1047 4422 neque
1082 4361 1123 4404 ex
1157 4338 1253 4420 gravi
1284 4360 1383 4404 causa

59 4427 149 4503 fiunt,
175 4430 253 4491 sunt
272 4426 455 4492 mortaliter
477 4427 556 4492 mali
579 4432 693 4511 utpote
716 4429 865 4513 proxima
889 4449 988 4494 causa
1011 4449 1134 4513 pravae
1158 4428 1383 4493 commotionis

58 4520 157 4596 atque
182 4536 359 4580 consensus
382 4516 533 4599 periculi;
558 4517 664 4593 aliter,
688 4517 715 4582 si
740 4539 781 4582 ex
797 4518 892 4600 gravi
916 4538 1015 4583 causa
1032 4521 1113 4584 fiunt
1136 4521 1171 4583 et
1190 4517 1286 4581 simul
1310 4538 1381 4582 cum

58 4604 213 4669 adhibitis
240 4604 391 4669 remediis
415 4610 529 4671 contra
554 4626 745 4671 consensum
773 4607 806 4671 iu
830 4607 1081 4673 delectationem
1104 4607 1190 4671 forte
1214 4607 1382 4674 orituram.

110 4716 279 4760 Lehmkuhl.
295 4716 365 4758 Casus
380 4717 540 4759 conscientiae.
566 4717 584 4759 l.
1137 4712 1169 4765 18
