3106 5168
166 264 230 329 210
326 259 367 315 De
384 260 534 327 virtutibus
552 263 581 315 et
598 260 695 315 officiis
714 277 780 329 erga
797 260 928 317 homines.
944 291 977 301 -
997 260 1105 316 Cumas
1122 261 1149 315 in
1168 261 1330 333 proximum.

103 447 156 501 412
253 434 307 501 An
330 456 521 512 qusesrruu
545 438 584 501 2”
607 435 646 503 R.
670 438 699 502 1.
745 435 912 502 Parochus
941 436 1024 502 bene
1053 435 1184 519 quidem
1213 435 1282 519 egit
1311 438 1490 504 coercendo

165 525 302 591 choreas
317 525 406 591 intra
421 528 529 591 certos
544 525 675 603 limites,
699 545 740 590 ne
763 545 875 590 earum
891 525 1076 608 frequentia
1099 531 1134 593 et
1155 525 1377 608 frequentatio
1395 527 1490 592 trimis

165 619 309 681 crescat:
339 634 415 680 nam
445 614 479 680 in
507 619 604 681 tanta
633 613 841 680 multitudine
871 635 983 680 eorum
1010 614 1066 697 qui
1095 636 1153 681 eas
1181 615 1409 698 frequentent,
1433 616 1489 682 vix

165 725 228 769 non
253 708 343 770 certo
370 709 447 771 sunt
470 703 524 786 qui
554 703 717 769 labantur.
764 703 856 768 Haec
886 703 1066 771 afortiore
1088 704 1218 774 valent.
1249 704 1294 783 si,
1325 709 1363 772 ut
1393 726 1489 771 casus

164 795 288 871 narrat,
311 791 417 859 tristis
441 791 645 877 experientia
667 791 843 857 multorum
864 798 1075 877 peccatorum
1098 792 1235 859 accedit.

252 899 292 965 R.
316 902 347 965 2.
394 899 483 964 Bene
513 897 614 965 etiam
644 918 705 982 per
733 918 769 962 se
799 898 960 982 parochus
990 899 1061 980 agit
1089 899 1266 966 instituens
1294 899 1489 967 sodalitates

162 987 317 1054 iuvenum
340 991 374 1054 et
396 987 588 1072 puellarum,
613 986 678 1069 qui,
702 986 765 1052 fide
788 986 876 1066 data,
899 988 1014 1054 nolunt
1031 989 1223 1054 chorearum
1241 988 1342 1055 ullam
1359 993 1487 1073 partem

162 1076 292 1145 habere.
339 1076 426 1143 Nam
456 1076 557 1142 etiam
586 1076 619 1141 in
649 1074 689 1140 iis
720 1075 865 1153 casibus,
896 1076 1069 1159 inquibus
1098 1077 1233 1142 illicitae
1256 1077 1396 1144 choreae
1425 1100 1486 1145 non

162 1170 239 1231 sunt
261 1186 367 1248 neque
390 1164 568 1232 subiective
591 1163 805 1249 periculosae,
829 1185 886 1230 eas
909 1165 970 1230 sibi
992 1165 1187 1232 interdicere
1208 1186 1290 1250 opus
1310 1166 1432 1232 bonum
1455 1173 1489 1234 et

162 1254 364 1320 meritorium
389 1256 440 1319 est
462 1257 532 1318 tum
555 1254 589 1319 in
619 1274 654 1318 se
678 1256 749 1319 tum
771 1253 900 1319 ratione
923 1253 1072 1320 caritatis
1096 1259 1130 1321 et
1152 1254 1390 1322 aedificationis
1412 1278 1487 1342 pro·

161 1343 251 1411 ximi.
297 1342 485 1409 Cavendum
507 1346 618 1408 tamen
643 1347 703 1419 est,
729 1363 769 1408 ne
792 1342 873 1410 haee
895 1342 1073 1410 indiscreto
1096 1343 1165 1409 zelo
1189 1347 1380 1427 urgeantur.

250 1449 289 1516 R.
314 1451 345 1514 3.
392 1448 430 1514 In
460 1469 515 1526 eo,
546 1447 632 1530 quod
655 1447 755 1514 istum
778 1448 866 1532 pium
890 1454 1044 1515 conatum
1066 1448 1255 1515 Desiderius
1278 1449 1401 1532 aliique
1423 1472 1487 1517 non

161 1537 266 1603 solum
289 1537 377 1621 apud
400 1537 565 1603 seminus
588 1537 820 1621 probaverunt,
845 1538 903 1603 sed
922 1537 1021 1604 etiam
1040 1537 1168 1621 agendo
1182 1538 1488 1607 interturbaverunt

160 1629 260 1708 atque
282 1625 440 1711 impedire
464 1625 573 1692 conati
596 1630 682 1702 sunt,
707 1647 787 1692 sane
809 1630 1038 1710 peccaverunt,
1063 1647 1168 1708 neque
1190 1648 1211 1693 a
1234 1628 1329 1710 gravi
1349 1634 1487 1712 peccato

161 1735 217 1780 eos
240 1736 399 1781 excusare
423 1736 522 1781 ausus
552 1715 630 1794 sim,
661 1714 737 1797 quia
767 1716 858 1799 operi
887 1715 971 1781 bono
1001 1714 1087 1783 tanti
1110 1716 1267 1783 momenti
1289 1721 1360 1783 tam
1383 1738 1487 1800 grave

160 1803 367 1870 obstaculum
389 1804 568 1888 posuerint.

99 1910 151 1964 413
249 1902 288 1968 R.
309 1904 339 1970 4.
372 1900 530 1968 Attamen
546 1900 630 1984 quod
647 1899 808 1985 parochus
823 1923 909 1967 nunc
924 1900 1205 1969 indiscriminatim
1221 1923 1334 1968 omnes
1349 1903 1486 1971 choreas

161 1989 331 2056 damnavit
354 2011 539 2072 omnesque,
565 1989 618 2072 qui
643 1990 785 2072 aliquam
807 1994 937 2074 partem
960 1989 992 2055 in
1016 1990 1055 2056 iis
1078 1991 1247 2070 haberent,
1272 1991 1387 2075 gravis
1410 2014 1485 2078 pec·

162 2080 228 2145 cati
251 2100 325 2144 reos
348 2079 626 2160 absolutionisque
646 2079 895 2145 sacramentalis
913 2079 1087 2164 incapaces
1106 2080 1199 2159 dixit,
1223 2080 1257 2146 in
1279 2081 1341 2146 hoc
1364 2081 1485 2149 limites

161 2173 196 2235 et
218 2167 411 2252 prudentiae
434 2173 469 2234 et
491 2167 643 2234 veritatis
665 2170 892 2250 transgressus
915 2172 975 2235 est.

251 2256 448 2323 Prudentius
477 2257 595 2322 fuisset
623 2277 787 2341 exponere
816 2257 961 2340 pericula
990 2257 1200 2335 chorearum
1238 2277 1295 2323 eos
1331 2258 1484 2342 colligere

163 2345 216 2427 qui
233 2345 320 2412 inter
337 2367 374 2411 se
391 2345 595 2420 conveniant,
619 2349 657 2410 ut
679 2367 855 2428 numquam
873 2345 913 2411 iis
928 2346 1097 2423 intersint;
1122 2366 1178 2410 eos
1194 2346 1264 2412 sine
1280 2347 1484 2415 absolutione

162 2434 327 2501 dimittere
351 2434 476 2517 quibus,
507 2455 580 2499 cum
610 2434 677 2500 sint
704 2435 842 2500 choreae
865 2436 992 2501 occasio
1016 2434 1176 2519 proxima,
1199 2436 1398 2518 persuadere
1421 2459 1483 2504 non

160 2523 274 2606 possit,
298 2529 335 2591 ut
359 2523 546 2590 abstineant
562 2523 615 2588 vel
634 2545 709 2589 raro
732 2528 860 2589 tantum
886 2529 919 2590 et
942 2523 1124 2591 exsistente
1146 2525 1242 2605 gravi
1265 2545 1365 2591 causa
1383 2531 1483 2610 atque

159 2612 313 2678 adhibitis
345 2612 531 2678 efficacibus
564 2612 701 2679 cautelis
733 2613 910 2689 aocedant;
942 2613 1101 2695 imprimis
1133 2617 1244 2678 autem
1276 2634 1415 2696 urgere,
1447 2622 1483 2683 ut

158 2701 191 2767 iu
226 2701 305 2785 ipsis
339 2702 465 2767 choreis
500 2702 608 2766 omnia
642 2707 780 2768 externa
814 2701 950 2767 honeste
989 2706 1209 2785 peragantur,
1248 2707 1285 2768 ut
1322 2705 1481 2770 maturius

158 2789 329 2868 liniantur,
362 2795 399 2857 ut
431 2791 559 2874 puellae
590 2812 654 2855 non
686 2790 753 2856 sint
784 2790 854 2855 sine
886 2790 1043 2857 comitatu
1075 2791 1225 2873 gravium
1258 2812 1480 2875 personarum,

157 2901 198 2944 ne
227 2878 260 2943 iu
284 2879 339 2944 ria
367 2879 400 2944 in
427 2885 564 2963 peccata
586 2879 755 2956 labantur,
788 2900 870 2962 quae
900 2879 933 2944 in
962 2879 1041 2963 ipsis
1072 2880 1197 2946 choreis
1226 2880 1418 2949 innocentes
1446 2904 1481 2948 se

159 2972 386 3034 servaverunt.
1238 3051 1241 3058 ,

246 3057 295 3122 De
324 3062 433 3124 cetero
462 3057 547 3123 falso
570 3062 666 3140 putat
689 3057 850 3140 parochus
880 3078 932 3122 res
962 3056 1084 3140 optime
1115 3077 1187 3122 esse
1217 3058 1426 3141 compositas,
1454 3060 1480 3125 si

156 3146 323 3228 quaelibet
345 3146 482 3212 choreae
512 3146 642 3230 penitus
672 3145 819 3211 emedio
843 3145 1011 3212 tollantur.
1059 3145 1103 3210 lis
1127 3145 1212 3210 enim
1235 3147 1392 3226 sublatiS,
1417 3170 1480 3214 non

156 3235 306 3301 sublatae
329 3240 407 3301 sunt
429 3235 513 3300 aliae
536 3235 692 3318 peccandi
715 3235 913 3312 occasiones,
941 3234 1038 3298 immo
1062 3235 1205 3301 fortasse
1228 3235 1330 3302 etiam
1352 3237 1480 3321 peiores

156 3325 344 3390 occasiones
368 3346 406 3389 e0
430 3324 557 3389 avidius
581 3325 622 3390 ab
645 3324 907 3390 adulescentibus
931 3328 1138 3406 quaerentur.

244 3430 282 3496 R.
309 3433 338 3496 5.
386 3430 588 3512 Quamquam
618 3429 688 3495 sive
718 3434 814 3495 extra
845 3429 1080 3494 confessionem
1110 3429 1180 3495 sive
1212 3429 1245 3495 in
1275 3431 1479 3498 confessione

156 3540 214 3602 pro
238 3520 376 3583 diversis
399 3519 560 3586 adiunctis
584 3523 617 3584 et
639 3540 698 3602 pro
723 3518 853 3584 diversa
876 3539 933 3602 spe
957 3519 1083 3584 fructus
1103 3519 1188 3584 circa
1207 3519 1344 3586 choreas
1363 3523 1479 3604 agendi

155 3607 315 3673 rationem
340 3609 392 3673 vel
423 3609 520 3692 paulo
551 3608 747 3673 severiorem
772 3609 825 3673 vel
854 3608 951 3691 paulo
982 3607 1203 3690 benigniorem
1232 3608 1354 3675 habere
1383 3611 1478 3677 licet:

155 3702 265 3762 tamen
285 3718 460 3779 numquam
480 3719 500 3763 a
518 3696 732 3762 sacramentis
751 3697 924 3761 excludere
943 3696 995 3761 fas
1014 3702 1074 3773 est,
1100 3697 1154 3778 qui
1172 3704 1311 3780 peccata
1326 3701 1479 3766 mortalia

155 3785 386 3868 proximasque
409 3785 596 3851 occasiones
619 3787 726 3850 vitare
749 3786 833 3851 serio
857 3787 945 3861 vult,
976 3787 1102 3869 paucis,
1134 3787 1188 3868 qui
1211 3787 1321 3852 omnia
1344 3809 1385 3853 ea
1408 3791 1479 3855 vult

155 3875 299 3957 implere,
325 3876 366 3940 ad
390 3896 474 3956 quae
496 3898 555 3961 pro
571 3878 816 3940 circumstantiis
836 3875 895 3939 sub
912 3875 1008 3956 gravi
1024 3875 1197 3957 obligatur.
1214 3912 1258 3922 —
1276 3876 1341 3941 Cur
1357 3883 1476 3949 autem.

155 3963 216 4029 hao
232 3964 378 4044 generali
395 3964 510 4045 regula
526 3984 590 4028 nou
606 3965 768 4042 obstante,
793 3964 968 4045 aliquando
986 3964 1082 4047 paulo
1100 3964 1256 4041 severius,
1281 3965 1365 4032 alias
1381 3969 1476 4050 paulo

154 4053 265 4118 mitius
289 4052 343 4134 agi
366 4054 483 4136 possit,
508 4053 589 4118 haec
613 4058 663 4118 est
686 4053 787 4119 ratio:
816 4054 847 4133 1)
870 4074 930 4136 pro
954 4053 1114 4118 adiunctis
1137 4056 1247 4136 potest
1270 4075 1342 4119 esse
1366 4056 1477 4137 gravis

155 4141 310 4223 obligatio
335 4163 375 4207 ea
399 4165 460 4207 nou
483 4145 652 4227 irupalire,
678 4164 761 4224 quae
785 4148 861 4207 sunt
884 4141 988 4206 maius
1012 4143 1147 4218 bonum,
1171 4147 1331 4226 utsupra
1356 4145 1476 4211 dictum

154 4236 221 4305 est;
248 4231 281 4310 2)
305 4252 363 4314 pro
387 4253 445 4314 spe
469 4231 594 4297 fructus
613 4232 756 4296 remedia
776 4236 889 4296 contra
909 4232 1073 4314 relapsum
1095 4231 1268 4313 aliquando
1292 4233 1421 4299 acriora
1444 4238 1477 4299 et

153 4320 340 4385 efficaciora
362 4326 500 4403 possunt
526 4320 720 4403 praescribi,
751 4321 926 4402 aliquando
956 4320 1146 4403 prudentius
1176 4320 1239 4386 erit
1269 4341 1309 4386 ea
1339 4324 1475 4389 suadere

154 4414 293 4476 tantum.

89 4536 141 4587 414
242 4526 294 4589 An
318 4545 509 4600 qunnsrruu
533 4528 571 4589 3¹²¹
595 4526 633 4590 R.
657 4528 684 4591 1.
732 4525 764 4591 Si
796 4546 912 4590 revera
942 4525 1005 4600 ita,
1037 4530 1073 4591 ut
1103 4526 1135 4588 in
1166 4547 1244 4591 casu
1268 4526 1391 4594 dictum
1415 4532 1473 4598 est.

153 4634 173 4678 a
196 4613 307 4679 multis
322 4614 443 4696 agitur,
467 4614 644 4680 timendum
669 4618 730 4693 est,
755 4636 795 4679 ne
819 4615 1067 4681 committantur
1082 4614 1257 4697 sacrilegia
1272 4638 1337 4682 non
1353 4638 1473 4702 pauca:
