3106 5168
163 266 227 331 200
319 261 360 315 Da
379 260 526 317 uirtutibus
544 265 573 315 et
590 259 688 315 officiis
706 277 773 328 arga
790 260 921 316 homines.
940 290 976 299 -
993 260 1103 316 Caritas
1119 261 1149 315 in
1164 259 1326 332 proximum.

100 451 153 505 392
251 438 582 513 Anouuns1ruu2¹¹²
607 437 648 506 R.
674 439 705 506 1.
749 436 954 504 Rasalutatio
981 436 1163 520 generatim
1187 437 1317 519 quidem
1341 435 1486 513 debetur,

166 526 242 610 quia
265 549 426 593 commune
448 525 577 608 signum
601 525 750 592 caritatis
774 531 835 602 est,
859 527 993 609 eiusque
1016 524 1147 592 omissio
1171 545 1251 609 erga
1273 525 1424 609 graviter
1437 525 1487 591 in·

162 617 290 682 sensum
306 615 504 698 regulariter
518 636 577 699 pro
592 619 729 697 peccato
744 615 877 682 mortali
892 613 1004 682 haberi
1020 614 1127 682 debet.
1157 615 1310 692 Tamb,
1328 615 1371 680 In
1387 616 1485 680 dcccl.

162 705 217 772 lib.
243 709 272 783 5,
297 725 368 789 cap.
395 706 424 778 l,
447 725 479 769 n.
507 706 557 770 14.
584 740 628 748 -
651 703 870 770 Nihilominus
890 703 1083 771 resalutatio
1106 703 1237 783 omissa,
1259 726 1324 770 aon
1348 705 1487 788 repetitis

165 796 301 876 vicibus,
332 795 389 860 aed
411 794 592 858 immediato
613 800 683 878 post
705 798 876 877 acceptam
898 814 1036 877 gravem
1058 792 1227 870 iniuriam,
1256 791 1320 858 nisi
1343 792 1486 858 offensus

163 887 287 950 interris
316 886 437 964 coquat
465 880 575 947 odium
604 902 707 964 grave
737 886 772 948 et
794 881 990 960 vindictam,
1020 881 1170 948 mortalis
1192 881 1322 966 peccati
1344 878 1486 946 nondum

162 971 304 1039 incusari
327 973 447 1054 potest.
486 970 524 1035 ln
547 970 608 1037 tali
631 970 717 1036 enim
741 971 987 1038 circumstantia
1010 972 1189 1056 prudenter
1211 990 1270 1054 pro
1292 969 1388 1052 signo
1411 969 1488 1035 iusti

164 1061 295 1140 doloris,
318 1081 383 1126 non
406 1059 592 1125 necessario
615 1080 675 1143 pro
698 1059 792 1142 signo
817 1059 881 1126 odii
904 1060 1053 1127 habetur.
1100 1061 1153 1124 Ex
1175 1061 1232 1125 boc
1253 1058 1357 1142 igitur
1380 1058 1487 1143 capite

163 1150 269 1216 Titius
293 1148 443 1215 excusari
466 1152 586 1232 potest.

251 1269 291 1336 R.
317 1271 347 1336 2.
398 1269 506 1334 Minus
535 1268 636 1335 etiam
665 1268 796 1335 omissio
819 1269 1027 1337 salutationis
1050 1269 1083 1352 (i.
1109 1279 1147 1338 e.'
1161 1289 1227 1335 non
1249 1269 1378 1353 praeire
1400 1271 1487 1337 salu-

163 1358 278 1440 tando)
302 1358 414 1425 statim
438 1380 497 1442 pro
520 1357 616 1440 gravi
631 1364 767 1441 peccato
782 1358 933 1425 habenda
956 1365 1016 1427 est.
1059 1357 1172 1424 Videri
1195 1357 1280 1424 enim
1297 1359 1395 1425 debet
1410 1381 1487 1425 usus

164 1446 307 1530 regionis
330 1451 365 1513 et
386 1447 459 1530 ipsa
482 1468 566 1529 quae
589 1446 676 1513 inter
698 1448 856 1513 offensum
880 1452 915 1513 at
937 1449 1131 1514 offensuram
1152 1448 1336 1514 intercedat
1358 1448 1485 1515 relatio.

165 1536 198 1602 si
222 1536 368 1601 salutare
391 1536 531 1601 alterum
548 1541 599 1602 est
614 1536 744 1618 signum
759 1536 968 1615 ordinarium,
993 1539 1050 1602 diu
1071 1537 1113 1603 ab
1129 1558 1167 1602 eo
1183 1536 1342 1603 abstineri
1356 1537 1485 1619 nequit;

165 1625 262 1691 aliter
283 1625 354 1691 iure
377 1624 458 1690 haec
481 1624 613 1690 omissio
636 1625 776 1691 habetur
798 1647 857 1709 pro
880 1626 974 1708 signo
998 1626 1073 1693 odii.
1111 1627 1157 1692 Et
1173 1646 1371 1708 quamquam
1386 1628 1487 1692 offen-

164 1715 247 1780 soris
270 1717 332 1789 est,
354 1717 457 1798 priano
480 1714 635 1791 salutare,
660 1734 758 1798 saepe
778 1719 890 1781 tamen
905 1717 938 1780 in
953 1714 1130 1781 inimicitiis
1144 1720 1259 1781 mutua
1273 1713 1338 1780 fuit
1353 1715 1487 1781 offensio

165 1822 270 1885 nequo
293 1803 375 1868 satis
399 1802 538 1868 discerni
557 1806 668 1886 potest
690 1802 777 1869 inter
800 1804 994 1869 offensorem
1017 1807 1051 1871 et
1067 1804 1235 1882 offensum,
1260 1824 1334 1869 cum
1349 1806 1487 1886 uterque

164 1988 294 2064 tempus
317 2001 400 2046 unus
426 1989 452 2045 et
475 1980 560 2045 alter
583 1981 748 2062 urgendus
775 1986 842 2059 est,
875 1985 912 2047 ut
934 1985 1072 2065 quaerat
1095 1981 1298 2047 occasionem
1322 1981 1487 2048 salutandi

165 2071 218 2135 vel
241 2069 443 2151 alloquendi,
472 2070 524 2134 vel
548 2069 648 2135 etiam
671 2090 730 2154 per
752 2069 981 2136 intermedium
1003 2070 1276 2137 reconciliationis
1298 2072 1486 2137 tentandae.

164 2159 213 2226 ef.
236 2158 392 2224 Noldin
414 2158 456 2237 ΙΙ,
480 2180 511 2224 n.
537 2159 678 2225 76-78.

103 2293 154 2347 393
253 2283 292 2350 R.
310 2287 340 2351 3.
373 2283 558 2348 Excludere
574 2281 685 2348 Caium
704 2282 844 2367 positive
867 2303 888 2349 a
911 2281 1201 2348 communicatione
1216 2283 1416 2365 precationis
1432 2304 1489 2367 per

164 2392 200 2437 se
223 2393 326 2454 grave
350 2376 401 2438 est
424 2376 602 2456 peccatum.
639 2372 761 2437 Verum
780 2371 909 2453 quidem
926 2374 977 2436 est
999 2391 1064 2436 non
1080 2371 1240 2438 exsistere
1256 2372 1488 2454 obligationem

164 2461 315 2528 strictam
345 2461 463 2528 cotidie
492 2482 551 2545 pro
581 2459 710 2526 inimico
741 2461 871 2537 orandi;
903 2464 939 2526 at
966 2458 1098 2525 exsistit
1127 2459 1301 2543 obligatio,
1332 2482 1374 2527 ne
1404 2483 1486 2539 eum,

164 2554 194 2616 si
217 2571 290 2628 oro,
322 2571 342 2616 a
366 2549 527 2615 communi
551 2549 699 2616 oratione
723 2550 904 2615 excludam.
951 2548 1109 2615 Similiter
1136 2570 1201 2613 non
1225 2549 1357 2617 exsistit
1381 2550 1488 2618 detor-

163 2639 290 2705 minata
302 2638 458 2721 obligatio
471 2638 619 2704 omnibus
632 2638 757 2703 civibus
769 2638 989 2720 indigentibus
1004 2644 1128 2704 certam
1144 2637 1328 2722 portionem
1340 2660 1488 2705 annonae

165 2728 388 2805 distribuendi,
406 2728 473 2804 sed,
486 2727 524 2801 si,
541 2748 614 2792 cum
630 2727 806 2793 distribuas
822 2728 979 2800 omnibus,
996 2727 1160 2792 inimicum
1176 2727 1343 2804 excludas,
1360 2749 1487 2813 peccas.

164 2816 211 2882 of.
243 2817 393 2893 Tamb,
431 2818 471 2881 Iu
502 2819 599 2881 dcccl.
638 2817 691 2882 lib.
726 2820 762 2892 5,
794 2837 865 2900 cap.
892 2820 926 2893 1,
958 2816 975 2895 ᾖ
1006 2820 1043 2892 3,
1074 2837 1105 2882 u.
1140 2818 1198 2881 17:
1239 2816 1351 2894 „Licet
1383 2839 1487 2893 orare,

165 2907 282 2990 stipem
313 2905 463 2987 elargiri,
497 2904 610 2987 legata
640 2905 833 2970 distribuere
856 2927 921 2970 non
945 2905 1105 2981 tenearis;
1137 2911 1248 2971 tamen
1271 2906 1379 2990 posito
1404 2905 1489 2988 quod

165 3017 205 3060 ea
228 2994 372 3073 exhibes,
397 2994 601 3078 perspicuum
626 2998 715 3059 esset
736 2994 888 3059 iudicium
913 2994 986 3071 odii,
1011 2994 1039 3058 si
1063 2994 1166 3058 nolles
1190 2993 1331 3075 aliquem
1354 3016 1398 3060 ex
1425 2996 1489 3061 illis

166 3084 350 3151 admittere.
390 3083 511 3159 Quodsi
534 3083 725 3148 beneficium
750 3104 808 3166 pro
832 3084 980 3147 omnibus
1003 3104 1067 3147 non
1084 3082 1215 3160 suflicit,
1240 3089 1318 3149 tunc
1341 3084 1490 3168 profecto

165 3173 287 3239 amicos
310 3172 478 3256 praeferes
502 3171 571 3236 sine
596 3173 710 3255 culpa:
734 3172 781 3238 ita
806 3173 837 3238 S.
862 3172 995 3238 Thom.
1020 3172 1061 3250 ll,
1087 3173 1127 3247 ll,
1153 3194 1182 3254 q.
1209 3175 1261 3250 25,
1286 3178 1349 3241 art.
1375 3176 1405 3239 9.
1453 3173 1489 3238 ld

165 3263 250 3327 enim
274 3283 338 3327 non
355 3266 406 3327 est
422 3261 550 3343 signum
569 3261 677 3326 clarae
692 3261 891 3339 inimicitiae,
915 3261 973 3326 sed
989 3261 1031 3327 ad
1047 3282 1207 3326 summum
1223 3261 1488 3333 non-amicitiae:

166 3357 201 3417 at
224 3352 319 3434 signa
341 3350 504 3434 positivae
528 3349 691 3417 amicitiae
715 3351 888 3416 ostendere
919 3372 960 3415 ex
985 3350 1119 3415 consilio
1143 3350 1289 3432 quidem,
1321 3372 1386 3416 nou
1411 3372 1488 3417 vero

165 3462 208 3505 ex
231 3440 429 3522 obligatione
452 3443 612 3505 tenemur.
658 3439 754 3505 Unde
778 3439 877 3505 etiam
901 3440 954 3516 lit,
986 3443 1023 3504 ut
1045 3439 1186 3522 positive
1210 3460 1305 3504 orare
1328 3460 1372 3505 ex
1395 3461 1490 3524 prae·

165 3535 260 3612 cepto
284 3550 343 3612 pro
366 3528 504 3594 inimicis
528 3549 592 3593 non
616 3528 784 3610 obligaris:
809 3528 871 3593 hoc
894 3528 979 3593 enim
995 3528 1100 3594 solum
1124 3533 1176 3594 est
1192 3529 1232 3594 de
1248 3528 1393 3607 consilio,
1418 3551 1488 3595 curu

165 3618 207 3682 ad
230 3617 400 3683 vitandum
424 3618 563 3683 mortale
587 3616 631 3682 sit
653 3616 735 3682 satis
762 3617 795 3681 in
818 3617 981 3683 communi
1005 3618 1152 3683 oratione
1175 3617 1265 3683 illum
1289 3638 1354 3683 non
1378 3619 1491 3684 exclu-

166 3707 258 3783 dere3
284 3728 359 3771 nam
383 3711 428 3772 sic
450 3709 630 3772 virtualiter
652 3709 859 3772 includitur.“

254 3811 360 3877 Titius
391 3811 492 3893 igitur
522 3811 730 3896 proponendo
761 3817 878 3895 postea
907 3811 1036 3895 quidem
1067 3816 1177 3878 actum
1204 3811 1388 3879 dilectionis
1412 3833 1491 3895 erga

165 3900 328 3965 inimicum
360 3901 441 3966 bene
472 3901 558 3983 agit,
590 3900 687 3965 immo
720 3900 862 3967 fortasse
892 3903 965 3986 plus
996 3922 1094 3984 quam
1121 3901 1258 3968 strictae
1282 3901 1491 3983 obligationis

165 3994 216 4055 est
246 3991 398 4073 proponit
428 3991 554 4067 facere3
586 4011 670 4054 nunc
702 4011 779 4055 vero
810 4012 883 4055 eum
915 3992 1091 4056 excludens
1122 4012 1142 4056 a
1171 3994 1262 4056 recto
1294 3991 1416 4056 deaiat.
1448 4030 1491 4038 -

164 4078 268 4144 Immo
299 4080 417 4161 agendi
447 4080 532 4145 ratio
557 4079 634 4144 Titii
664 4084 752 4145 certe
782 4101 841 4163 pro
869 4080 963 4163 gravi
994 4086 1129 4163 peccato
1152 4081 1303 4145 habenda
1327 4085 1433 4157 esset,
1464 4079 1490 4144 si

164 4168 365 4252 propositum
390 4173 506 4252 postea
535 4189 593 4251 pro
617 4167 747 4233 inimico
771 4170 884 4234 orandi
915 4190 979 4234 non
1002 4171 1142 4253 positive
1166 4169 1362 4253 conciperet.
1410 4169 1491 4245 Quia

165 4278 243 4322 vero
273 4257 338 4323 iam
370 4279 454 4322 nunc
484 4257 517 4321 id
547 4257 658 4321 facere
687 4258 856 4341 proponit,
887 4258 1050 4323 inimicum
1082 4279 1200 4324 revera
1222 4279 1243 4324 a
1266 4259 1491 4324 communione

166 4347 322 4412 orationis
361 4368 424 4412 non
461 4346 624 4422 excludit,
664 4351 738 4413 utut
777 4369 840 4412 non
877 4370 964 4413 olicae
999 4348 1071 4413 vult
1108 4369 1167 4431 pro
1202 4368 1241 4413 eo
1280 4368 1395 4426 orare,
1434 4347 1489 4412 sed

166 4436 273 4519 potius
297 4457 370 4501 eum
401 4436 443 4501 ad
473 4434 731 4500 communionem
761 4436 978 4519 spiritualium
1003 4438 1160 4501 bonorum
1184 4438 1305 4502 affectu
1328 4435 1489 4502 admittit:

166 4547 229 4607 quo
260 4524 404 4591 ostendit
434 4525 499 4589 odii
529 4524 681 4590 affectum
711 4525 835 4592 abesse.
882 4525 967 4591 Hinc
989 4530 1130 4611 grauiter
1159 4546 1314 4609 peccasse
1337 4525 1490 4592 dicendus

166 4635 230 4678 non
256 4619 315 4681 est.
