3106 5168
163 287 230 352 504
658 280 699 335 De
716 280 823 350 legibus
841 281 988 336 Ecclesiae.

163 464 235 527 tum
251 459 422 525 voluntate
438 457 554 542 capitis
569 456 749 534 Ecclesiae,
773 457 824 521 cni
841 455 1039 540 dispensatio
1062 455 1243 540 spiritualis
1265 456 1414 523 thesauri
1434 461 1483 523 est

165 548 362 625 concredita,
387 550 487 628 atque
510 546 647 631 publicis
662 546 790 612 nomine
806 546 973 611 Ecclesiae
995 545 1094 610 factis
1110 545 1310 612 orationibus
1334 550 1369 612 et
1392 545 1483 611 funo-

164 637 315 705 tionibus.
354 636 440 701 Huic
461 635 563 718 igitur
578 636 740 719 spirituali
764 634 885 700 auxilio
908 635 1088 718 posteriore
1104 634 1404 702 excommunicatus
1427 657 1483 719 per

164 747 200 791 se
223 726 383 809 privatur.

252 814 389 879 Privata
411 817 523 880 tamen
545 813 703 895 suffragia
731 833 752 878 a
780 811 928 878 fidelibus
951 812 1020 877 fieri
1053 815 1189 895 possunt
1215 833 1274 895 pro
1298 833 1483 878 excommu-

164 903 290 980 nicat03
314 903 412 967 immo
436 902 535 968 etiam
558 902 706 985 publicus
725 901 893 966 Ecclesiae
916 901 1073 978 minister,
1098 901 1196 967 certis
1220 901 1350 982 quidem
1373 902 1483 968 limiti·

166 994 242 1069 bus,
272 1013 331 1075 pro
354 991 506 1057 toleratis
528 990 561 1055 id
584 995 754 1074 praestare
777 995 903 1074 potest;
934 1011 992 1072 pro
1016 990 1160 1056 vitandis
1182 995 1292 1056 autem
1316 990 1483 1055 Ecclesiae

164 1081 314 1147 minister
337 1101 401 1161 qua
423 1079 501 1145 talis
523 1100 628 1161 neque
650 1079 740 1146 licite
762 1101 868 1162 neque
890 1079 998 1143 valide
1022 1079 1101 1161 agit.

255 1170 289 1252 2)
312 1169 427 1234 Privat
451 1168 743 1235 excommunicatio
767 1171 975 1234 sacramentis
998 1170 1208 1254 recipiendia:
1231 1188 1273 1232 ex
1289 1189 1353 1250 quo
1377 1170 1425 1244 fit,
1449 1173 1485 1233 ut

165 1279 225 1344 per
240 1279 277 1324 se
293 1258 583 1335 excommunicato,
607 1260 760 1322 manente
776 1257 1119 1332 excommunicatione,
1145 1257 1189 1323 sit
1210 1263 1351 1343 praviter
1374 1260 1484 1323 illicito

165 1347 362 1413 sacramenti
386 1346 523 1412 alicuius
545 1347 719 1430 susceptio,
744 1350 939 1411 nontamen
962 1367 1004 1410 ex
1027 1367 1063 1410 se
1085 1345 1189 1422 irrita,
1213 1345 1275 1410 nisi
1298 1367 1484 1411 sacramen·

166 1441 236 1502 tum
260 1435 481 1520 paenitentiae
503 1437 563 1501 fiat
585 1435 711 1501 irritum
736 1456 778 1500 ex
798 1435 929 1501 defectu
952 1433 1181 1518 dispositionis.
1219 1435 1274 1500 Th.
1291 1457 1333 1499 m.
1350 1434 1392 1510 11,
1411 1436 1483 1501 887.

255 1525 307 1588 Ex
331 1523 425 1606 gravi
449 1529 559 1589 autem
583 1545 683 1589 causa
705 1524 775 1589 fieri
798 1528 917 1607 potest,
943 1527 980 1589 ut
995 1522 1287 1588 excommunicatio
1311 1544 1353 1587 ne
1377 1522 1484 1589 licitae

166 1613 295 1695 quidem
318 1611 515 1695 susceptioni
532 1612 657 1690 obstet;
681 1613 766 1694 quod
789 1633 869 1678 sane
892 1612 1024 1678 evenire
1047 1616 1157 1695 potest
1179 1613 1277 1694 longe
1299 1610 1430 1677 facilius
1453 1612 1483 1676 in

166 1723 215 1781 eo,
241 1703 294 1784 qui
318 1701 445 1767 occulte
466 1701 833 1767 excommunicationem
856 1701 1001 1779 incurrit,
1025 1722 1122 1783 quam
1140 1701 1173 1765 in
1191 1721 1239 1779 eo,
1264 1700 1319 1783 qui
1342 1700 1482 1785 publice;

165 1791 224 1857 vix
247 1795 357 1875 potest
380 1790 512 1855 evenire
537 1789 571 1854 in
594 1791 739 1856 vitando.

256 1880 290 1962 3)
306 1879 420 1947 Privat
432 1878 724 1945 excommunicatio
740 1881 947 1943 accrementis
963 1880 1243 1960 administrandis,
1259 1877 1357 1961 idque
1372 1878 1484 1944 eodem

165 1967 261 2033 modo
291 1972 329 2033 ut
357 1968 572 2034 sacramentis
595 1966 797 2052 recipiendis.
845 1966 882 2031 In
906 1967 1033 2033 occulte
1056 1966 1337 2032 excommunicato
1362 1967 1484 2051 saepis·

165 2057 247 2122 sime
270 2061 322 2123 est
345 2078 444 2123 causa
467 2078 644 2135 excusans,
675 2057 708 2121 in
732 2055 876 2122 vitandis
898 2055 955 2120 vix
979 2077 1149 2138 umquam,
1176 2055 1239 2120 nisi
1261 2061 1374 2122 tamen
1398 2058 1484 2121 solus

165 2145 224 2224 sit,
256 2145 310 2228 qui
340 2145 530 2211 moribundo
553 2150 732 2213 succurrat.
757 2181 801 2190 —
830 2145 939 2210 Etiam
968 2144 1281 2209 excommunicatum
1304 2145 1425 2211 debere
1454 2150 1484 2210 et

164 2255 261 2319 posse
284 2238 384 2300 antea
405 2234 439 2298 in
462 2239 585 2301 statum
608 2235 737 2318 gratiae
760 2254 832 2299 sese
855 2235 1046 2314 restituere,
1074 2255 1140 2299 non
1163 2237 1230 2312 est,
1255 2234 1341 2316 quod
1365 2238 1483 2310 notem,

166 2345 239 2390 cum
261 2323 306 2390 sit
328 2345 383 2388 res
406 2323 549 2389 evidens.

255 2411 289 2493 4)
313 2411 616 2477 Excommunicatio
639 2411 749 2495 privat
772 2411 888 2496 officiis
907 2413 1034 2494 divinia,
1059 2432 1124 2476 non
1147 2411 1308 2487 contione,
1332 2409 1485 2478 videlicet

167 2521 208 2565 ne
237 2505 378 2584 peragat
408 2499 708 2566 excommunicatus
737 2499 909 2582 liturgicus
932 2500 1077 2567 actiones
1104 2520 1188 2564 neve
1209 2500 1250 2565 iis
1272 2498 1421 2568 assistat.
1446 2537 1484 2546 -

77 2631 80 2637 ·
118 2653 121 2659 ,
167 2590 326 2655 Vitandoa
358 2589 458 2671 igitur
486 2589 527 2655 ab
557 2589 598 2654 iis
627 2588 756 2656 omnino
787 2589 891 2654 arceri
915 2588 1030 2655 debet:
1062 2589 1145 2670 quod
1176 2588 1204 2654 si
1233 2588 1302 2654 fieri
1334 2596 1483 2672 nequeat,

166 2698 280 2742 sacrae
310 2678 495 2744 functiones
524 2681 623 2761 atque
652 2678 725 2762 ipsa
749 2677 852 2743 Missa
878 2677 1060 2744 amittanda
1089 2681 1157 2755 est;
1194 2677 1327 2743 tolerati
1358 2680 1485 2746 admitti

167 2771 320 2850 possunt,
352 2788 415 2832 non
445 2772 557 2833 tamen
581 2767 715 2845 debent3
747 2767 855 2848 rogati
878 2789 898 2831 a
920 2768 1068 2831 fidelibus
1091 2770 1125 2831 et
1152 2766 1284 2830 admissi
1314 2766 1405 2834 licite
1435 2790 1485 2833 as·

167 2855 302 2933 sistunt,
326 2857 424 2921 immo
440 2856 473 2920 in
489 2856 708 2934 heterodoxis,
733 2855 787 2938 qui
810 2857 843 2920 in
862 2855 932 2920 loro
957 2860 1093 2920 externo
1117 2876 1176 2938 pro
1197 2857 1485 2924 excommunicatis

167 2945 337 3022 habentur,
361 2945 419 3010 illa
437 2945 620 3029 prohibitio,
644 2967 685 3010 ne
708 2945 810 3010 sacris
828 2945 1048 3010 functionibus
1072 2944 1238 3023 assistant,
1263 2945 1374 3027 potius
1390 2947 1486 3011 cessit

167 3034 327 3099 desiderio
360 3034 546 3112 Ecclesiae,
585 3039 623 3100 ut
654 3033 812 3099 assistant
844 3038 878 3099 et
911 3033 943 3098 in
976 3055 1071 3099 sacra
1103 3038 1217 3099 nostra
1247 3033 1408 3115 religione
1439 3036 1484 3100 in-

167 3127 347 3189 struantur.

257 3213 291 3294 5)
315 3211 617 3277 Excommunicatio
641 3211 751 3294 privat
773 3213 937 3295 sepultura
953 3213 1177 3276 ecclesiastico:
1201 3211 1285 3292 quod
1308 3216 1346 3276 ut
1364 3213 1485 3296 reipsa

166 3303 241 3380 fiat,
273 3300 465 3382 requiritur,
497 3305 533 3365 ut
557 3299 848 3365 excommunicatio
878 3300 922 3365 sit
949 3300 1092 3376 notoria,
1124 3304 1158 3365 et
1188 3301 1487 3368 excommunicatus

167 3390 237 3455 sine
260 3389 361 3471 signis
384 3389 606 3473 paenitentiae
629 3409 647 3453 e
670 3388 741 3463 vita
764 3389 908 3454 cesserit.
934 3428 977 3435 -
1007 3388 1126 3464 Quodsi
1156 3391 1307 3454 citandos
1338 3390 1371 3454 in
1395 3412 1485 3456 sacro

166 3479 238 3543 loco
262 3480 409 3561 sepultus
434 3482 537 3556 esset,
568 3483 657 3544 esset
680 3478 856 3555 eruendus,
888 3478 978 3542 locus
1002 3498 1095 3542 sacer
1118 3478 1393 3556 reconciliandus;
1425 3501 1487 3546 non

167 3567 216 3633 ita
238 3567 271 3631 in
295 3571 434 3633 tolerato.

257 3656 291 3737 6)
314 3654 617 3721 Excommunicatio
633 3655 744 3738 privat
768 3657 986 3720 iurisdictione
1011 3658 1238 3734 ecclesiastico;
1260 3655 1416 3723 videlicet
1439 3661 1486 3722 to·

166 3743 307 3810 leratum
341 3745 428 3809 licito
462 3744 531 3809 eius
564 3765 640 3821 usu,
674 3766 747 3808 curn
774 3743 1031 3809 restrictionibus
1065 3749 1163 3809 antea
1187 3743 1273 3809 datis
1306 3745 1348 3809 ad
1381 3767 1412 3811 n.
1438 3747 1486 3827 3);

167 3832 337 3898 vitandum
361 3834 471 3916 privat
494 3833 565 3916 ipsa
587 3837 769 3916 potestate,
801 3833 848 3898 ita
879 3836 915 3896 ut
942 3836 1035 3897 actus
1058 3832 1264 3897 nihilominus
1287 3834 1387 3916 positi
1412 3856 1487 3899 eva-

168 3923 248 3987 dant
272 3921 365 3986 irriti.

258 4011 291 4090 7)
322 4010 624 4075 Excommunicatio
648 4011 759 4093 privat
782 4011 937 4094 beneficiis
961 4013 1175 4075 ecclesiasticis
1199 4011 1400 4091 obtinendae,-
1433 4012 1486 4077 sed

167 4100 322 4165 beneficio
354 4101 486 4163 obtento
517 4121 557 4164 ne
588 4099 741 4163 vitandus
765 4099 892 4179 quidem
924 4120 962 4162 eo
992 4099 1062 4181 ipso
1093 4099 1239 4175 exuitur,
1272 4104 1421 4165 attamen
1452 4124 1487 4166 eo

168 4190 252 4271 quod
276 4189 494 4253 functionibus
519 4188 656 4253 annexis
679 4188 870 4253 satisfacere
897 4210 961 4252 non
985 4188 1105 4270 possit,
1137 4192 1297 4270 exparte
1327 4190 1446 4255 saltem
1470 4213 1488 4255 a

168 4278 327 4344 fructibus
350 4277 495 4341 beneficii
520 4278 734 4360 percipiendis
757 4277 956 4359 prohibetur.

258 4367 291 4448 8)
321 4367 622 4430 Excommunicatio
647 4366 757 4448 privat
780 4370 1058 4431 ceremonicotioac
1079 4367 1217 4449 forensi,
1248 4364 1297 4430 ita
1320 4372 1359 4433 ut
1385 4368 1418 4432 in
1442 4369 1487 4433 iu·

168 4455 252 4520 dicio
277 4455 496 4520 ecclesiastico
521 4476 584 4519 non
608 4457 711 4519 solum
736 4476 799 4518 non
823 4455 939 4531 iudan,
970 4456 1027 4519 sed
1051 4476 1155 4536 neque
1179 4455 1363 4522 advocatus
1386 4479 1489 4540 neque

168 4549 262 4610 actor
286 4545 337 4608 vel
362 4545 457 4610 testis
481 4565 553 4608 esse
577 4544 696 4626 possit3
720 4544 831 4608 licebit
854 4549 964 4609 tamen
987 4544 1148 4622 iniuriam,
1173 4565 1270 4625 quam
1296 4567 1414 4627 passus
1438 4548 1489 4623 sit,

168 4634 337 4713 repellere.
