3106 5168
165 285 227 349 160
373 281 413 336 De
432 283 581 338 virtutibus
598 287 627 338 et
645 283 743 338 officiis
761 301 827 353 erga
844 283 940 338 Deum.
959 312 995 322 -—
1011 284 1107 339 Virtus
1124 282 1272 353 religionis.

253 459 375 523 Verum
391 478 433 524 ex
449 459 580 526 decreto
596 463 617 524 4
633 460 666 526 N
667 481 718 527 ov.
739 462 823 527 1892
846 481 900 526 res
915 461 1013 527 aliter
1027 460 1207 527 constituta
1230 463 1292 526 est.
1325 457 1486 524 Videlicet

163 548 261 613 aliter
276 547 317 613 de
339 546 390 626 iis,
414 547 467 631 qui
492 548 620 632 expulsi
643 553 720 616 sunt
742 551 796 615 vel
816 550 950 628 dimissi,
973 551 995 616 i.
1012 570 1040 616 e.
1058 571 1101 615 ex
1123 548 1219 632 gravi
1241 549 1338 632 culpa
1353 547 1487 625 dimissi,

164 636 261 703 ahter
283 636 324 702 de
346 636 402 714 iis,
430 636 485 719 qui
508 645 616 724 sponte
639 638 857 705 dimissionem
881 638 937 705 vel
960 639 1235 724 dispensationem
1258 637 1328 703 sive
1352 637 1394 703 ab
1417 637 1488 721 ipsa

164 725 357 810 Apostolica
373 725 457 792 Sede
479 727 550 792 sive
569 727 604 792 vi
623 728 791 795 facultatis
807 729 848 794 ab
864 727 1056 813 Apostolica
1071 727 1156 794 Sede
1171 727 1251 793 data
1266 725 1487 794 obtinuerunt.

257 822 336 902 ,Qui
365 825 400 889 ia
428 827 531 890 sacris
560 826 730 891 ordinibus
752 825 923 893 constituti
950 829 984 892 et
1012 829 1090 891 cotis
1119 825 1316 911 simplicibus
1338 824 1488 903 obstricti,

164 912 234 977 sive
264 912 432 996 perpetuis
462 913 531 978 sive
561 915 812 999 temporalibus,
845 919 963 1001 sponte
990 913 1210 980 dimissionem
1233 914 1275 979 ab
1297 910 1488 996 Apostolica

165 1002 248 1067 Sede
278 1001 433 1086 petierint
463 1006 497 1069 et
527 1003 743 1082 obtinuerint,
777 1003 830 1070 vel
860 1004 957 1070 aliter
986 1024 1029 1069 ex
1058 1002 1237 1088 apostolico
1266 1001 1440 1087 privilegio
1469 1022 1488 1067 a

94 1106 96 1109 ·
163 1091 250 1157 votis
281 1090 482 1176 simplicibus
514 1091 694 1177 dispensati
726 1093 864 1171 fuerint,
904 1114 923 1159 e
959 1095 1103 1159 claustro
1135 1112 1177 1158 ne
1209 1095 1347 1168 exeant,
1388 1091 1488 1156 donec

165 1179 353 1264 episcopum
376 1180 568 1246 benevolum
592 1186 794 1266 receptorem
817 1183 1003 1248 invenerint
1026 1185 1061 1248 et
1083 1182 1123 1247 de
1142 1179 1363 1247 ecclesiastico
1386 1179 1488 1264 patri·

165 1269 272 1334 monio
303 1268 364 1423 sipi
387 1269 599 1354 providerint,
629 1292 723 1336 secus
746 1270 895 1356 suspensi
918 1274 1074 1337 maneant
1104 1271 1145 1336 ab
1169 1270 1327 1336 exercitio
1357 1290 1489 1353 suscep-

164 1362 272 1423 torum
296 1379 333 1423 or
355 1359 473 1425 inum.“

254 1456 307 1521 Ex
330 1478 394 1539 quo
417 1461 511 1539 patet
533 1457 657 1522 nullum
673 1458 861 1542 episcopum
884 1478 1010 1523 summo
1033 1457 1104 1523 iure
1126 1456 1241 1535 teneri,
1266 1460 1303 1522 ut
1333 1455 1489 1520 eiusmodi

166 1545 334 1610 dimissum
364 1546 518 1630 recipiat,
549 1547 606 1611 sed
636 1546 760 1611 dimissi
790 1567 879 1625 esse,
912 1546 1053 1629 aliquem
1077 1546 1132 1629 qui
1155 1566 1215 1611 suo
1237 1544 1420 1610 ministerio
1443 1543 1489 1610 uti

167 1634 248 1700 velit
263 1653 431 1716 quaerere.
465 1634 572 1712 Quare
587 1635 621 1699 in
637 1635 773 1701 arbitrio
790 1636 942 1720 episcopi,
960 1636 1015 1718 qui
1031 1634 1254 1702 Guentherum
1269 1633 1489 1710 ordinaverat,

167 1729 256 1799 erat,
287 1723 378 1788 illum
402 1723 548 1808 recipere
575 1730 634 1791 aut
662 1745 832 1802 recusare,
862 1728 1036 1808 postquam
1064 1723 1283 1789 dimissionem
1307 1743 1328 1788 a
1352 1723 1384 1788 S.
1409 1722 1491 1788 Sede

167 1812 364 1878 obtinuerat.
403 1812 515 1879 Videri
546 1817 656 1879 autem
680 1813 779 1879 debet
800 1814 1053 1880 instrumentum
1074 1812 1280 1890 dimissionis,
1304 1832 1382 1877 num
1406 1811 1491 1877 forte

166 1901 239 1985 ipsa
262 1900 405 1967 dimissio
429 1901 562 1984 eiusque
584 1903 679 1968 valor
701 1925 723 1968 a
745 1902 934 1968 condicione
958 1902 1156 1986 dependeat,
1188 1901 1273 1984 quod
1299 1902 1366 1966 iam
1390 1901 1492 1966 exsti·

167 1990 247 2057 terit
269 1990 453 2056 ordinarius
475 1992 530 2074 qui
554 1991 782 2058 dimittendum
806 1991 953 2076 recipiat.

106 2129 158 2183 819
256 2112 310 2178 An
325 2134 517 2190 quassrrmr
533 2117 572 2181 3m
594 2116 633 2182 R.
654 2119 682 2182 l.
721 2116 848 2181 Bonum
872 2114 1001 2199 quidem
1024 2119 1075 2181 est
1099 2113 1321 2179 Guentlrerum
1344 2112 1418 2178 loco
1441 2133 1492 2178 or-

167 2202 252 2268 dinis
276 2224 347 2269 ase
371 2203 519 2271 derelicti
542 2205 688 2287 cogitare
709 2203 892 2288 ingressum
916 2204 949 2269 in
972 2203 1069 2271 aliam
1086 2201 1385 2286 congregationem,
1411 2221 1492 2284 quae

167 2292 305 2357 similem
336 2292 440 2358 vitam
471 2293 584 2368 ducat;
615 2293 731 2359 melius
761 2299 873 2360 tamen
902 2292 1042 2371 faceret,
1073 2293 1154 2357 haec
1182 2296 1299 2377 sponte
1329 2290 1390 2356 sibi
1418 2312 1492 2375 pro-

168 2402 298 2465 ponere,
323 2402 421 2464 quam
444 2383 642 2449 necessitate
665 2403 806 2467 pressus.
845 2382 932 2447 Nam
957 2381 1019 2448 etsi
1034 2418 1078 2425 —
1093 2384 1131 2448 ut
1154 2402 1239 2446 nunc
1261 2401 1355 2445 sumo
1370 2416 1413 2425 —
1431 2380 1493 2445 rite

168 2470 319 2535 dimissus
343 2475 377 2536 et
400 2471 441 2536 ab
463 2471 550 2536 omni
574 2477 724 2538 votorum
748 2471 947 2554 obligatione
970 2472 1097 2536 solutus
1120 2468 1181 2549 sit,
1205 2490 1316 2535 coram
1339 2469 1409 2534 Deo
1433 2468 1493 2533 hac

169 2559 346 2638 solutione,
372 2581 469 2642 quam
492 2560 741 2644 importunitate
764 2561 904 2643 quadam
928 2559 1021 2642 quasi
1045 2560 1195 2637 extorsit,
1220 2580 1285 2624 non
1309 2579 1383 2624 cum
1407 2556 1494 2622 omni

169 2648 387 2715 conscientiae
416 2650 595 2717 securitate
624 2649 688 2715 frui
718 2654 845 2734 potest,
877 2649 938 2713 nisi
969 2649 1097 2731 culpam
1121 2647 1328 2714 commissam
1351 2650 1493 2730 reparet.

169 2737 357 2821 Spontauea
380 2738 482 2820 igitur
504 2738 554 2804 sui
577 2738 699 2804 oblatio
721 2760 801 2822 erga
816 2738 1002 2805 institutum
1019 2737 1149 2819 aliquod
1165 2736 1353 2819 religiosum
1370 2735 1495 2819 optima

169 2828 233 2892 erit
255 2827 430 2911 reparatio.

258 2933 296 2999 lt.
329 2936 359 2998 2.
406 2933 527 2998 Verum
559 2953 613 3010 eo,
645 2933 730 3013 quod
761 2953 797 2997 se
827 2931 1075 3015 congregationi
1104 2929 1348 2996 Lazaristarum
1378 2930 1495 2995 offerat

170 3043 307 3103 eamque
336 3028 487 3105 paratam
516 3021 665 3088 inveniat
695 3022 736 3087 ad
766 3042 802 3086 se
832 3020 1089 3104 suscipiendum,
1120 3041 1184 3085 non
1211 3020 1308 3104 plane
1332 3016 1495 3085 satisfacit

170 3111 411 3177 condicionibus
441 3132 461 3176 a
489 3111 521 3178 S.
547 3111 629 3176 Sede
660 3111 792 3176 decreto
822 3111 956 3176 laudato
979 3109 1207 3194 praescriptis,
1237 3108 1300 3173 nisi
1324 3108 1495 3193 episcopus

170 3200 233 3265 loci
259 3200 312 3264 vel
339 3200 422 3265 alius
449 3200 620 3283 episcopus
643 3200 828 3266 consentiat
851 3204 951 3281 atque
973 3220 1033 3283 pro
1057 3220 1151 3275 casu,
1183 3199 1267 3280 quod
1292 3217 1310 3262 e
1333 3197 1494 3263 novitiatu

172 3289 378 3355 Guentherus
401 3289 606 3370 egrediatur,
639 3310 712 3354 eum
736 3293 904 3371 tamquam
926 3288 960 3352 in
984 3288 1106 3352 clerum
1130 3307 1222 3352 suum
1246 3291 1415 3371 receptum
1440 3287 1494 3351 de·

171 3379 356 3444 claraverit.
393 3379 500 3445 Aliter
516 3379 600 3444 enim
618 3378 824 3444 Guentherus
840 3398 860 3442 a
877 3376 979 3442 sacris
995 3376 1162 3442 ordinibus
1181 3380 1292 3441 manet
1308 3396 1494 3460 suspensus,

172 3489 210 3532 eo
234 3467 304 3550 ipso
329 3469 424 3549 quod,
455 3471 631 3549 antequam
654 3468 791 3533 haberet
814 3466 1000 3551 episcopum
1023 3467 1217 3531 benevolum
1241 3468 1455 3549 receptorem,
1479 3485 1496 3529 e

172 3557 370 3622 monasterio
394 3557 443 3621 sui
467 3557 585 3640 prioris
601 3556 723 3621 ordinis
739 3577 892 3639 egressus
909 3560 970 3622 est.
1006 3554 1075 3632 Quo
1091 3555 1206 3619 melius
1221 3574 1275 3618 res
1292 3554 1494 3639 expediatur,

172 3646 277 3709 denuo
301 3666 452 3710 recursus
475 3646 517 3711 ad
533 3647 565 3712 S.
584 3645 699 3711 Sedem
724 3645 892 3711 faciendus
915 3649 982 3721 est;
1007 3665 1091 3726 quae
1114 3644 1183 3709 sine
1207 3642 1303 3708 dubio
1327 3643 1425 3708 facile
1447 3643 1495 3708 in·

173 3755 321 3816 gressum
345 3735 377 3799 in
401 3735 488 3800 aliud
512 3734 699 3801 institutum
723 3734 752 3799 ei
776 3735 947 3810 concedet,
977 3734 1027 3798 cui
1050 3733 1292 3800 restitutionem
1316 3731 1349 3797 in
1373 3737 1496 3799 statum

173 3823 375 3888 saecularem
398 3824 577 3889 concedere
600 3828 719 3908 parata
742 3829 824 3899 erat,
848 3823 1031 3907 prohibebit
1054 3827 1166 3889 tamen
1186 3843 1353 3904 egressum
1371 3842 1389 3887 e
1406 3821 1496 3887 novi·

172 3912 258 3978 tiatu
281 3913 351 3977 sine
375 3934 461 3977 novo
485 3914 526 3978 ad
550 3914 581 3979 S.
607 3913 722 3979 Sedem
747 3934 890 3977 recursu.

112 4031 164 4085 320
263 4019 302 4085 u.
316 4022 345 4084 3.
370 4020 423 4083 Ex
436 4041 513 4084 casu
526 4022 619 4102 patet
632 4019 855 4084 Guentherum
871 4039 934 4082 non
952 4018 982 4082 in
996 4017 1159 4083 novitiatu
1175 4017 1362 4083 institutum
1379 4037 1495 4082 novum

173 4107 352 4189 reliquisse.
395 4109 480 4173 Nam
506 4110 531 4173 si
556 4109 603 4174 ita
625 4108 767 4181 fecisset,
795 4129 838 4172 ex
862 4107 1047 4171 dimissione
1071 4128 1130 4172 sua
1153 4107 1272 4191 priore,
1297 4105 1391 4171 utin
1415 4106 1453 4170 lt.
1478 4107 1496 4168 2

173 4196 303 4274 notavi,
335 4200 392 4261 aut
423 4198 528 4262 adhuc
557 4199 693 4262 haberet
723 4197 908 4280 episcopum
937 4196 1153 4280 superiorem,
1186 4196 1235 4261 cui
1267 4217 1304 4260 eo
1327 4194 1399 4279 ipso
1423 4195 1497 4259 sub·

173 4284 278 4351 iectus
301 4290 389 4352 esset
413 4292 446 4352 et
470 4287 560 4351 cuius
577 4287 766 4351 dimissoriis
789 4286 909 4351 litteris
932 4286 1103 4367 indigeret,
1128 4290 1164 4350 ut
1183 4286 1246 4351 alio
1263 4284 1497 4367 transmigrare

175 4380 295 4460 posset,
319 4380 378 4442 aut
402 4376 568 4443 debuisset
584 4377 688 4440 denuo
705 4375 841 4440 Romam
865 4397 1033 4440 recurrere
1058 4381 1094 4440 ut
1116 4374 1177 4439 sibi
1200 4374 1438 4457 provideretur.
1455 4409 1495 4417 --

175 4464 294 4540 Quodsi
325 4466 357 4532 S.
382 4465 482 4530 Sedes
511 4465 610 4529 —id
640 4465 724 4546 quod
755 4485 791 4528 re
820 4465 892 4548 ipsa
922 4465 1027 4530 locum
1059 4464 1114 4528 vix
1144 4464 1277 4529 habebit
1302 4501 1342 4511 —
1367 4462 1496 4528 liberius

176 4553 363 4621 Gueuthero
393 4559 601 4620 concesserat
631 4554 825 4618 solutionem
854 4556 895 4618 ab
920 4553 1031 4619 ordine
1054 4554 1346 4618 F1anciscanorum
1378 4557 1411 4617 et
1441 4572 1496 4615 ex·

175 4644 391 4727 perimentum
420 4645 453 4710 in
476 4643 627 4711 instituto
652 4643 911 4721 Lazaristarum,
943 4664 1005 4706 non
1031 4647 1119 4707 esset
1146 4647 1280 4725 propter
1303 4641 1493 4708 novitiatum
