3106 5168
209 289 328 346 Cruenta
346 288 467 343 defensio
485 288 598 358 eiusque
616 288 725 343 limites.
744 318 779 327 -
798 288 925 344 Duellum
944 290 1056 360 eiusque
1074 289 1227 361 prohibitio.
1319 297 1383 361 263

147 466 187 534 R.
212 470 242 535 2.
288 467 353 532 Per
381 465 531 532 accidens
560 471 672 536 tamen
701 466 830 533 videtur
859 488 924 532 non
954 466 1100 545 licuisse,
1132 469 1217 534 sicut
1246 489 1282 534 re
1304 490 1384 535 vera

56 557 249 642 plerumque
272 556 430 622 eiusmodi
445 555 592 621 violenta
614 558 649 621 et
671 558 807 622 cruenta
829 555 1019 622 resistentia
1040 556 1155 624 illicita
1174 562 1235 624 est.
1267 557 1385 624 Illicita

56 645 143 711 enim
166 647 204 710 fit
230 645 262 727 1)
286 644 314 710 si
337 645 438 712 fuerit
457 643 598 722 inutilis;
624 644 658 724 2)
675 645 702 709 si
718 644 874 728 graviora
892 644 1022 729 publica
1038 645 1125 712 mala
1141 647 1216 712 inde
1232 651 1385 715 secutura

57 735 139 811 sint;
172 734 206 817 3)
231 734 259 800 si
288 735 408 800 bonum
437 733 605 817 religionis
633 735 781 818 postulat
810 733 920 819 potius
949 733 1114 800 heroicam
1137 736 1287 820 martyrii
1310 758 1383 820 per-

57 845 252 908 passionem.

147 930 200 995 Aa
216 949 408 1006 ousasmuu
425 931 463 992 2³²
479 928 518 994 a.
535 927 711 1011 Negative.
743 928 829 994 Nam
845 929 880 993 in
895 928 1083 995 defensione
1098 930 1235 997 alterius
1251 951 1383 1015 possum
1393 941 1445 995 516

55 1019 152 1085 huius
175 1023 305 1086 tantum
329 1039 502 1102 personam
526 1017 698 1085 sustinere.
745 1016 852 1094 Quare
875 1017 903 1083 si
926 1017 981 1083 ille
1003 1017 1126 1084 invitus
1149 1024 1201 1085 est
1223 1023 1323 1101 atque
1338 1057 1384 1066 —

56 1108 89 1174 id
112 1108 199 1191 quod
223 1107 380 1173 accedere
403 1107 500 1172 debet
522 1143 565 1151 —
589 1106 677 1172 licite
707 1107 909 1191 praeeligere
932 1106 982 1172 sui
1006 1129 1117 1173 necem
1147 1111 1273 1192 potest:
1304 1107 1383 1172 mihi

56 1218 121 1262 non
142 1196 283 1281 amplius
298 1196 349 1261 ius
364 1200 416 1261 est
431 1199 586 1261 cruentae
604 1195 810 1262 defensionis.
842 1197 965 1261 Verum
981 1195 1014 1260 in
1029 1200 1142 1263 nostro
1158 1218 1236 1263 casu
1253 1196 1382 1261 omnino

56 1285 150 1352 licuit
173 1285 293 1353 Sancto
324 1285 525 1369 praeeligere
554 1305 667 1350 necem
696 1306 787 1352 suam
812 1289 846 1351 et
870 1284 1073 1368 martyrium.
1100 1285 1321 1352 -Attamen
1346 1289 1383 1352 ut

56 1375 89 1440 in
112 1375 174 1441 tali
197 1395 275 1440 casu
299 1374 444 1439 defensio
469 1373 597 1440 dicatur
619 1373 689 1438 fieri
712 1373 815 1439 invito
840 1395 889 1451 eo,
914 1374 968 1456 qui
992 1375 1118 1458 patitur
1132 1374 1293 1451 iniuriam,
1317 1395 1381 1439 non

56 1465 162 1530 solum
184 1464 336 1548 precibus
359 1483 498 1529 exorare
522 1463 634 1539 debet,
665 1483 707 1528 ne
730 1484 766 1528 se
789 1463 984 1541 defendant,
1008 1464 1065 1528 sed
1087 1463 1138 1530 sui
1161 1463 1380 1530 defensionem

53 1553 231 1640 probibere.

427 1664 681 1732 INSIDIATOR
705 1664 1012 1733 PRAEVENTUS.

610 1805 721 1873 casas.
749 1813 826 1881 (152)

145 1930 314 2007 Hesychius
328 1931 415 1990 uxori
430 1949 501 1989 suae
521 1931 611 1989 struit
631 1930 764 1990 insidias.
796 1928 877 1998 Quas
898 1949 964 1990 cum
985 1950 1060 1991 uxor
1081 1931 1254 2004 detexisset,
1275 1932 1383 1992 statuit

56 2011 152 2070 virum
173 2011 348 2088 praevenire
369 2015 400 2069 et
419 2030 534 2069 veneno
556 2030 622 2069 eum
643 2031 659 2069 e
680 2011 775 2069 medio
796 2010 885 2069 tollit.

57 2109 234 2180 Qussmrua
254 2128 323 2168 num
344 2108 434 2168 liceat
454 2127 661 2183 aggressuram
681 2108 724 2166 ita
745 2109 920 2185 praevenire
941 2114 971 2168 et
992 2110 1134 2169 occidere.

650 2264 786 2333 Salutio.

146 2389 199 2454 Ao
229 2410 421 2466 Quassmou
444 2390 483 2456 R.
511 2394 539 2456 l.
586 2390 661 2456 Non
693 2389 789 2474 pauci
821 2395 917 2455 erant
948 2395 1100 2456 auctores
1132 2389 1219 2472 iique
1251 2392 1442 2472 gravis-517

56 2479 145 2556 simi,
177 2478 232 2562 qui
262 2479 423 2563 putabant
451 2479 485 2544 in
517 2478 673 2544 eiusmodi
697 2479 875 2557 adiunctis,
904 2479 1033 2561 quando
1056 2478 1198 2545 facultas
1222 2480 1380 2546 evadendi

56 2567 191 2633 insidias
221 2569 318 2652 plane
347 2568 524 2634 interclusa
547 2568 607 2645 sit,
638 2568 737 2633 licere
760 2567 967 2634 insidiantem
993 2567 1201 2652 praevenire,
1232 2589 1270 2634 eo
1295 2569 1381 2651 quod

56 2657 224 2723 moraliter
246 2658 313 2722 iam
336 2657 379 2722 sit
402 2678 587 2740 aggressor,
613 2661 728 2723 contra
752 2678 847 2739 quern
863 2657 935 2724 vita
957 2657 1089 2741 propria
1112 2656 1243 2722 defendi
1265 2658 1381 2741 possit,
1443 2679 1445 2682 ·

55 2751 232 2828 antequam
263 2746 408 2812 defensio
439 2746 561 2812 evadat
589 2745 806 2830 impossibilis.
854 2746 901 2814 Cf.
926 2747 1054 2829 Lnga,
1085 2747 1133 2812 De
1162 2749 1381 2813 instoriam

56 2836 85 2900 d.
113 2839 164 2913 10,
188 2857 219 2900 n.
248 2839 309 2901 155
334 2856 404 2918 sqq.

143 2934 183 2998 R.
209 2936 238 3001 2.
285 2934 407 2998 Verum
436 2937 511 3016 post
540 2933 648 2999 thesin
674 2935 714 2998 18
742 2933 783 2998 ab
807 2933 1048 2998 Alexandro
1072 2932 1135 2998 Vll
1164 2932 1380 3016 proscriptam

56 3021 100 3100 (v.
118 3043 219 3106 supra
235 3044 265 3088 n.
284 3023 363 3103 515)
379 3022 436 3086 vix
459 3027 545 3100 sunt,
571 3022 625 3104 qui
648 3022 791 3088 audeant
815 3021 1035 3087 defensionem
1059 3020 1162 3086 nestri
1186 3042 1281 3086 casus
1304 3042 1380 3104 pro-

55 3132 211 3194 pugnare.
259 3112 304 3178 Et
327 3111 444 3176 merito
468 3112 509 3175 ab
533 3132 573 3176 ea
596 3112 761 3177 recedunt.
801 3111 887 3176 Nam
912 3111 966 3192 qui
989 3111 1037 3176 ita
1060 3109 1241 3194 praevenit,
1265 3113 1381 3175 directo

56 3200 194 3266 intendit
218 3200 353 3266 alterius
370 3221 491 3277 necem,
516 3201 602 3281 quod
618 3200 650 3264 in
667 3200 887 3284 propulsanda
903 3200 1023 3265 actuali
1040 3198 1250 3281 aggressione
1266 3219 1380 3263 neces·

55 3289 177 3353 sarium
206 3294 361 3367 nonest,
393 3290 542 3371 quodque
570 3290 745 3354 secundum
770 3292 802 3355 S.
827 3290 1016 3354 Thomam
1041 3292 1078 3364 2,
1104 3291 1139 3364 2,
1165 3309 1195 3369 q.
1221 3290 1280 3363 64,
1305 3309 1334 3354 a.
1360 3290 1377 3353 7

56 3400 118 3443 non
142 3377 235 3444 licet:
264 3378 435 3455 ,Illicitum
455 3384 516 3457 est,
541 3379 624 3460 quod
649 3379 744 3443 homo
760 3378 910 3444 intendat
926 3378 1073 3443 occidere
1097 3376 1268 3454 hominem,
1292 3381 1329 3443 ut
1344 3397 1380 3442 se

55 3467 160 3551 ipsum
184 3466 350 3546 defendat,
375 3467 437 3532 nisi
461 3467 490 3532 ei
514 3468 568 3551 qui
592 3468 692 3533 habet
714 3467 875 3551 publicam
900 3467 1159 3533 auctoritatem.“
1210 3465 1312 3530 Immo
1335 3504 1379 3513 -

55 3556 86 3621 id
119 3557 205 3638 quod
235 3555 340 3639 magis
370 3556 469 3622 etiam
501 3557 699 3622 efferendum
728 3560 780 3623 est
804 3593 843 3600 —
869 3555 924 3621 ille
954 3555 1008 3638 qui
1038 3554 1217 3621 meditatur
1245 3554 1380 3621 insidias

55 3646 190 3711 necdum
214 3646 316 3711 vitam
341 3667 447 3710 meam
471 3645 615 3728 impetit,
643 3645 774 3729 proprie
797 3665 973 3728 aggressor
996 3644 1058 3710 dici
1081 3666 1145 3709 non
1170 3648 1288 3728 potest.
1336 3645 1379 3711 Et

55 3755 90 3799 re
114 3756 209 3813 vera,
240 3734 268 3798 si
292 3734 393 3799 semel
416 3734 530 3801 liceret
554 3735 717 3800 notionem
743 3733 961 3817 aggressuris,
992 3737 1108 3800 contra
1132 3754 1227 3816 quem
1250 3755 1378 3818 possem

55 3823 153 3890 etiam
171 3823 345 3889 occidendo
361 3824 547 3907 procedere,
565 3824 613 3890 ita
628 3823 806 3889 extendere
822 3823 931 3900 latius,
950 3823 1257 3889 hallucinationibus
1273 3823 1379 3905 aperi·

55 3918 146 3979 retur
167 3913 329 3980 latissima
344 3913 408 3990 via,
432 3933 499 3995 pax
517 3913 646 3996 publica
661 3914 694 3976 in
710 3912 940 3995 gravissimum
957 3912 1136 3996 periculum
1152 3912 1378 3989 adduceretur,

55 4002 208 4068 caedibus
232 4002 340 4067 omnia
362 4003 593 4067 redundarent.
630 4002 736 4078 Quare
759 4001 831 4085 ipsa
853 4002 908 4067 lex
931 4002 1091 4069 naturalis
1114 4001 1145 4065 id
1170 4001 1281 4065 debuit
1305 4022 1379 4084 pro-

54 4090 174 4157 hibere.
222 4091 269 4159 cf.
294 4091 325 4157 S.
348 4091 464 4174 Alph.
489 4091 546 4168 III,
572 4092 653 4167 387;
683 4093 738 4157 lh.
760 4112 801 4156 nr.
826 4090 851 4167 I,
876 4093 951 4156 834.

203 4301 423 4379 DUELLUM,
448 4301 662 4368 PERICULO
688 4300 867 4366 REMOTO
891 4301 979 4365 VEL
1002 4298 1233 4365 DIMINUTO.

610 4442 720 4507 basus.
749 4448 825 4514 (153)

143 4563 292 4621 Romelius
313 4562 473 4621 secundum
494 4581 591 4620 mores
612 4561 755 4620 militares
771 4560 900 4619 duellare
923 4559 1045 4633 cogitur.
1076 4558 1148 4617 Cum
1164 4556 1265 4626 nollet,
1288 4556 1378 4615 mina·

54 4645 162 4703 bantur
183 4643 208 4702 ei
231 4643 413 4702 eiectionem.
454 4640 551 4710 Quare
574 4660 639 4699 cum
661 4641 803 4716 reliquum
823 4637 897 4697 nihil
919 4644 1008 4708 esset,
1031 4637 1088 4696 nisi
1109 4637 1156 4695 vel
1179 4637 1309 4696 duellare
1330 4637 1379 4695 vel
