3106 5168
170 283 234 346 532
665 277 705 332 Da
722 277 830 346 legibus
848 277 994 336 Ecclesiae.

259 455 441 518 Procurarc
464 456 572 518 autem
597 450 749 517 dicuntur
771 450 810 526 ii,
842 451 896 533 qui
926 451 1070 518 studiose
1102 450 1226 532 aliquid
1249 457 1415 533 quaerunt
1436 474 1491 518 333

171 563 268 627 opere
291 541 481 617 intendunt;
505 541 538 605 hi
562 544 672 607 autem
694 540 728 605 in
751 540 840 605 bulla
870 539 954 606 Sixti
971 539 1001 604 V
1016 540 1242 623 Effroeaatam
1266 542 1491 607 describuntur

176 632 302 709 ,foetus
325 629 491 695 immaturi
515 629 706 694 eiectionem
730 635 943 712 procurantes
958 628 1230 712 percussionibus,
1255 631 1404 709 venenis,
1428 653 1492 696 me·

171 719 364 786 dicamentis
388 722 469 786 etc.“
504 722 603 800 atque
634 718 880 800 distinguuntur
908 721 1077 800 tamquam
1107 718 1333 802 principaliter
1356 725 1492 802 agentes

171 810 211 875 ab
235 809 285 888 113,
310 807 365 891 qui
389 828 482 892 opem
499 811 628 873 tantum
652 807 772 873 ferunt.
805 806 864 883 Qui
888 807 1086 889 posteriores
1108 828 1173 872 non
1197 808 1339 891 amplius
1363 830 1493 876 excom·

170 897 381 964 manicationi
412 895 592 963 subiacent.
639 895 813 962 subiacent
835 895 937 978 igitur
960 917 1133 975 censurae,
1162 897 1217 978 qui
1241 897 1367 979 aliquid
1397 902 1493 964 susci-

167 991 263 1074 piant
286 987 327 1053 ad
344 985 572 1069 expellendum
595 986 719 1051 loetum
736 989 849 1067 aptum
866 1006 905 1050 ea
920 984 1114 1063 intentione,
1139 989 1175 1050 ut
1198 986 1406 1070 expellatur;
1430 1008 1492 1053 non

170 1076 225 1159 qui
248 1074 327 1140 illud
352 1097 432 1158 opus
455 1079 643 1158 susceptum
667 1075 791 1140 iuvant.

258 1182 297 1248 R.
324 1185 353 1247 2.
401 1181 573 1246 Probabile
597 1184 648 1246 est
671 1184 794 1246 matres
817 1179 915 1263 ipsas,
940 1201 1024 1262 quae
1048 1180 1173 1247 loetum
1194 1202 1288 1246 suum
1313 1183 1491 1249 eiciendum

170 1276 296 1350 curant,
321 1271 383 1336 hac
407 1269 741 1335 excommunicatione
765 1289 830 1333 non
858 1270 1094 1353 comprehendi.
1141 1270 1188 1335 cf.
1211 1271 1267 1336 Ta.
1283 1294 1326 1338 m.
1344 1271 1387 1350 ΙΙ,
1413 1275 1491 1347 97ος

170 1360 478 1440 Bellen-Palm.
509 1360 530 1424 l.
563 1381 591 1424 c.
623 1381 653 1424 n.
685 1361 769 1434 474;
803 1359 1060 1424 D'Annibale
1091 1358 1123 1423 in
1154 1359 1334 1427 Comment.
1367 1382 1399 1428 n.
1433 1363 1493 1426 153

170 1454 237 1516 not.
265 1452 305 1514 13
330 1451 364 1513 et
390 1450 447 1527 15;
478 1447 554 1514 ibid.
601 1448 675 1513 Del
700 1446 877 1512 Vecchio
907 1447 938 1526 Ι,
970 1446 988 1529 ἕ
1017 1450 1078 1513 621
1112 1453 1173 1514 313.
1221 1448 1386 1514 Videlicet
1415 1450 1493 1516 haec

170 1539 321 1621 exceptio
348 1558 412 1602 non
437 1558 478 1601 ex
502 1536 610 1602 verbis
634 1535 876 1602 constitutionis
899 1540 1007 1623 Apost.
1032 1539 1107 1603 Sed.
1138 1558 1197 1620 per
1220 1559 1257 1602 se
1279 1538 1421 1623 sumptis
1443 1559 1492 1604 se·

170 1627 294 1709 quitur,
326 1626 474 1709 sequitur
497 1630 607 1692 tamen
632 1647 673 1690 ex
697 1625 871 1690 collatione
895 1647 967 1690 cum
991 1626 1127 1708 antiqua
1156 1626 1245 1691 bulla
1268 1627 1493 1710 Effrcearatcm

172 1716 256 1781 Sixti
280 1717 327 1794 V;
356 1715 389 1779 in
414 1736 478 1796 qua
502 1714 708 1782 distinctione
732 1713 822 1779 facta
844 1714 932 1780 inter
954 1718 1090 1781 matrem
1114 1715 1236 1797 ipsam,
1261 1736 1346 1797 quae
1370 1716 1491 1783 foetum

171 1804 284 1882 eiciat,
316 1808 350 1870 et
384 1809 617 1888 „procurantes
646 1804 829 1880 abortum“,
860 1802 892 1867 in
923 1803 1063 1887 priorem
1090 1806 1158 1868 alia
1187 1824 1293 1887 poena
1318 1807 1490 1883 statuitur;

171 1893 256 1958 unde
285 1893 350 1958 iam
382 1914 448 1958 vox
484 1894 715 1976 „procurantes
739 1893 907 1958 abortum“
935 1914 1033 1957 sensu
1056 1894 1164 1958 usuali
1190 1892 1332 1975 reliquos
1362 1900 1493 1978 praeter

171 1986 311 2047 matrem
335 1981 598 2065 comprehendat.
646 1981 747 2058 Quem
771 2002 903 2045 sensum
926 2002 965 2046 eo
989 1980 1094 2062 magis
1116 1981 1151 2046 in
1175 1982 1263 2047 bulla
1286 1984 1396 2068 apost.
1421 1985 1491 2050 Sed.

171 2070 312 2136 retinere
336 2070 429 2150 licet,
461 2071 547 2153 quod
570 2070 647 2135 Pius
670 2071 715 2135 lX
746 2069 927 2151 generatim
957 2070 1099 2135 noluerit
1124 2090 1279 2136 censuras
1303 2073 1490 2150 extendere,

172 2160 229 2224 sed
252 2159 414 2242 mitigare.

260 2266 298 2331 R.
324 2270 354 2331 3.
387 2264 604 2330 Nihilominus
628 2264 790 2347 quandam
814 2264 1039 2329 extensionem
1062 2264 1253 2331 constitutio
1269 2264 1319 2329 Pii
1335 2266 1383 2331 IX
1399 2267 1489 2340 fecit;

172 2376 244 2420 cum
269 2354 355 2420 enirn
385 2353 506 2419 omissa
536 2354 580 2421 sit
610 2375 677 2418 vox
711 2354 837 2430 ,foetus
861 2356 997 2418 animati
1004 2378 1014 2418 .·
1044 2354 1180 2437 antiqua
1210 2353 1378 2421 distinctio
1408 2355 1491 2421 inter

170 2444 295 2510 foetum
321 2443 501 2509 animatum
525 2447 559 2510 et
581 2443 805 2520 inanimatum,
831 2463 927 2524 quem
950 2464 991 2508 ex
1015 2443 1085 2509 iure
1109 2443 1243 2525 vigente
1266 2443 1351 2508 sumi
1374 2444 1491 2510 licebat

171 2554 273 2614 usque
297 2534 340 2598 ad
364 2535 438 2598 80¹¹In
462 2532 546 2597 diem
571 2539 647 2615 post
670 2530 931 2614 conceptionem,
963 2531 1094 2597 sublata
1124 2536 1193 2609 est,
1223 2553 1262 2597 ac
1292 2533 1389 2616 proin
1419 2555 1490 2618 pro·

171 2626 324 2687 curantes
355 2623 505 2687 abortum
538 2621 684 2687 incidunt
713 2620 746 2684 in
771 2641 958 2696 censuram,
991 2620 1225 2704 qualecumque
1257 2624 1389 2705 tempus
1421 2627 1492 2707 post

171 2715 362 2794 conceptum
387 2711 511 2774 foetum
534 2710 635 2774 fuerit
657 2710 812 2791 elapsum.
845 2708 892 2774 af.
922 2711 977 2776 Ta.
1003 2732 1042 2777 m.
1066 2710 1088 2775 l.
1114 2733 1158 2776 a:
1183 2710 1489 2777 Baller.·Palm.

171 2799 191 2864 l.
210 2822 248 2876 c.,
273 2799 480 2864 Avanzini
504 2802 538 2864 et
561 2798 788 2875 Pennachi,
816 2800 982 2864 Commeat.
1001 2799 1025 2876 l,
1043 2802 1085 2864 30
1101 2804 1168 2865 not.
1190 2804 1204 2864 l
1231 2805 1265 2866 31
1288 2799 1329 2878 ΙΙ,
1347 2821 1423 2885 app.
1441 2803 1489 2865 32.

171 2887 224 2953 Ita
247 2910 332 2953 nunc
355 2887 519 2953 sententia
544 2888 684 2952 indubia.

94 3019 162 3075 1039
260 3004 313 3068 An
333 3024 524 3078 quansmuu
549 3006 587 3066 2¹²¹
611 3003 697 3068 111.
729 3001 868 3079 Curtius,
894 3001 920 3065 31
937 3001 1015 3066 solis
1032 3002 1150 3078 verbis,
1176 3002 1329 3068 suasione
1348 3005 1403 3070 vel
1419 3026 1490 3071 con·

171 3092 242 3157 silio
266 3093 399 3156 Luciam
424 3093 579 3170 uraisset,
606 3092 813 3156 collocandus
837 3096 925 3156 esset
942 3091 1027 3154 inter
1044 3096 1267 3174 cooperantes,
1295 3093 1350 3173 qui
1375 3115 1395 3158 a
1420 3115 1491 3159 cen·

173 3203 249 3245 sura
279 3203 337 3264 per
360 3182 398 3246 R.
423 3181 613 3248 Pontificem
640 3181 711 3246 lata
741 3181 936 3245 eximantur.
986 3179 1105 3243 Verum
1136 3180 1272 3246 ulterius
1301 3203 1492 3264 progressus

173 3275 233 3347 est,
257 3276 370 3353 potum
393 3270 488 3336 iussit
512 3270 700 3353 praeparari
724 3292 783 3353 pra
806 3268 916 3333 Lucia.
963 3267 1052 3344 Quae
1083 3268 1168 3335 actio
1193 3270 1262 3333 sine
1286 3270 1384 3336 dubio
1409 3273 1492 3356 prin·

173 3359 287 3442 cipalis
312 3363 372 3437 est,
398 3359 455 3422 vix
478 3359 584 3437 aliter,
609 3380 648 3423 ac
672 3359 698 3423 si
723 3358 866 3423 medicus
890 3357 923 3421 in
947 3357 1103 3423 exercitio
1128 3379 1206 3423 suaa
1232 3358 1314 3423 31113
1339 3359 1491 3426 eiusmodi

174 3453 286 3530 potum
315 3449 356 3513 ad
387 3448 566 3513 eiciendum
597 3448 721 3514 foetum
746 3446 1003 3532 praescriberet:
1037 3468 1138 3527 quare
1170 3448 1266 3529 plane
1290 3448 1395 3514 habeo
1420 3452 1494 3516 Cur·

175 3536 255 3602 tium
279 3559 338 3619 pro
363 3538 653 3615 excommunicato,
678 3537 705 3602 si
729 3538 824 3602 modo
849 3538 983 3601 effectus
1007 3541 1138 3602 secutus
1161 3536 1270 3602 133111.

264 3645 302 3708 R.
329 3648 357 3711 2.
406 3644 565 3728 Tempore
597 3644 698 3727 ipsius
723 3642 936 3708 confessionis
961 3642 1092 3706 dubium
1114 3643 1194 3724 sacti
1224 3643 1356 3722 aderat,
1389 3651 1494 3711 utrum

175 3733 310 3798 effectus
340 3733 440 3797 fuerit
469 3738 599 3798 secutus
629 3753 746 3809 necne,
778 3732 863 3813 quod
894 3730 1023 3795 dubium
1048 3732 1128 3798 13311
1152 3736 1240 3797 33113
1270 3754 1335 3798 non
1366 3734 1496 3800 sustulit

176 3842 361 3896 3333313113
386 3822 443 3886 sed
467 3823 548 3885 haec
572 3842 613 3885 ex
637 3826 731 3902 parte
755 3822 801 3884 rei
833 3820 948 3884 aderat
971 3821 1025 3884 vel
1049 3822 1182 3898 aberat,
1216 3826 1314 3903 prout
1338 3843 1380 3887 ex
1405 3831 1495 3906 parte

176 3911 222 3974 131
248 3911 382 3974 abortus
406 3911 470 3974 iam
495 3915 567 3974 erat
591 3914 722 3974 secutus
747 3913 890 3973 autnon
914 3915 1054 3975 secutus

264 4009 335 4072 Hoc
368 4008 479 4087 itaque
511 4028 607 4070 sensu
638 4007 871 4082 confessarius,
905 4005 932 4069 si
955 4007 1147 4072 facultatem
1179 4007 1370 4071 absolvendi
1395 4011 1436 4072 ab
1461 4030 1496 4073 aa

176 4117 313 4160 censura
337 4119 400 4161 non
424 4097 546 4173 habuit,
572 4103 661 4161 recte
685 4096 809 4161 monuit
822 4095 976 4172 Curtium,
1001 4101 1047 4172 ut,
1072 4096 1098 4159 si
1123 4100 1253 4179 postea,
1279 4097 1495 4180 1331313331-

176 4186 302 4262 sitione,
328 4186 523 4268 compererit
548 4187 697 4251 effectum
722 4185 821 4249 fuisse
845 4189 1003 4262 secutum,
1029 4185 1132 4248 denuo
1156 4185 1217 4248 hoc
1243 4192 1426 4266 peccatum,
1452 4188 1495 4251 id·

178 4296 238 4356 que
264 4277 348 4356 apud
373 4284 585 4359 conspectantes
618 4276 771 4351 iudicem,
805 4279 985 4338 accusaret.
1033 4274 1147 4355 Neque
1177 4278 1287 4338 tamen
1311 4278 1417 4340 totam
1443 4278 1495 4340 ab·

177 4364 370 4429 solutionem
396 4364 506 4427 debuit
527 4364 748 4428 condicionatc
773 4364 875 4439 ferre,
900 4363 957 4426 sed
982 4384 1002 4426 3
1026 4363 1157 4444 reliquis
1181 4364 1326 4445 peccatis
1350 4366 1496 4429 absolute

178 4454 364 4529 absolvere,
396 4475 458 4533 quo
482 4454 600 4529 fiebat,
633 4458 684 4529 ut,
710 4456 862 4516 mellente
886 4452 1015 4533 quidem
1040 4452 1124 4515 forte
1149 4473 1301 4528 censura,
1326 4453 1456 4518 Curtius
1480 4474 1496 4517 a

177 4543 320 4623 peccatis
344 4544 469 4607 solutus
493 4542 677 4616 exsisteret,
703 4540 857 4606 indirecta
881 4541 1005 4606 scilicet
1024 4541 1121 4604 etiarn
1139 4562 1158 4604 a
1176 4545 1310 4622 peccato
1333 4541 1498 4623 procurati

178 4632 329 4696 abortus:
354 4632 400 4696 sic
424 4631 508 4695 enim
534 4630 650 4712 agendi
675 4631 706 4694 in
730 4630 818 4694 hisce
842 4630 1003 4695 adiunctis
1027 4629 1156 4694 videtur
1180 4630 1324 4694 adfuisse
1348 4632 1443 4698 ratio.
