3106 5168
129 247 168 308 14
628 242 668 297 De
687 240 793 297 actibus
811 240 945 295 humanis.

126 418 311 496 committit,
334 439 414 484 sane
437 418 468 484 ei
491 422 568 484 sunt
585 417 777 502 imputandi,
803 418 879 500 quia
894 417 995 483 libere
1019 422 1052 483 et
1074 415 1218 483 indebite
1237 437 1273 482 se
1288 415 1453 484 immiscet

126 508 269 591 negotio,
295 508 346 574 cui
369 507 476 591 impar
498 512 559 573 est.

215 613 255 680 R.
280 618 311 682 2.
357 613 510 696 Siquam
534 618 643 680 autem
667 634 810 679 errorem
840 611 873 677 in
897 612 1100 678 confessione
1123 610 1321 689 moribundi,
1354 632 1452 695 quam

127 724 169 768 ex
186 702 315 768 delectu
331 702 467 768 alterius
483 701 664 768 sacerdotis
676 701 862 769 detrectare
877 722 942 767 nou
957 700 1074 785 potuit,
1087 700 1230 767 fortasse
1242 700 1451 779 commiserit,

126 791 182 856 1116
205 796 337 858 nonest
359 791 579 875 imputandus,
603 792 680 873 quia
704 789 888 856 necessario
905 790 1141 856 confessionem
1162 789 1293 873 excepit
1315 790 1451 874 optimo,

128 901 191 962 quo
215 902 300 946 nuuc
322 880 439 965 potuit,
464 881 569 947 mod0.

216 995 268 1059 An
291 1014 482 1070 ouansvnuu
507 997 545 1058 2¹²¹
569 994 607 1060 11.
655 993 736 1059 Post
762 999 886 1060 certam
916 1013 995 1058 suae
1025 992 1207 1077 imperitiae
1231 992 1451 1076 coguitionem

128 1104 186 1168 per
201 1104 237 1149 se
258 1084 408 1166 graviter
423 1083 582 1166 peccavit,
607 1084 735 1165 quoties
759 1082 860 1148 libere
883 1103 919 1147 se
939 1082 1077 1166 ingessit
1099 1081 1132 1147 in
1149 1081 1360 1166 excipiendas
1376 1103 1453 1148 cou-

127 1171 303 1250 fessioues,
335 1171 395 1236 nisi
426 1172 512 1238 forte
543 1173 704 1255 agebatur
727 1172 766 1236 de
789 1171 829 1236 iis
853 1171 1016 1255 personis,
1048 1192 1130 1253 quas
1159 1176 1292 1254 poterat
1321 1171 1453 1237 omuino

127 1282 310 1345 supponere
333 1265 392 1326 aut
415 1261 531 1342 gravia
554 1281 618 1326 non
641 1260 771 1338 habere,
797 1264 855 1326 aut
877 1259 947 1325 eius
970 1281 1043 1325 esse
1067 1260 1214 1344 peritiae,
1240 1264 1277 1327 ut
1300 1261 1372 1344 ipse
1394 1281 1454 1344 per

128 1370 184 1415 eos
207 1350 314 1416 iuvari
341 1354 462 1434 posset.
509 1349 557 1416 Ci.
582 1349 791 1432 Aertnijs,
822 1350 1072 1416 1166111611,
1100 1354 1193 1428 1,11.
1222 1353 1250 1425 l,
1275 1371 1306 1417 n.
1332 1352 1385 1426 27,
1412 1352 1452 1418 5⁰.

217 1466 270 1530 An
285 1484 476 1540 Quausvnuu
493 1466 532 1528 3¹¹²
548 1462 586 1530 R.
628 1463 796 1528 Abundius
819 1463 1019 1530 restitutioni
1044 1468 1095 1529 est
1119 1463 1288 1541 obnoxius,
1313 1468 1454 1549 excepta

129 1553 334 1620 confessione
357 1552 555 1618 moribundi:
580 1574 654 1618 nam
672 1553 700 1618 si
723 1552 756 1616 in
773 1573 812 1618 ea
828 1556 949 1619 inscius
968 1574 1096 1618 errores
1113 1552 1238 1635 aliquos
1254 1553 1455 1620 commiserit

129 1649 244 1710 contra
267 1642 411 1719 tertium,
437 1662 517 1723 quos
540 1640 604 1706 iam
629 1642 802 1708 emendare
825 1645 983 1724 nequeat;
1013 1642 1054 1707 ad
1078 1643 1320 1709 restitutionem
1345 1642 1455 1709 damni

129 1732 256 1799 causati
279 1736 453 1815 propterea
469 1752 532 1795 non
550 1735 601 1796 est
616 1730 818 1813 obligandus,
844 1730 919 1813 quia
935 1731 1087 1796 damnum
1104 1731 1254 1798 consevit
1276 1752 1335 1815 per
1351 1731 1454 1798 actio·

130 1842 214 1900 nem,
239 1841 322 1903 quae
345 1820 378 1885 in
402 1820 463 1884 hoo
486 1839 564 1884 casu
587 1824 660 1886 erat
683 1820 812 1884 omnino
836 1820 1050 1903 inculpabilia.

129 2055 408 2123 IGNORANTIA
431 2055 507 2121 DEI
530 2092 575 2103 —
598 2055 819 2123 INFLUXUS
842 2057 891 2122 IN
914 2057 1236 2124 MORALITATEM
1260 2056 1456 2126 ACTUUM.

701 2221 812 2289 casus.
839 2230 879 2297 (a)

219 2361 374 2432 Claudius,
397 2361 443 2419 vir
465 2363 586 2433 atheus,
616 2362 718 2420 irridet
740 2362 887 2421 infernum
907 2367 995 2437 atque
1018 2369 1121 2421 contra
1143 2363 1267 2421 aliorum
1288 2363 1402 2422 monita
1425 2383 1459 2423 se

131 2443 262 2502 defendit
285 2442 342 2500 hoc
369 2442 470 2500 modo:
499 2442 617 2501 Poenae
639 2441 834 2517 gravissimas
861 2461 920 2501 non
944 2442 1136 2501 incurrantur
1157 2445 1193 2501 ab
1214 2442 1344 2517 ignaris;
1374 2445 1459 2519 atqui

131 2543 185 2599 ego
207 2523 310 2597 ignoro
331 2522 487 2593 infernum,
509 2523 578 2597 quia
599 2522 702 2596 ignoro
725 2523 834 2597 Deum;
857 2541 927 2598 ergo
949 2522 1096 2582 infernum
1118 2543 1177 2582 non
1198 2522 1356 2583 incurram.

131 2627 307 2697 Qunnmnun
330 2630 358 2686 1ο
383 2646 528 2702 quaenam
543 2626 583 2686 sit
597 2627 671 2686 haec
682 2626 797 2686 Claudii
811 2627 980 2702 ignorantia
995 2627 1030 2686 de
1040 2629 1104 2686 Deo
1121 2632 1151 2687 et
1165 2628 1201 2687 de
1214 2647 1311 2704 poena
1326 2633 1460 2691 aeterna.

330 2718 360 2774 2ο
384 2735 453 2774 num
475 2716 745 2775 eius'ratiocinium
766 2716 863 2793 ipsum
885 2716 974 2776 iuvet.

728 2897 863 2964 solutio.

88 3055 122 3109 28
221 3040 273 3106 An
297 3061 488 3117 Qunasmuu
514 3044 551 3105 lm
575 3041 613 3106 R.
634 3046 661 3106 1.
702 3041 763 3105 1161
785 3039 909 3106 veritas
933 3046 1000 3106 tum
1025 3040 1248 3124 philosophica
1269 3045 1340 3106 tum
1364 3041 1461 3108 theo-

132 3130 240 3213 logica
263 3130 425 3195 hominem
449 3129 600 3194 excultae
616 3128 753 3194 rationis
777 3150 841 3194 non
865 3151 970 3213 posse,
994 3129 1111 3195 saltem
1134 3150 1197 3194 non
1222 3130 1286 3204 diu,
1311 3130 1461 3215 inculpa·

132 3221 229 3284 bilem
254 3219 313 3284 Dei
344 3219 562 3301 ignorantiam
586 3219 716 3284 habere.
764 3218 795 3285 S.
821 3218 971 3284 Paulus
995 3220 1099 3298 (Rom.
1125 3222 1152 3295 l,
1178 3219 1234 3300 20)
1265 3219 1305 3284 de
1332 3219 1372 3284 iis
1404 3221 1462 3303 qui

133 3330 196 3373 non
220 3312 421 3391 cognoscunt
445 3309 497 3372 vel
521 3312 703 3391 agnoscunt
733 3307 982 3390 ,sempiternam
1006 3307 1075 3373 eius
1099 3307 1256 3373 virtutem
1283 3312 1317 3374 61
1340 3308 1462 3374 divini·

133 3400 269 3475 tatem“,
301 3398 394 3464 dicit:
429 3402 494 3479 ,ito
523 3405 556 3462 ut
585 3400 648 3463 61111
673 3397 932 3463 inexcusabiles“.
979 3396 1068 3461 idem
1092 3396 1157 3462 iam
1182 3396 1303 3462 dietum
1328 3402 1402 3464 erat
1426 3399 1462 3465 in

134 3486 186 3552 Ps.
208 3490 293 3563 13‚1
323 3486 433 3564 ,Dixit
457 3490 612 3572 insipieus
635 3487 667 3550 in
691 3486 787 3551 corde
811 3508 886 3551 suo:
918 3485 992 3550 Non
1017 3490 1068 3551 est
1092 3487 1217 3559 Deus“;
1249 3490 1282 3552 et
1305 3486 1381 3570 Sap.
1407 3490 1461 3567 13,

136 3579 218 3657 leq.
244 3575 283 3640 de
307 3575 362 3651 iis,
400 3575 449 3651 ,in
473 3576 589 3658 quibus
612 3597 676 3640 non
699 3575 812 3640 subest
835 3575 973 3640 scientia
995 3575 1073 3640 Dei¹‘
1101 3573 1348 3658 pronuntiatur:
1383 3600 1463 3657 ,nec

134 3667 183 3730 bia
208 3666 294 3730 debet
317 3664 467 3749 ipnosci“.

223 3769 261 3835 R.
285 3771 315 3835 2.
355 3768 462 3845 Quare
486 3773 611 3833 certum
635 3773 687 3834 est
709 3768 876 3834 Claudium
901 3773 959 3834 aut
978 3769 1173 3835 vincibiliter
1197 3775 1231 3836 et
1253 3770 1463 3853 culpabiliter

135 3879 245 3923 errare
269 3879 326 3922 seu
349 3857 502 3938 ignorare
525 3858 639 3932 Deum,
670 3862 728 3922 aut
758 3878 831 3922 eum
862 3879 925 3923 non
955 3857 1116 3940 ignorare,
1148 3859 1206 3924 sed
1236 3864 1351 3925 contra
1381 3881 1462 3925 con-

134 3947 303 4012 scientiam
328 3968 418 4011 suam
444 3946 649 4029 impudenter
679 3947 781 4010 Deum
807 3967 937 4028 negare.
984 3947 1069 4012 Hinc
1098 3947 1284 4029 gravissimi
1315 3948 1463 4016 criminis

135 4058 210 4101 reus
234 4040 295 4113 est,
327 4036 412 4117 quod
436 4036 578 4100 omnium
601 4036 710 4117 legum
741 4035 925 4101 divinarum
951 4036 1158 4102 violationem
1183 4036 1337 4120 implicite
1364 4037 1399 4102 in
1424 4061 1462 4106 se

135 4125 309 4191 contineat.

223 4231 262 4297 R.
287 4234 317 4297 3.
365 4230 409 4295 Et
431 4252 627 4312 quamquam
651 4230 683 4294 in
707 4230 845 4313 singulis
869 4231 1005 4309 actibus,
1031 4252 1114 4313 quae
1138 4231 1371 4315 particularem
1397 4235 1461 4299 ali·

135 4341 233 4402 quam
249 4320 458 4386 violationem
483 4320 564 4401 legis
587 4319 873 4385 divino-naturalis
893 4320 1070 4397 continent,
1094 4326 1228 4404 propter
1249 4321 1462 4389 infirmiorem

136 4409 374 4475 advertentiam
399 4409 579 4475 subiectiva
602 4409 726 4475 Claudii
749 4409 875 4475 malitia
904 4409 1034 4492 saepius
1065 4411 1163 4474 minui
1194 4410 1313 4493 possit:
1346 4416 1462 4479 tamen

135 4498 317 4580 generatim
342 4498 447 4564 aderit
478 4519 517 4564 ea
547 4497 691 4565 malitiae
722 4498 864 4580 cognitio
894 4502 929 4564 et
957 4498 1172 4575 advertentia,
1202 4521 1286 4581 quae
1316 4500 1462 4571 sufficiat

136 4586 177 4652 ad
201 4591 371 4672 peccatum
394 4588 542 4666 mortale,
567 4609 670 4670 eaque
694 4588 726 4652 in
750 4588 866 4670 ingens
889 4592 1030 4670 augetur
1052 4609 1111 4671 per
1134 4588 1334 4654 habitualem
1359 4591 1463 4658 animi
