3106 5168
279 292 434 347 Translatio
451 294 501 347 iur.
520 311 546 363 p.
565 296 721 348 contractus
739 322 775 332 —
793 297 984 349 commodatum
1002 299 1031 350 st
1048 305 1178 352 mutuum.
1323 302 1388 367 435

64 468 167 528 debita
188 469 265 540 sint,
286 469 427 546 recipiam
449 474 537 545 atque
558 469 611 529 tibi
632 469 754 529 reddere
775 475 887 546 potero.
908 502 948 512 -
971 471 1112 531 Similiter
1133 474 1236 533 Beuno
1256 474 1331 533 facit
1351 495 1389 534 ex

65 550 127 609 alia
148 569 270 627 prorsus
290 550 415 622 ratione,
438 556 468 608 et
490 570 629 628 expresse
651 549 727 626 petit
746 549 825 609 mille
845 569 900 610 mc.
921 550 952 609 in
973 557 1093 611 moneta
1113 573 1212 614 aurea.
1250 555 1325 626 Scis,
1346 556 1388 616 in·

65 630 145 706 quit,
167 636 283 707 patrem
304 649 432 707 sponsae
452 650 537 690 meae
558 650 625 690 essa
645 629 792 689 hominem
814 630 1009 707 singularem
1037 652 1084 691 me
1105 633 1193 693 hodie
1213 634 1388 695 visitaturus

65 716 128 781 est;
151 711 209 769 nisi
224 710 302 787 apud
317 729 364 769 me
378 714 448 770 actu
461 710 596 769 iuveniat
615 729 759 770 summam
779 711 854 782 auri,
875 711 1036 788 periculum
1058 717 1113 784 cst,
1135 734 1171 772 ne
1193 714 1283 773 filiam
1304 736 1387 774 suam

63 790 138 849 mihi
159 790 292 866 deneget.
335 789 507 866 Cognovisti
527 796 627 850 tamen
647 795 758 850 statum
779 810 862 850 meac
883 792 1034 864 fortunae,
1058 793 1133 868 quod
1155 795 1229 853 satis
1251 815 1387 870 maguam

63 877 181 948 partem
207 871 334 930 habeam
362 872 563 950 oblipolionum
592 877 622 930 ct
648 875 800 931 enimcum.
841 870 914 931 Post
941 891 1030 930 unum
1052 874 1215 933 alterumve
1236 875 1311 933 diem
1333 876 1387 935 tibi

61 951 194 1010 reddam.

154 1030 279 1106 Utrique
301 1030 404 1089 Celsus
425 1050 536 1090 morem
557 1031 642 1106 gerit.
676 1031 734 1091 Sed
755 1037 878 1107 uterque
898 1032 1061 1092 infortunio
1082 1034 1230 1109 tangitur:
1252 1035 1385 1108 Asturia,

63 1117 224 1188 antequam
245 1111 360 1170 domurn
381 1112 421 1169 sit
441 1130 596 1183 reversus,
623 1112 699 1171 clam
719 1113 838 1171 sublata
859 1116 905 1171 est
926 1131 1053 1182 summa,
1076 1133 1162 1189 quam
1183 1114 1214 1173 in
1235 1115 1386 1174 sacculum

63 1192 277 1262 absconderam
307 1191 442 1250 Bennoui
470 1197 588 1268 postero
609 1192 671 1262 die,
700 1211 765 1251 cum
794 1195 849 1252 sub
870 1211 1025 1269 vesperam
1051 1194 1209 1253 restituere
1231 1195 1385 1270 cogitaret,

63 1273 144 1331 furto
165 1272 293 1348 pecunia
313 1290 351 1330 ex
372 1290 443 1330 arca
465 1273 605 1331 aufertur.
644 1272 830 1332 Concludunt
850 1273 1004 1348 pecuniam
1026 1279 1128 1350 utpote
1149 1274 1235 1334 Oelso
1256 1275 1386 1334 debitam

62 1354 91 1412 ei
112 1358 148 1412 ut
161 1352 278 1411 domiuo
293 1351 427 1428 periisse,
449 1371 539 1428 seque
557 1372 575 1410 a
590 1352 778 1412 restitutione
799 1372 866 1412 esse
887 1353 1039 1413 immunes.
1074 1354 1178 1414 (lelsus
1200 1361 1299 1415 autem
1320 1375 1386 1415 cum

61 1453 116 1510 per
138 1438 199 1491 tres
220 1451 338 1491 meuses
360 1437 565 1508 exspectasset
585 1433 698 1492 frustra
717 1433 873 1510 pecuniam
894 1433 951 1493 sibi
972 1434 1158 1506 reddendam,
1181 1436 1259 1495 serio
1276 1442 1385 1509 monet,

62 1520 96 1572 ut
117 1513 174 1572 sibi
197 1532 262 1572 curn
284 1512 382 1572 usuris
404 1513 554 1572 consuetis
575 1513 700 1589 pecunia
720 1513 901 1573 redderetur.

61 1616 241 1688 Quanmrua
263 1619 292 1674 1ο
317 1617 385 1693 quid
406 1616 585 1677 discriminis
606 1618 646 1677 sit
666 1617 745 1677 inter
766 1618 981 1677 commodatum
1003 1624 1033 1678 et
1053 1624 1193 1679 mutuum.

261 1708 291 1764 2⁰
318 1707 462 1765 debeatne
483 1706 569 1766 Celso
590 1707 716 1784 pecunia
736 1707 788 1765 illa
807 1707 899 1767 reddi.

262 1796 292 1854 3⁰
317 1795 386 1871 quid
408 1796 443 1854 de
463 1796 571 1867 usuris,
593 1815 666 1871 quas
687 1796 828 1872 postulat,
850 1795 1000 1856 solvendis
1022 1796 1062 1855 sit
1083 1797 1246 1859 dicendum.

655 1978 791 2046 Solutio.

150 2121 204 2186 Au
220 2143 410 2198 ouansrrurr
430 2127 466 2187 1¹²
489 2122 528 2187 R.
549 2124 576 2187 l.
616 2121 764 2187 Mutuum
788 2142 847 2205 pro
867 2121 993 2188 obicem
1016 2122 1117 2188 habet
1138 2144 1192 2188 res
1210 2123 1385 2206 fuugibiles
1394 2142 1446 2197 858

60 2233 118 2278 seu
143 2233 216 2288 eae,
241 2233 325 2294 quae
347 2211 451 2294 primo
476 2232 536 2276 usu
561 2214 811 2287 consumuntur;
843 2211 1083 2276 commodatum
1107 2217 1216 2278 autern
1240 2234 1306 2277 non
1328 2234 1385 2278 eas

59 2322 124 2378 ree,
149 2321 234 2384 quae
256 2301 361 2384 primo
384 2321 445 2365 usu
462 2304 704 2376 consumuntur,
728 2300 782 2364 vel
805 2301 924 2365 saltem
947 2321 1012 2365 non
1035 2309 1070 2365 al
1093 2321 1150 2367 eas
1172 2322 1226 2366 res
1249 2323 1308 2386 pro
1327 2303 1385 2366 ob·

58 2391 146 2456 iecto
170 2389 285 2467 babet,
310 2389 367 2454 sed
392 2410 458 2466 eas,
483 2409 566 2471 quae
590 2388 767 2454 utilitatem
790 2409 849 2453 seu
873 2410 966 2454 usum
989 2390 1133 2456 habeant
1155 2391 1249 2456 salva
1273 2411 1384 2456 eornm

59 2479 254 2545 substantia.

150 2577 188 2642 R.
223 2580 253 2644 2.
308 2576 403 2642 Unde
433 2575 580 2658 sequitur
610 2575 644 2640 in
674 2579 787 2641 mutuo
817 2575 958 2641 transire
988 2576 1077 2660 ipsas
1106 2598 1161 2642 res
1189 2577 1383 2651 individuas,

58 2688 131 2732 cum
156 2666 295 2750 primum
319 2664 462 2731 traditae
485 2665 567 2742 sint,
590 2665 625 2729 in
649 2664 825 2729 dominium
849 2665 1055 2741 mutuatarii,
1079 2667 1137 2731 sed
1161 2688 1234 2732 oum
1258 2667 1384 2749 obliga·

58 2756 148 2822 tione
179 2754 311 2820 easdem
343 2775 396 2818 res
423 2753 455 2817 in
479 2774 538 2819 suo
561 2775 699 2835 genere,
731 2775 789 2819 sen
812 2753 935 2819 similes
958 2775 1012 2819 res
1035 2755 1177 2820 eiusdem
1202 2756 1382 2839 qualitatis,

58 2843 186 2909 numeri
209 2848 243 2910 et
266 2864 439 2909 mensurae
462 2842 618 2907 reddendi
640 2846 767 2927 postea.
811 2844 849 2907 In
874 2844 1078 2909 commodato
1101 2849 1212 2910 autern
1235 2866 1289 2910 res
1312 2846 1384 2930 ipsa

57 2933 227 2998 individua
241 2936 354 2998 manet
375 2932 409 2996 in
426 2931 566 2997 dominio
583 2931 835 3007 commodantis;
860 2932 1135 2998 commodatarius
1151 2933 1383 3014 obligationem

58 3044 130 3088 eam
156 3022 332 3103 diligenter
355 3020 556 3086 custodiendi
581 3024 615 3086 et
644 3021 748 3103 ipsam
773 3042 842 3085 rem
865 3021 1064 3086 individuam
1088 3025 1204 3105 postea
1227 3023 1383 3088 reddendi

57 3112 168 3177 habet.

147 3223 200 3286 Au
224 3239 414 3296 ouassrrun
439 3222 478 3283 2¹¹¹
501 3218 539 3286 R.
560 3222 588 3284 1.
634 3219 752 3284 'lotum
776 3239 966 3301 responsum
990 3218 1111 3301 pendet
1134 3219 1175 3284 ab
1200 3239 1248 3296 eo,
1273 3224 1381 3285 utrum
1391 3236 1444 3291 859

57 3312 219 3377 habeatur
241 3308 274 3373 in
298 3308 474 3393 propositis
498 3308 626 3372 casibus
650 3307 889 3374 commodatum
912 3328 955 3372 an
978 3312 1135 3373 mutuum.
1184 3307 1217 3373 Si
1240 3329 1382 3374 commo·

56 3401 181 3477 dutum,
206 3399 318 3463 Celsus
341 3397 463 3462 mansit
479 3397 636 3474 deminuo,
663 3397 756 3479 eique
779 3417 832 3460 res
856 3396 943 3462 furto
967 3396 1098 3462 sublata
1119 3396 1226 3479 periit.
1266 3397 1300 3462 Si
1324 3398 1382 3463 ad·

55 3490 118 3556 fuit
142 3492 307 3566 mutuum,
331 3507 396 3551 non
419 3487 550 3562 Celsus,
575 3486 633 3550 sed
656 3485 847 3551 mutuatarii
871 3490 1048 3552 evaseruut
1071 3484 1190 3550 domini
1214 3486 1380 3568 pecuniae,

56 3579 204 3660 adeoque
219 3576 284 3641 illis
298 3576 407 3660 periit,
426 3596 530 3658 neque
546 3579 721 3658 propterea
736 3596 756 3640 a
773 3575 933 3640 solutione
950 3595 1029 3656 erga
1046 3575 1174 3640 Celsum
1190 3575 1380 3642 liberantur.

145 3666 236 3744 Quod
260 3669 371 3732 antem
395 3664 495 3729 verbo
523 3664 715 3740 ,Commoda
738 3663 833 3728 mihi“
863 3663 912 3731 usi
936 3669 1030 3742 sunt,
1061 3664 1286 3747 quaestionem
1316 3687 1381 3731 non

54 3755 166 3823 solvit.
212 3755 300 3820 Nam
323 3755 424 3819 verbo
449 3753 674 3819 commodandi
697 3753 797 3818 etiarn
820 3757 957 3819 utuntur
979 3774 1045 3818 non
1067 3774 1143 3819 raro
1167 3775 1226 3837 pro
1249 3759 1379 3833 mutuo;

55 3847 148 3912 cuius
163 3844 349 3928 exemplum
365 3843 467 3908 habes
482 3842 515 3906 in
528 3843 560 3909 S.
572 3843 760 3925 Scripturae
776 3842 935 3926 parabola
950 3842 1007 3907 illa
1023 3843 1128 3921 amici,
1145 3864 1242 3925 aquo
1257 3844 1381 3910 amicus

54 3935 152 4020 petiit
174 3936 245 3999 tres
267 3953 370 4017 panea
393 3931 625 4007 commodatos,
651 3932 704 4014 qui
728 3931 798 3997 sine
822 3931 919 3996 dubio
943 3943 1039 3997 erant
1062 3936 1174 3999 mutuo
1194 3933 1302 4011 dandi,
1327 3938 1380 4000 ut·

54 4030 132 4109 pote
157 4024 199 4088 ad
223 4021 501 4104 consumptionem
525 4021 594 4104 ipso
618 4021 674 4086 illo
698 4042 835 4104 vespere
859 4021 1025 4087 destinati.

144 4112 287 4178 Pecunia
302 4115 413 4178 autern
429 4114 618 4175 recensetur
640 4110 727 4177 inter
742 4131 796 4175 ree
811 4110 986 4192 fungibiles
1010 4132 1068 4175 seu
1090 4111 1194 4194 primo
1219 4132 1278 4175 usu
1302 4131 1377 4175 con·

52 4201 276 4286 sumptibiles,
307 4221 379 4265 cum
404 4199 586 4266 destinetur
615 4199 656 4265 ad
684 4200 948 4283 expendendum:
979 4221 1063 4282 quae
1094 4204 1145 4265 est
1175 4198 1377 4282 consumptio

52 4292 224 4358 moraliter
246 4290 424 4356 intellecta.

142 4389 182 4455 R.
208 4392 238 4455 2.
274 4387 396 4466 Quibus
420 4385 515 4452 dictis
538 4390 631 4469 patet
654 4387 823 4452 Asturium
847 4385 989 4451 voluisse
1012 4385 1132 4451 habere
1156 4388 1190 4449 et
1213 4384 1377 4468 accepisse

51 4479 210 4563 pecunias
240 4478 281 4544 ad
312 4498 368 4542 eas
399 4476 696 4559 expendendas-
720 4475 826 4540 voluit
850 4476 933 4539 enim
959 4497 1015 4540 eas
1040 4474 1224 4557 expendere
1254 4473 1288 4537 in
1311 4474 1376 4538 eol-

49 4568 195 4633 vendum
219 4566 363 4633 debitum
387 4601 431 4610 —
455 4565 600 4647 adeoque
625 4585 682 4629 eas
705 4585 764 4647 per
786 4564 994 4630 traditionem
1021 4564 1126 4645 ipsam
1149 4562 1319 4628 transiisse
1343 4561 1376 4627 in

47 4656 179 4725 Asturii
208 4655 395 4722 dominium.
441 4653 646 4737 Quapropter
676 4674 748 4718 curn
779 4653 867 4717 furto
898 4652 1122 4729 auferrentur,
1153 4654 1217 4737 ipsi
1246 4652 1376 4717 aufere·

1106 4757 1162 4810 28*
