3106 5168
176 291 217 356 18
657 296 660 300 ’
678 283 718 338 De
736 280 842 338 actibus
860 281 994 338 humanis.

265 463 298 529 Si
327 482 405 544 ergo
429 461 586 529 lectiones
609 462 685 526 illae
708 461 828 526 leviter
850 464 993 543 tangunt
1016 482 1069 527 res
1092 464 1246 528 sexuales
1270 463 1323 529 vel
1346 462 1502 541 lascivas,

176 556 350 618 censentur
371 551 490 617 leviter
507 551 659 627 influere;
683 550 769 614 idern
786 550 847 629 dic,
872 549 900 614 si
912 549 1026 633 legens
1041 571 1096 616 res
1111 550 1194 618 istas
1210 551 1329 617 leviter
1343 552 1501 618 transilit.

177 641 333 708 Similiter
362 641 402 706 de
430 639 626 724 spectaculis
656 643 691 705 et
714 638 841 704 choreis
864 638 1036 704 dicendum
1059 644 1125 719 est,
1154 640 1182 705 si
1205 641 1354 723 graviter
1376 641 1504 707 lasciva

176 753 239 796 non
264 734 422 812 aguntur:
446 729 654 794 nihilominus
677 728 838 809 haecque
854 727 996 793 vividius
1019 732 1162 810 tangunt
1184 730 1327 796 animum
1347 734 1382 797 et
1397 731 1502 815 phau·

176 820 312 899 tesiam,
346 840 384 884 eo
413 818 646 903 periculosiora
675 821 761 883 sunt.
794 853 834 861 -
868 816 959 883 Idem
991 817 1042 882 dic
1074 818 1114 882 de
1146 819 1396 887 conversatione
1429 841 1503 885 oum

176 908 306 974 feminis
328 908 476 985 honesta,
502 907 555 973 vel
578 907 676 972 etiam
702 906 741 971 de
765 906 899 985 leviore,
924 905 952 971 si
976 906 1106 972 omnino
1127 907 1236 973 brevis
1260 913 1312 974 est
1335 908 1502 975 allocutio.

265 1005 299 1073 Si
328 1026 407 1071 vero
436 1006 591 1088 leguntur
620 1025 674 1069 res
711 1002 860 1086 graviter
890 1005 1067 1082 obscenae,
1108 1005 1214 1087 magis
1253 1005 1354 1071 etiam
1383 1006 1413 1071 si
1443 1027 1503 1072 eae

176 1099 466 1179 repraesentantur
497 1095 549 1158 vel
580 1093 613 1158 in
644 1093 771 1158 choreis
803 1097 963 1174 aguntur,
996 1098 1171 1159 censentur
1198 1099 1340 1180 praviter
1366 1096 1505 1178 influere

176 1184 209 1249 in
239 1188 347 1250 motus
377 1204 508 1266 pravos.
554 1183 692 1248 Domum
716 1182 744 1247 si
768 1185 844 1248 sunt
868 1181 1025 1247 eiusmodi
1048 1203 1117 1260 res,
1143 1204 1226 1266 quae
1250 1183 1313 1249 dici
1337 1189 1504 1265 nequeant

176 1273 306 1339 omnino
335 1272 485 1355 graviter
515 1272 691 1349 obscenae,
723 1275 870 1337 attamen
901 1292 977 1348 eae,
1009 1292 1092 1353 quae
1107 1275 1239 1337 'natura
1269 1294 1330 1338 sua
1358 1293 1425 1338 nou
1454 1274 1504 1340 ita

176 1363 295 1429 leviter
317 1361 462 1426 lascivae
485 1365 578 1426 sunt:
602 1359 683 1426 haec
707 1359 820 1425 haberi
836 1360 956 1426 debent
976 1363 1012 1425 ut
1028 1380 1147 1426 causae
1163 1361 1312 1444 graviter
1327 1362 1504 1429 influentes

176 1473 235 1535 pro
259 1451 308 1529 iis,
333 1450 389 1532 qui
411 1453 531 1515 soleant
554 1470 596 1514 ex
619 1448 660 1513 iis
683 1448 881 1515 commoveri
897 1448 1047 1532 turpiter,
1072 1470 1131 1533 pro
1147 1449 1220 1516 aliis
1236 1450 1373 1516 nonita.
1410 1450 1504 1528 Quod

177 1541 276 1606 etiam
308 1540 447 1604 observa
478 1539 518 1604 de
549 1538 701 1604 diuturna
732 1537 981 1604 conversatione
1004 1559 1092 1603 vana
1122 1559 1194 1603 cum
1219 1538 1367 1620 feminis,
1397 1540 1425 1604 si
1449 1541 1505 1606 vel

177 1629 309 1694 liberior
338 1630 377 1694 fit
407 1627 614 1694 conversatio
645 1628 685 1692 de
715 1626 812 1691 rebus
836 1626 935 1692 etiam
960 1648 1024 1692 non
1047 1627 1197 1709 graviter
1219 1627 1368 1707 lascivis,
1397 1629 1451 1694 vel
1476 1630 1505 1694 si

177 1717 381 1783 inordinatus
404 1738 496 1782 amor
518 1716 551 1781 in
575 1716 729 1781 feminam
753 1717 854 1782 etiam
877 1717 1073 1783 naturaliter
1095 1720 1224 1783 tautum
1247 1717 1363 1784 fertur.

266 1814 401 1891 Quando
432 1817 542 1880 autem
574 1814 684 1897 agitur
715 1813 755 1878 de
786 1813 894 1878 causis
923 1814 1073 1895 graviter
1102 1814 1312 1882 influentibus
1336 1815 1505 1882 inmotus

178 1909 306 1988 turpes,
338 1925 395 1968 eas
419 1924 539 1987 ponere
563 1925 627 1968 non
651 1902 729 1968 licet
751 1902 814 1967 nisi
838 1924 879 1967 ex
900 1905 994 1988 praui
1016 1903 1161 1981 ratione;
1187 1904 1330 1987 alioquin
1353 1905 1506 1987 graviter

178 1997 343 2077 peccatur,
368 1997 402 2058 et
425 1997 533 2059 motus
552 1992 597 2056 illi
617 1996 792 2057 censentur
807 1992 903 2075 plene
918 1991 952 2056 in
968 2013 1068 2057 causa
1083 1993 1270 2071 voluntarii,
1295 1993 1358 2060 etsi
1375 1997 1504 2077 postea,

179 2104 250 2147 curn
274 2082 381 2147 exorti
404 2082 537 2160 fuerint,
562 2101 739 2146 consensus
762 2081 795 2145 iu
819 2102 876 2146 eos
899 2102 962 2146 non
987 2081 1090 2147 detur.

267 2179 402 2256 Quando
419 2200 497 2244 vero
521 2179 631 2262 agitur
654 2179 694 2244 de
717 2178 823 2244 causis
847 2200 911 2244 non
934 2179 1082 2261 graviter
1105 2177 1326 2256 influentibus,
1351 2200 1409 2245 eas
1432 2180 1505 2247 sine

179 2268 305 2335 ratione
329 2273 507 2334 excusante
531 2289 662 2352 ponere,
686 2267 815 2333 veniale
839 2273 1008 2352 peccatum
1030 2271 1159 2333 tanturn
1176 2273 1236 2344 est,
1260 2268 1401 2334 simodo
1418 2269 1506 2353 peri·

178 2358 286 2424 culum
310 2357 453 2423 secuturi
477 2378 654 2423 consensus
678 2357 780 2434 absit3
806 2378 967 2421 excusans
990 2357 1075 2422 ratio
1100 2376 1138 2422 eo
1161 2356 1290 2423 facilius
1309 2357 1415 2437 adest,
1440 2379 1505 2441 quo

178 2447 282 2512 levior
310 2451 361 2513 est
390 2447 542 2512 influxus.
590 2445 765 2523 Videlicet,
790 2445 817 2510 si
841 2446 931 2510 nulla
954 2446 1050 2512 adest
1073 2467 1174 2512 causa
1197 2466 1370 2527 excusans,
1394 2454 1506 2516 motus

179 2536 272 2620 pravi
302 2535 445 2620 praevisi
478 2557 542 2601 non
573 2534 670 2620 plene
699 2534 828 2617 quidem
862 2537 1037 2600 censentur
1070 2534 1104 2600 in
1139 2535 1246 2601 causis
1277 2535 1343 2600 illis
1375 2536 1507 2603 levibus

178 2624 371 2703 voluntarii,
405 2629 553 2691 attamen
585 2624 792 2706 aliquatenus
824 2643 881 2687 seu
913 2622 1123 2706 imperfecte:
1158 2624 1233 2689 hinc
1265 2624 1507 2708 imputabilitss

179 2715 277 2781 etiam
302 2719 353 2780 est
375 2714 578 2798 imperfecta.
626 2713 673 2779 cf.
699 2711 931 2777 Bucceroni
955 2713 976 2778 l.
1002 2733 1029 2779 c.
1054 2715 1106 2781 34.

267 2821 346 2886 Inde
370 2820 528 2887 habetur:

135 2935 169 2989 34
267 2918 320 2983 sn
343 2939 534 2995 ouaafflruu
566 2921 605 2981 2¹²¹
635 2939 838 3002 responsum.
886 2917 1036 2983 Scilicet:
1067 2919 1106 2984 R.
1135 2922 1162 2983 1.
1212 2918 1290 2983 Cum
1316 2920 1506 2985 Bernardus

179 3008 327 3074 omnibus
350 3007 422 3073 istis
447 3009 544 3073 rebus
568 3007 705 3072 multum
729 3007 881 3072 videatur
905 3007 1120 3085 commoveri,
1145 3007 1295 3090 graviter
1318 3012 1453 3092 peccat,
1478 3008 1507 3073 si

178 3120 232 3164 res
255 3098 356 3176 istae,
380 3098 450 3162 sive
473 3096 631 3162 lectiones
655 3096 725 3161 sive
748 3096 938 3180 spectacula
961 3096 1014 3161 vel
1037 3097 1190 3174 choreae,
1215 3100 1292 3162 sunt
1315 3098 1508 3164 notabiliter

178 3187 339 3265 lascivae,
370 3186 434 3251 nisi
463 3186 549 3252 forte
573 3185 748 3268 aliquando
773 3187 814 3251 ab
838 3186 912 3250 aliis
936 3185 1029 3267 quasi
1053 3185 1222 3251 moraliter
1245 3190 1384 3268 cogatur
1406 3187 1507 3252 rebus

179 3276 251 3341 istis
280 3276 442 3341 interesse
472 3280 506 3341 et
537 3274 713 3341 difficulter
736 3278 866 3340 tantum
888 3275 993 3358 possit
1017 3275 1191 3340 declinare.
1240 3277 1286 3340 At
1313 3275 1414 3342 etiam
1434 3281 1507 3343 tum

179 3365 317 3431 cautelis
337 3386 373 3430 se
397 3364 595 3430 communire
618 3363 725 3441 debet,
750 3365 843 3429 firmo
865 3364 990 3429 scilicet
1004 3363 1171 3447 proposito
1187 3385 1251 3428 non
1270 3365 1507 3443 consentiendi,

179 3453 307 3518 fervida
331 3454 478 3519 oratione
501 3474 560 3537 pro
584 3452 705 3518 auxilio
730 3452 839 3518 divino
863 3452 1047 3529 obtinendo,
1073 3453 1296 3518 moderatione
1320 3454 1354 3517 in
1377 3454 1508 3536 agendo

180 3543 227 3608 ita
251 3549 297 3618 ut,
330 3543 357 3607 si
382 3563 445 3624 qua
468 3541 642 3607 lasciviora
666 3563 841 3607 occursura
864 3541 939 3624 sint,
964 3541 1073 3605 oculos
1097 3541 1250 3608 demittat
1271 3543 1508 3609 attentionem·

181 3653 242 3714 que
260 3635 400 3699 avertat.
418 3670 460 3678 —
484 3631 518 3696 Si
542 3631 653 3712 agitur
675 3631 715 3696 de
738 3632 835 3696 rebus
851 3631 948 3715 plane
963 3629 1082 3697 leviter
1097 3630 1317 3710 influentibus,
1340 3632 1508 3715 urgendus

181 3721 309 3802 quidem
334 3720 432 3786 etiam
461 3724 530 3784 tum
554 3720 740 3785 Bernardus
765 3724 825 3797 est,
856 3724 894 3785 ut
917 3739 973 3784 eas
997 3719 1143 3785 actiones
1167 3720 1309 3797 omittat,
1334 3720 1397 3786 nisi
1420 3722 1508 3788 ratio

181 3831 342 3875 excusans
365 3809 517 3882 accedam
550 3830 662 3874 verum
691 3830 756 3873 non
787 3808 934 3890 graviter
964 3807 1023 3872 sed
1053 3830 1213 3874 summum
1236 3809 1355 3876 leviter
1378 3816 1507 3894 peccat,

181 3899 309 3980 quando
334 3897 572 3965 rationabiliter
603 3898 663 3961 sibi
694 3897 870 3981 persuadet
898 3918 934 3961 se
964 3918 1156 3963 consensum
1184 3897 1218 3962 in
1248 3919 1369 3982 pravos
1396 3904 1508 3966 motus

180 4009 243 4052 non
269 4009 341 4052 esse
365 3988 526 4055 daturum.

270 4093 309 4160 R.
329 4096 358 4159 2.
398 4092 510 4170 Quoad
534 4091 824 4170 conversationem,
849 4091 992 4157 maxime
1008 4092 1114 4174 quoad
1131 4092 1413 4159 conversationem
1433 4114 1508 4160 cum

180 4182 319 4260 feminis,
345 4182 372 4246 si
396 4186 447 4247 est
470 4181 659 4248 notabiliter
681 4181 822 4247 liberior.
848 4180 947 4247 debet
970 4181 1158 4246 Beruardus
1188 4182 1248 4247 sub
1271 4183 1367 4264 gravi
1398 4184 1439 4248 ab
1468 4205 1510 4250 ea

180 4272 355 4348 abstinere,
389 4271 440 4334 vel
471 4272 589 4337 saltem
619 4292 691 4336 eam
723 4269 964 4336 honestioribus
994 4270 1151 4337 limitibus
1175 4271 1455 4351 circumscribere,
1481 4273 1510 4338 si

181 4361 262 4426 alias
287 4359 500 4426 communiter
523 4380 643 4441 graves
667 4360 792 4444 patitur
814 4362 923 4424 motus
947 4359 1157 4425 inordinatos.

138 4489 171 4543 35
271 4466 309 4532 R.
335 4469 364 4531 3.
412 4464 502 4542 Quod
526 4469 635 4531 autem
660 4465 833 4547 aliquoties
857 4465 954 4549 plane
977 4466 1157 4530 neutralem
1182 4487 1218 4530 se
1241 4464 1393 4534 habuisse
1417 4466 1508 4548 dicit,

181 4556 213 4620 in
237 4556 298 4620 hoc
315 4554 494 4620 timendum
510 4559 571 4632 est,
595 4575 636 4619 ne
653 4554 788 4621 latuerit
804 4574 902 4619 verus
918 4575 1105 4632 consensus,
1130 4576 1168 4619 ac
1185 4555 1277 4638 proin
1301 4576 1342 4621 ne
1358 4558 1510 4639 graviter

181 4644 377 4728 peccaverit.
418 4643 465 4710 Ut
488 4648 502 4710 t
526 4644 611 4708 onim
635 4644 814 4709 theoretice
839 4642 995 4725 distingui
1018 4644 1122 4727 possit
1145 4644 1306 4727 positivus
1331 4665 1511 4714 cousensus
