3106 5168
577 1059 829 1145 IUSTITIA
864 1058 1059 1145 Lause.

306 1305 508 1373 MATERIA
531 1305 692 1374 GRAVIS
719 1305 768 1371 IN
794 1305 941 1372 FURTO
966 1307 1053 1373 VEL
1075 1306 1326 1378 INIUSTITIA.

712 1463 822 1531 Casus.
849 1471 926 1541 (188)

243 1606 399 1665 Reimarus
421 1603 590 1682 operarius,
612 1623 679 1663 cum
700 1605 840 1665 salarium
861 1607 902 1666 sit
923 1606 997 1666 satis
1018 1626 1157 1684 parvum,
1182 1613 1215 1668 ut
1235 1608 1292 1667 sibi
1313 1611 1482 1669 accumulet

155 1685 283 1761 aliquam
304 1705 456 1755 summam,
477 1704 536 1761 qua
549 1685 691 1744 familiam
706 1686 833 1745 condere
852 1687 957 1763 possit,
980 1706 1070 1764 aaepe
1086 1688 1200 1748 minuta
1214 1689 1357 1764 quaedam
1373 1692 1480 1761 aufert,

155 1784 231 1841 quae
252 1785 270 1825 a
291 1766 407 1825 domino
429 1785 488 1825 non
509 1765 692 1834 sentiuntur,
721 1766 849 1825 maxime
870 1785 936 1825 cum
957 1768 1106 1842 potuisset
1125 1768 1222 1827 minus
1243 1769 1382 1828 laborare
1403 1771 1481 1830 ideo·

155 1846 328 1921 queminus
349 1846 466 1905 domino
487 1845 605 1904 lucrari.
646 1846 693 1904 Ab
716 1851 782 1905 octo
804 1848 866 1905 lere
887 1847 974 1905 annis
995 1848 1038 1907 ita
1059 1847 1137 1923 egit,
1161 1854 1250 1924 atque
1271 1849 1382 1908 retinet
1402 1870 1481 1909 nunc

155 1945 306 1998 summam,
328 1945 415 2002 quam
428 1926 535 2002 partim
551 1924 695 2003 surripuit
708 1931 738 1985 et
751 1926 860 2003 partim
874 1927 973 1986 usuris
987 1927 1080 1999 auxit,
1101 1947 1194 2003 usque
1208 1929 1246 1987 ad
1262 1930 1340 1988 1000
1354 1948 1481 2012 mareas.

155 2031 333 2103 Quanmrun
354 2032 383 2088 1⁰
408 2048 484 2106 quae
504 2029 544 2089 sit
563 2030 690 2089 materia
711 2031 812 2106 gravis
833 2030 865 2090 in
884 2031 1030 2091 iniustitia
1052 2037 1082 2091 et
1103 2031 1258 2110 speciatim
1278 2032 1309 2092 in
1330 2035 1420 2097 furto.

352 2120 383 2178 2⁰
407 2138 476 2178 num
501 2119 582 2179 furta
606 2119 719 2178 minuta
741 2121 912 2180 coalescant
936 2140 1085 2197 graveque
1110 2126 1265 2199 peccatum
1287 2125 1481 2186 constituant

352 2210 383 2268 8⁰
409 2208 477 2285 quid
499 2208 536 2267 ad
558 2227 668 2269 casum.

750 2340 886 2408 Solutio.

93 2507 145 2561 624
243 2485 296 2550 aa
320 2503 511 2559 uuausrruu
536 2485 574 2547 1¹¹
603 2483 642 2548 a.
669 2484 697 2550 1.
744 2481 965 2548 Communiter
989 2481 1194 2566 distinguunt
1222 2485 1396 2551 materiam
1427 2489 1479 2552 ob·

154 2577 252 2640 aetate
278 2595 424 2658 prooem,
454 2571 609 2637 videlicet
639 2590 723 2654 quae
752 2570 780 2635 si
810 2575 991 2658 cuicumque
1020 2572 1109 2638 furto
1139 2572 1310 2641 auferatur
1335 2575 1481 2642 sufficiat

154 2662 198 2728 ad
220 2661 483 2729 constituendum
506 2663 677 2745 peccatum
700 2661 856 2737 mortale3
887 2664 923 2727 et
946 2663 1075 2727 relative
1095 2683 1239 2746 prooem,
1271 2683 1356 2744 quae
1380 2665 1481 2731 aesti-

154 2755 265 2818 matur
286 2772 346 2835 pro
369 2751 499 2816 diverso
523 2753 613 2816 statu
637 2749 706 2814 eius
730 2749 780 2814 cui
811 2769 865 2814 res
888 2749 1047 2816 aufertur.
1094 2751 1186 2816 Haec
1209 2751 1311 2834 igitur
1340 2772 1406 2817 non
1430 2758 1481 2820 eat

154 2861 235 2919 una,
260 2840 318 2906 sed
341 2840 487 2917 diversa,
512 2838 618 2904 minor
640 2838 769 2920 quidem
793 2859 890 2921 quam
914 2838 1053 2905 materia
1076 2840 1226 2906 absolute
1248 2842 1379 2923 gravis,
1407 2843 1480 2926 plus

154 2930 303 2995 minusve
319 2934 428 2995 autem
445 2928 593 3012 amplior,
618 2948 681 3009 quo
697 2927 908 3012 perveniatur
924 2928 964 2992 ad
981 2928 1153 2994 materiam
1169 2928 1296 3013 peccati
1319 2932 1478 3010 mortalis,

154 3023 252 3102 prout
275 3018 395 3084 homini
419 3017 528 3084 ditiori
552 3016 604 3082 vel
628 3016 788 3099 egentiori
811 3018 991 3082 auferatur.

243 3125 281 3191 lt.
306 3128 336 3191 2.
384 3123 498 3189 Infima
521 3122 750 3189 determinatio
779 3121 892 3187 limitis
922 3123 1080 3188 materiae
1109 3122 1193 3188 levis
1223 3129 1257 3189 et
1285 3126 1400 3206 gravis
1423 3147 1479 3212 pe-

154 3213 249 3280 cunia
280 3233 456 3297 expressae
487 3212 608 3296 pendet
640 3233 661 3277 a
690 3212 803 3277 valore
834 3211 1009 3294 pecuniae:
1043 3217 1094 3278 est
1125 3212 1228 3294 igitur
1256 3212 1388 3281 diversa
1420 3237 1478 3299 pro

153 3302 292 3369 diversis
325 3301 526 3386 temporibus
561 3307 595 3367 et
633 3300 828 3383 regionibus.
887 3300 978 3365 Haec
1010 3302 1077 3365 fixa
1109 3302 1338 3370 determinatio
1373 3305 1480 3388 magis

32 3392 35 3399 ’
154 3392 354 3459 attendenda
378 3397 438 3468 est,
463 3392 592 3473 quando
617 3391 728 3471 agitur
746 3390 786 3455 de
809 3388 1004 3472 imponenda
1028 3390 1227 3472 obligatione
1250 3392 1478 3473 restitutionis,

155 3501 251 3562 quarn
279 3503 337 3564 pro
362 3479 574 3546 discernendo
597 3483 733 3562 peccato
756 3479 888 3545 mortali
912 3479 965 3543 vel
988 3479 1109 3545 veniali
1139 3500 1160 3545 a
1184 3480 1373 3563 paenitente
1404 3484 1479 3547 sub-

154 3569 273 3635 iective
297 3570 479 3635 commisso.
524 3569 643 3634 Utrum
667 3568 753 3633 enim
776 3567 948 3652 paenitens
970 3569 1120 3650 graviter
1143 3590 1184 3634 an
1208 3570 1327 3637 leviter
1349 3575 1479 3638 tantum

154 3659 356 3742 peccaverit,
387 3659 508 3742 pendet
532 3680 552 3723 a
575 3657 757 3723 subiectiva
786 3657 856 3722 eius
886 3657 1143 3741 apprehensione
1173 3664 1208 3724 et
1238 3659 1478 3737 aestimatione,

154 3770 230 3813 num
255 3747 407 3814 videlicet
430 3747 544 3813 furans
567 3769 636 3813 rem
659 3746 810 3812 habuerit
836 3767 895 3830 pro
919 3768 955 3811 re
978 3746 1060 3812 satis
1084 3747 1194 3829 magni
1218 3749 1375 3815 momenti
1404 3750 1426 3816 i.
1450 3772 1478 3816 e.

153 3859 212 3922 pro
228 3859 265 3903 re
280 3837 385 3919 gravi.
423 3837 673 3921 Supponendum
696 3839 807 3901 tamen
831 3841 892 3912 est,
916 3834 948 3900 id
972 3835 1077 3900 locum
1101 3836 1264 3914 habuisse,
1288 3838 1316 3902 si
1340 3839 1481 3905 materia

154 3931 227 3994 erat
255 3930 380 3993 circiter
403 3947 458 4002 ea,
489 3946 586 4008 quam
616 3925 759 4007 theologi
789 3946 849 4009 pro
872 3924 967 4006 gravi
997 3924 1184 4006 assignant;
1215 3947 1280 3991 non
1302 3927 1422 4007 fuisse,
1453 3929 1477 3993 si

153 4017 322 4082 moraliter
344 4035 417 4079 eam
441 4036 505 4079 nou
528 4014 641 4095 attigit
663 4014 684 4080 i.
709 4036 737 4080 e.
761 4014 951 4080 notabiliter
974 4013 1060 4079 infra
1084 4036 1156 4079 earn
1180 4015 1296 4081 haesit.

92 4140 143 4194 625
242 4123 281 4189 R.
307 4124 336 4187 3.
384 4121 525 4185 Materia
548 4123 685 4185 obsolute
709 4124 818 4204 procis
848 4121 1030 4186 attenditur
1052 4121 1086 4185 iu
1109 4121 1198 4187 furto
1222 4123 1308 4204 apud
1332 4123 1480 4189 homines

154 4211 331 4277 ditissimos
355 4210 408 4275 vel
432 4214 547 4276 contra
578 4209 720 4290 aliquam
744 4210 1010 4276 communitatem
1040 4211 1122 4277 satis
1152 4210 1348 4294 locupletem
1373 4213 1478 4289 factm

154 4305 268 4383 estque
288 4321 348 4384 pro
365 4299 485 4364 nostris
501 4298 701 4382 temporibus
718 4305 752 4364 et
771 4299 934 4383 plerisque
950 4300 1037 4364 orbis
1054 4299 1132 4366 culti
1149 4299 1335 4382 regionibus
1351 4322 1479 4368 summa

154 4393 286 4457 20—30
309 4410 503 4455 marcarum.

242 4477 383 4545 Materia
397 4478 538 4542 relative
554 4477 666 4558 gravis
683 4476 809 4542 attendi
825 4476 922 4544 debet
944 4478 977 4542 in
994 4478 1067 4543 aliis
1083 4477 1180 4544 furtis
1201 4481 1317 4543 eontra
1332 4478 1480 4545 homines

154 4568 187 4633 in
211 4568 375 4632 ordinaria
399 4567 587 4631 condicione
617 4565 741 4649 positos
769 4565 958 4632 commissis,
1006 4568 1169 4634 Statuitur
1193 4566 1276 4633 satis
1306 4573 1398 4634 recte
1427 4591 1481 4634 res
