3106 5168
269 264 422 321 Dominium
442 270 471 320 et
488 267 548 322 iura
565 267 734 335 singulorum
751 267 889 323 hominum
907 299 943 308 -
961 271 1030 323 bona
1050 287 1173 323 uxorata.
1319 274 1382 339 291

63 441 177 516 quidem
192 441 291 500 debita
312 443 389 518 apud
411 461 561 519 caupones
582 448 737 502 contracta
759 463 796 502 ex
810 444 895 503 bonis
915 444 1028 504 relictis
1050 445 1125 504 solvi
1147 451 1286 522 possunt:
1310 465 1384 522 quae

62 541 137 580 uxor
157 521 313 580 occultatis
335 524 423 581 rebus
445 522 507 581 suis
535 524 650 583 solvere
677 523 792 594 renuit,
820 525 963 601 siqnidem
991 525 1115 584 uranius
1143 527 1236 585 multo
1260 525 1385 603 amplius

63 601 235 677 expenderit
255 621 309 678 pro
331 622 372 672 se,
395 622 481 678 quam
502 603 568 678 ipsa
589 604 761 680 seposuerit.

63 706 240 777 Quarnrrus
261 711 290 766 1⁰
315 726 390 783 quae
411 709 471 767 sint
490 710 538 767 vel
560 729 626 768 esse
648 709 764 786 possint
785 711 863 768 bona
884 709 994 769 uxoris.

260 799 290 854 ί.)0
315 797 401 873 quale
422 798 468 856 ius
489 798 574 857 uxori
596 804 746 875 competat
765 798 796 857 in
816 801 894 858 bona
915 798 1014 857 meriti
1035 799 1082 858 vel
1102 798 1241 858 familiae.

260 887 290 944 3⁰
315 885 382 962 quid
404 886 557 946 dicendum
578 887 614 945 de
636 887 743 962 agendi
763 887 877 947 ratione
898 886 1032 946 Eulaliae
1054 892 1084 946 et
1105 887 1259 946 Melaniae.

656 1042 792 1109 Salutio.

149 1167 203 1231 An
226 1186 416 1241 Qnsnsrrnn
443 1169 480 1230 lun
503 1167 541 1232 R.
589 1166 728 1232 Diversa
757 1167 830 1233 iura
858 1166 920 1232 hac
950 1167 984 1232 in
1010 1187 1046 1232 re
1069 1170 1220 1233 statuunt
1243 1167 1447 1243 diversam

61 1255 248 1320 Generatim
272 1259 384 1320 tamen
406 1255 471 1322 tria
494 1275 617 1337 genera
640 1256 796 1321 bonorum
820 1255 966 1338 coniugis
989 1254 1150 1321 exsistere
1173 1260 1326 1339 possunt:

154 1346 186 1425 1)
210 1344 294 1408 bona
317 1349 498 1421 reservata,
523 1364 657 1426 quorum
682 1344 997 1410 administrationem
1021 1349 1055 1410 et
1077 1345 1315 1415 usumfructum
1332 1346 1386 1411 vel

60 1433 180 1498 saltem
201 1432 437 1498 usumfructum
454 1433 573 1498 coniux
587 1433 647 1497 sibi
664 1437 830 1510 reservat3
856 1436 890 1515 2)
914 1454 953 1499 ea
976 1434 1070 1511 bona,
1096 1454 1232 1516 quorum
1247 1434 1384 1499 admini-

59 1521 254 1587 strationem
278 1525 312 1587 et
335 1520 572 1588 usumfructum
595 1522 695 1587 habet
717 1522 865 1600 maritus,
890 1543 953 1605 quo
976 1522 1107 1588 iuvetur
1129 1522 1162 1587 in
1185 1523 1385 1589 matrimonii

60 1610 229 1687 oneribus,
260 1610 316 1676 sed
347 1631 483 1692 quorum
514 1611 688 1675 dominium
718 1611 879 1677 retinetur
909 1632 929 1676 a
959 1610 1095 1693 coniuge
1120 1644 1162 1655 -
1185 1632 1269 1693 quae
1301 1612 1384 1678 bona

59 1699 155 1764 modo
179 1702 339 1764 vocantur
362 1698 501 1777 dotalia,
526 1699 621 1764 modo
646 1699 709 1766 alio
733 1699 878 1773 nomine;
904 1699 938 1781 3)
962 1700 1047 1765 bona
1070 1700 1269 1776 communia,
1300 1721 1385 1783 quae

59 1789 92 1853 in
123 1787 292 1870 utriusque
322 1788 516 1865 utilitatem,
546 1789 644 1853 immo
668 1789 701 1854 in
724 1789 826 1854 totius
848 1787 993 1854 familiae
1021 1790 1224 1854 commodum
1254 1790 1383 1868 cedunt,

59 1875 331 1942 administrantur
360 1877 489 1959 quidem
517 1898 537 1942 a
565 1878 700 1955 marito,
732 1877 921 1943 dividuntur
950 1898 1029 1942 vero
1060 1878 1167 1960 quoad
1197 1877 1384 1954 dominium,

58 1966 167 2032 soluto
191 1964 408 2044 matrimonia,
432 1966 465 2030 in
482 1966 563 2031 duas
586 1971 707 2049 partes.
739 1966 787 2033 Ut
803 1967 985 2031 communia
1006 1970 1143 2050 possunt
1158 1967 1259 2032 statui
1277 1967 1385 2034 omnia

59 2054 228 2136 utriusque
249 2054 395 2135 coniugis
419 2055 513 2132 bona,
538 2054 590 2119 vel
607 2056 766 2137 quaedam
790 2059 935 2128 tantum;
960 2062 1097 2138 possunt
1119 2056 1221 2121 statui
1245 2077 1384 2140 eaquae

58 2143 244 2208 inferuntur
259 2144 291 2207 in
308 2142 558 2222 matrimonium,
584 2145 635 2208 vel
661 2165 700 2209 ea
723 2149 852 2210 tantum
876 2164 960 2227 quae
975 2148 1086 2211 stante
1106 2144 1312 2211 matrimonio
1329 2166 1383 2211 ac·

62 2233 244 2315 quiruntur.

148 2339 201 2403 Aa
225 2359 415 2414 ooarsrruu
440 2341 478 2402 2³¹
501 2339 541 2405 R.
568 2341 595 2406 1.
643 2338 676 2404 Si
707 2338 792 2403 bona
814 2342 993 2403 comruuaiu
1017 2338 1152 2416 adsunt,
1184 2360 1268 2420 quae
1298 2338 1442 2410 bona571

56 2429 205 2511 fortatico
227 2428 337 2492 vocari
361 2427 447 2503 licet,
473 2448 514 2491 ex
537 2426 587 2504 iis,
611 2426 643 2491 in
666 2432 822 2509 quantum
845 2427 1020 2505 sufficiunt,
1046 2427 1201 2493 uxorius
1224 2428 1323 2495 habet
1346 2433 1384 2495 ut

57 2521 229 2583 sumantur
258 2537 341 2599 quae
371 2515 555 2581 necessaria
584 2521 662 2581 sunt
694 2517 735 2581 ad
767 2537 860 2580 suern
883 2537 1027 2598 suaeque
1050 2516 1194 2582 familiae
1216 2521 1383 2583 sustenta·

59 2606 180 2671 tionem
211 2605 357 2688 aliasque
387 2606 590 2691 obligationes
621 2626 840 2688 quascumque
870 2605 1060 2689 implendas.
1106 2606 1159 2672 Ita
1190 2605 1308 2671 saltem
1340 2627 1383 2671 ex

59 2696 148 2760 iure
174 2694 300 2760 Germ.
326 2693 381 2772 (cf.
406 2694 424 2775 ἓ
452 2697 560 2774 1604).

147 2791 186 2856 R..
212 2794 242 2858 2.
289 2793 396 2869 Quare
426 2793 601 2856 secundum
632 2792 693 2856 hoc
722 2791 789 2868 ius,
821 2796 995 2874 antequam
1027 2791 1111 2856 bona
1141 2811 1201 2855 sua
1227 2797 1383 2874 separata

59 2880 235 2965 expendat,
259 2901 302 2946 ex
325 2880 417 2945 bonis
441 2881 662 2945 communibus
685 2883 871 2945 sustentare
895 2885 1005 2964 potest
1027 2884 1181 2964 parentes
1196 2880 1381 2962 indigentes

59 2976 159 3053 atque
174 2969 258 3034 filios
275 2990 317 3034 ex
332 2969 440 3053 priore
456 2970 542 3035 forte
557 2969 763 3034 matrimonio
780 2969 918 3050 genitos.
935 3004 977 3014 —
994 2968 1081 3034 Alibi
1096 2969 1236 3033 mediam
1253 2974 1380 3051 partem

59 3060 174 3124 harum
198 3079 415 3142 expensarum
440 3059 547 3142 potius
571 3080 613 3124 ex
636 3058 728 3123 bonis
751 3057 930 3122 reservatis
953 3079 1081 3122 sumere
1103 3059 1173 3135 vel,
1199 3078 1270 3122 cum
1294 3057 1381 3123 forte

60 3152 192 3215 ventum
222 3147 321 3214 fuerit
347 3147 388 3212 sd
419 3147 575 3213 dotalium
606 3147 760 3212 bonorum
785 3145 1041 3224 restitutionem,
1072 3146 1105 3210 in
1129 3167 1168 3211 ea
1191 3151 1381 3229 computare

59 3237 198 3315 debebit,
223 3236 285 3301 nisi
308 3236 445 3302 maritus
468 3235 583 3301 volens
606 3235 679 3318 plus
703 3235 909 3300 concesserit.

147 3335 186 3399 R.
211 3337 241 3399 3.
282 3333 316 3399 Si
338 3355 422 3399 uxor
444 3333 522 3398 nihil
547 3333 657 3399 intulit
680 3352 785 3415 neque
808 3331 953 3415 possidet
974 3332 1060 3396 bona
1083 3336 1254 3398 reservata
1275 3351 1381 3413 neque

58 3425 168 3490 adsint
185 3424 269 3488 bona
285 3422 481 3488 communia:
498 3422 636 3488 maritus
652 3443 693 3486 ex
709 3442 745 3486 se
760 3420 891 3503 suisque
906 3419 999 3486 bonis
1015 3424 1050 3486 et
1063 3420 1229 3486 laboribus
1245 3442 1380 3486 uxorem

58 3518 245 3580 sustentare
274 3511 408 3594 eiusque
438 3511 654 3593 obligationes
684 3510 869 3574 exoriturae
899 3509 1033 3593 implere
1057 3509 1170 3587 debet,
1202 3531 1274 3575 cum
1298 3531 1381 3575 uxor

59 3624 131 3667 eunr
163 3602 255 3667 iuvet
286 3601 319 3665 in
351 3600 503 3683 gerendis
533 3600 629 3664 rebus
659 3598 862 3665 domesticis:
899 3598 960 3664 hoc
988 3598 1073 3663 enim
1105 3598 1246 3664 officium
1276 3598 1381 3664 iniens

58 3691 299 3758 matrimonium
323 3689 355 3754 in
379 3710 415 3754 se
439 3689 552 3755 volens
576 3688 761 3772 assumpsit.

146 3804 199 3868 Ao
223 3824 413 3879 onaasrrun
437 3806 476 3867 3¹³¹
499 3802 537 3868 R.
566 3806 594 3868 1.
640 3801 788 3866 Eulaliae
818 3801 936 3882 agendi
967 3802 1053 3868 ratio
1086 3801 1230 3867 nonnihil
1263 3801 1379 3885 inquiri
1389 3818 1441 3871 572

58 3894 164 3959 debet.
211 3894 262 3958 Ad
287 3914 343 3958 eas
367 3913 528 3976 expensas
552 3891 719 3957 faciendas
741 3891 791 3955 ius
820 3890 936 3968 habet,
968 3912 1052 3972 quae
1075 3890 1280 3957 necessariae
1304 3895 1380 3957 sunt

58 3984 98 4049 ad
128 3983 325 4048 servandum
357 3981 604 4048 convenientem
632 3980 775 4046 familiae
799 3983 922 4045 statum
946 3983 1046 4062 atque
1070 3980 1298 4046 condicionem.
1346 3979 1380 4045 Si

57 4073 159 4155 igitur
176 4071 323 4147 maritus,
349 4071 443 4135 nimis
467 4091 595 4154 parcus,
619 4090 659 4133 ne
676 4090 715 4134 ea
732 4068 861 4150 quidem
878 4070 950 4133 vult
966 4071 1153 4146 concedere,
1178 4090 1241 4134 non
1264 4073 1380 4152 peccat

58 4162 141 4227 clam
166 4182 205 4226 ee
228 4161 439 4235 assumend03
471 4158 628 4224 excedere
652 4164 761 4224 eutem
786 4157 929 4223 familiae
953 4163 1091 4233 statum,
1122 4158 1225 4223 invito
1249 4158 1376 4230 marito,

58 4272 121 4317 non
145 4249 232 4315 licet.
265 4249 367 4315 Immo
389 4249 421 4313 in
447 4248 542 4314 dubio
561 4248 712 4313 standum
730 4252 782 4312 est
799 4247 960 4313 voluntati
977 4247 1103 4325 mariti,
1128 4247 1154 4312 si
1172 4267 1243 4311 eam
1260 4245 1376 4310 seriam

58 4339 258 4425 expresserit
281 4344 379 4420 atquc
401 4338 434 4403 in
458 4359 497 4402 ea
521 4337 657 4414 insistit;
683 4343 782 4418 atque
806 4357 935 4419 semper
951 4337 1128 4401 curandum
1145 4340 1205 4413 est,
1230 4355 1271 4398 ne
1288 4334 1376 4398 clan-

58 4430 163 4495 culum
189 4448 292 4510 agens
315 4449 398 4493 uxor
421 4449 533 4510 pacem
558 4448 629 4491 cum
654 4426 724 4491 viro
748 4427 927 4510 perturbet.

146 4527 185 4593 R.
200 4529 229 4592 2.
255 4525 288 4591 Si
302 4524 430 4590 Eulalia
442 4524 630 4589 notabiliter
642 4523 822 4588 excesserit
837 4522 982 4587 familiae
995 4525 1116 4587 statum
1131 4520 1375 4585 convenientem

58 4622 172 4683 contra
195 4619 318 4681 certam
343 4620 377 4679 et
400 4613 517 4679 seriam
542 4613 651 4679 mariti
668 4614 880 4690 voluntatem,
906 4633 964 4695 per
984 4631 1020 4676 se
1035 4611 1067 4674 id
1083 4610 1257 4676 restituere
1281 4609 1377 4674 debet

1111 4712 1163 4769 19*
