3106 5168
312 284 467 340 Translatio
485 285 536 339 iur.
554 303 580 355 p.
600 288 756 339 contractus
773 314 809 322 -
827 287 942 338 venditio
961 286 1052 354 reique
1065 287 1192 354 maiano.
1348 288 1413 352 449

93 463 258 529 Amaliae.
289 463 431 528 Locator
452 460 508 525 ille
532 460 623 525 dives
646 481 726 526 saue
750 462 905 545 deceptus
929 465 997 536 est;
1021 461 1078 526 sed
1102 461 1280 543 quaeritur,
1305 464 1415 526 utrum

92 555 249 635 deceptus
278 551 323 617 sit
352 552 393 616 ab
417 549 553 616 Alfredo
584 570 626 614 an
648 550 758 633 potius
781 571 801 615 a
824 571 860 614 se
889 549 970 633 ipso.
1017 550 1092 633 Ipse
1122 549 1265 615 animum
1288 548 1414 615 Alfredi

92 644 143 709 ita
165 641 403 725 interpretatus
426 643 493 716 est,
526 639 611 720 quod
642 642 758 720 ageret
788 658 829 704 ex
853 638 1003 722 cupidine
1033 639 1172 704 habendi
1202 638 1416 723 manuscripti

92 729 245 833 pretiosi,
279 750 351 795 cum
382 729 416 793 iu
446 728 535 792 hisce
565 727 820 794 circumstantiis
851 749 924 793 eum
954 727 1166 812 interpretari
1188 749 1268 794 saue
1292 733 1414 883 postset,

93 820 188 903 quasi
219 821 350 902 gereret
380 816 522 883 animum
552 816 850 883 beneficentiaet
816 821 850 882 et
879 816 1129 883 misericordiae.
1176 816 1317 893 Quam
1308 822 1358 883 1ut
1359 839 1416 882 en-

92 910 218 976 tionem
240 907 279 986 si,
303 906 418 973 sicut
410 927 480 990 rpse
502 905 644 1006 respuit,
613 907 783 972 tabesse
806 904 904 972 etiam
922 906 963 971 ab
987 904 1123 972 Alfredo
1146 905 1291 990 putavit,
1315 905 1416 1007 ipsius

93 999 193 1082 culpa
223 1001 274 1063 est
304 1001 338 1062 et
323 995 474 1062 tcordis
505 993 602 1059 durit'
579 1000 703 1060 t.-1a
734 994 871 1096 Insuper
900 994 1019 1061 levitas
1043 998 1115 1060 erat
1141 1016 1262 1077 magua
1290 995 1400 1060 etim

94 1088 239 1171 prudens
262 1084 448 1162 aemulatio,
477 1105 541 1149 non
566 1083 856 1168 autearnspicere,
881 1083 1008 1166 dequo
1033 1084 1254 1169 manuscripto
1280 1085 1416 1149 emendo

95 1179 269 1259 ageretur:
294 1194 377 1255 quae
401 1172 533 1238 etiam
523 1195 556 1237 m
580 1172 686 1256 ipsum
710 1177 890 1257 emptorem
913 1172 1039 1239 recidit.

186 1263 341 1330 Fortasse
370 1261 515 1328 nonnihil
538 1262 695 1345 deceptus
725 1266 776 1328 est
808 1282 965 1327 concursu
996 1261 1095 1328 etiam
1126 1260 1218 1328 tertii
1250 1261 1416 1345 emptoris.

95 1353 162 1420 Sed
186 1352 254 1418 eius
278 1351 396 1434 agendi
426 1350 511 1416 ratio
544 1371 582 1415 eo
612 1350 718 1416 minus
740 1349 877 1416 Alfredo
908 1351 1023 1434 culpae
1055 1350 1141 1417 verti
1170 1354 1296 1434 potest,
1332 1351 1418 1433 quod

95 1442 253 1508 Alfredus
276 1462 349 1506 eum
373 1439 506 1508 monuit.
554 1439 673 1515 Quodsi
697 1439 801 1504 noluit
823 1439 878 1504 ille
902 1441 1044 1516 credere,
1067 1440 1138 1523 ipse
1161 1461 1221 1505 sua
1244 1439 1339 1524 culpa
1362 1439 1417 1504 de·

96 1534 214 1614 ceptus
244 1534 313 1606 est;
344 1532 379 1594 et
407 1528 529 1594 inscius
559 1527 687 1611 decepit
716 1527 857 1594 alterurn
888 1532 1068 1613 emptorem
1090 1549 1195 1611 neque
1218 1528 1347 1595 actione
1369 1528 1418 1593 in·

95 1620 185 1686 iusta
208 1617 392 1701 theologice
415 1616 569 1701 culpabili
593 1637 672 1698 erga
694 1616 796 1683 illum.

188 1708 226 1773 In
254 1707 315 1772 boc
345 1706 447 1787 igitur
475 1727 554 1771 casu
584 1707 708 1771 nullam
740 1726 856 1771 censeo
889 1727 961 1771 esse
993 1705 1184 1771 iniustitiam
1218 1706 1259 1771 ab
1282 1704 1419 1771 Alfredo

96 1797 323 1874 commissam
354 1796 413 1860 sed
442 1794 575 1862 divitem
599 1795 689 1859 illum
713 1798 747 1860 et
770 1795 885 1860 durum
908 1795 1086 1861 locatorem
1111 1795 1228 1860 debere
1257 1794 1354 1878 plane
1377 1815 1420 1859 ex

97 1885 225 1953 iustitia
248 1884 389 1969 pretium
414 1885 559 1951 oblatum
582 1883 720 1950 solvere.

189 1991 226 2055 R.
253 1993 283 2056 3.
330 1989 448 2066 Quaeri
471 1992 591 2072 potest,
622 2010 698 2052 num
731 1987 817 2053 forte
841 1987 995 2053 Alfredus
1027 2009 1070 2053 ex
1093 1989 1233 2054 caritate
1256 1988 1420 2069 obligatus
1430 1999 1482 2055 885

98 2080 201 2146 fuerit
224 2079 447 2163 deceptionem
470 2078 568 2144 istam
592 2076 757 2161 impedire.
799 2077 885 2142 Nam
908 2076 1089 2160 generatim
1112 2077 1141 2142 si
1163 2077 1259 2142 video
1283 2098 1324 2142 ex
1347 2098 1421 2143 mea

99 2168 229 2236 actione
252 2167 439 2251 inculpabili
463 2168 602 2232 alterum
627 2187 741 2232 ansam
765 2186 894 2231 sumere
917 2165 1116 2250 deceptionis
1140 2170 1175 2231 et
1197 2165 1335 2231 actionis
1358 2166 1420 2231 sibi

100 2258 277 2324 damnosae
308 2256 494 2340 ponendae,
526 2276 568 2320 ex
598 2254 737 2320 caritate
768 2255 909 2338 obligor,
941 2260 979 2320 ut
1001 2276 1074 2321 eum
1097 2275 1263 2338 moneam,
1295 2256 1322 2319 si
1351 2254 1421 2320 siue

101 2345 306 2412 incommodo
329 2344 467 2410 relative
489 2366 608 2427 magno
632 2365 773 2427 possum.

192 2435 236 2500 Et
257 2455 376 2500 revera
390 2438 480 2500 recte
496 2433 565 2517 egit
580 2432 735 2499 Aliredus
750 2431 890 2517 positive
906 2432 1065 2497 monendo
1080 2432 1215 2498 tertium
1231 2436 1421 2516 emptorem.

100 2524 257 2608 Apertius
281 2522 431 2588 monendi
448 2522 679 2604 obligationem
695 2543 760 2588 nou
783 2521 927 2588 adfuisse
943 2542 1069 2599 censeo,
1093 2522 1121 2588 si
1136 2521 1191 2588 ille
1210 2521 1309 2588 etiam
1325 2520 1422 2586 valde

101 2615 195 2680 dives
219 2617 301 2691 erat,
325 2612 373 2679 ita
396 2617 434 2678 ut
449 2614 611 2687 damnum,
635 2611 663 2675 si
687 2611 773 2677 forte
796 2611 988 2687 incurreret,
1012 2611 1131 2676 leviter
1146 2610 1265 2687 ferret;
1290 2611 1347 2676 sed
1363 2609 1423 2675 Al·

101 2702 230 2768 iredum
261 2701 406 2785 potuisse
438 2706 509 2767 tum
539 2700 729 2785 permittere
762 2699 861 2766 etiam
891 2700 983 2766 tertii
1015 2699 1102 2765 illius
1134 2700 1358 2783 deceptionem
1389 2702 1423 2765 et

100 2790 270 2876 probabile
300 2791 468 2868 damnum,
500 2811 538 2854 eo
571 2788 656 2872 quod
686 2789 766 2854 illud
798 2795 951 2872 vergeret
979 2789 1013 2854 iu
1040 2789 1137 2871 longe
1169 2789 1274 2854 maius
1303 2790 1423 2855 bonum

101 2879 255 2966 pauperis
278 2879 405 2945 viduae.

192 2968 357 3035 Minust
323 2967 423 3035 etiam
445 2967 560 3033 habuit
576 2965 617 3031 Al
620 2967 730 3031 fredus
747 2966 977 3048 obligationem
1001 2966 1152 3031 monendi
1176 2966 1309 3031 divitem
1332 2965 1423 3030 illum

100 3058 293 3135 locatorem,
317 3057 372 3139 qui
394 3057 464 3140 ipse
481 3056 576 3139 culpa
592 3076 652 3120 sua
668 3061 702 3121 et
717 3055 836 3120 duritie
859 3075 1033 3139 pauperem
1051 3055 1214 3120 viduam
1205 3076 1237 3119 m
1254 3054 1425 3136 angustias

103 3146 323 3214 coniecerata
303 3149 403 3228 atque
419 3145 476 3209 vix
491 3166 555 3210 non
571 3144 764 3299 gravissime
780 3149 984 3227 peccaverat.
1009 3144 1111 3208 Immo
1127 3147 1258 3244 poterat
1244 3142 1425 3209 Atlfredus

101 3235 257 3319 gaudere,
282 3235 367 3336 quod
382 3233 478 3298 homo
494 3233 557 3300 iste
574 3237 607 3299 et
608 3232 672 3298 iam
688 3232 810 3298 invitus
826 3254 885 3298 sua
900 3232 1002 3316 ipsius
1018 3232 1208 3316 deceptione
1231 3236 1265 3297 et
1287 3231 1424 3297 levitate

102 3328 238 3391 coactus
253 3323 416 3388 miseriam
433 3323 560 3400 viduae,
582 3343 679 3404 quam
695 3325 877 3398 creaverat,
901 3322 1035 3387 deberet
1050 3321 1117 3386 suis
1132 3320 1286 3405 impensis
1301 3321 1423 3386 levare.

102 3411 271 3496 Obligatio
294 3411 352 3477 illa
374 3411 524 3478 caritatis
547 3432 627 3493 erga
650 3432 723 3476 eum
747 3411 780 3475 in
803 3412 865 3475 hoc
887 3431 965 3475 casu
988 3410 1084 3494 piane
1107 3413 1180 3476 erat
1203 3409 1302 3477 nulla.

195 3530 248 3593 An
266 3548 457 3603 cunasrruu
482 3529 520 3590 2nn
544 3526 711 3610 responsio
742 3526 969 3592 difficultatem
993 3547 1057 3590 nou
1081 3525 1189 3592 habet.
1236 3524 1315 3590 Cum
1339 3523 1488 3598 euimgae

103 3639 170 3683 non
193 3616 325 3682 Amalia
353 3616 397 3682 sit
431 3615 560 3700 proprie
584 3636 668 3697 quae
692 3616 830 3692 vendat,
861 3615 918 3680 sed
948 3615 1048 3679 durus
1079 3614 1135 3679 ille
1165 3615 1309 3680 locator:
1340 3613 1425 3681 ratio

103 3727 170 3772 non
194 3708 256 3783 est,
280 3726 338 3771 cur
360 3706 432 3790 ipsa
448 3705 642 3770 excludatur
659 3726 679 3769 a
695 3725 854 3770 concursu
871 3708 905 3770 et
921 3703 1095 3787 emptione.
1127 3703 1176 3769 Re
1199 3703 1272 3788 ipsa
1287 3724 1425 3787 genera·

102 3796 165 3861 tim
188 3794 222 3859 iu
245 3793 342 3859 simili
365 3815 443 3859 casu
466 3795 499 3859 id
522 3797 573 3859 est
600 3793 815 3877 impossibile,
847 3795 923 3874 quia
952 3792 1099 3859 dominus
1123 3814 1231 3859 rerum
1254 3793 1288 3858 in
1312 3796 1426 3859 coacta

103 3883 293 3950 venditione
316 3904 381 3948 non
404 3884 489 3948 solet
511 3884 640 3958 habere,
665 3883 750 3947 unde
765 3884 884 3950 solvat.
917 3882 980 3948 Sed
997 3883 1037 3948 ab
1053 3882 1104 3948 bis
1120 3882 1281 3964 angustiis
1298 3882 1427 3948 Amalia

102 3974 246 4039 liberata
269 3976 322 4038 est
343 3993 402 4057 per
423 3971 474 4037 ius
498 3971 692 4053 acquisitum
723 3972 765 4036 ad
789 3972 862 4037 illas
894 3971 983 4037 mille
1006 3993 1144 4038 marcas.
1183 3972 1271 4054 Ergo
1293 3971 1326 4035 in
1351 3992 1426 4036 con·

103 4062 244 4129 scientia
267 4065 469 4145 potestesse
491 4064 575 4126 tuta.

467 4278 680 4344 VENDITIO
705 4279 787 4345 SUB
811 4278 957 4344 HASTA
981 4280 1064 4361 (IV).

663 4426 773 4493 Casus.
800 4432 876 4502 (276)

196 4569 360 4639 Possidiue,
381 4567 578 4645 pauperculus
595 4568 733 4638 rusticus,
755 4567 785 4625 in
800 4567 947 4643 angustiis
968 4568 1083 4644 positus
1104 4573 1226 4644 propter
1240 4567 1339 4626 debita
1360 4587 1428 4627 mox

104 4650 259 4722 solvenda,
283 4649 388 4709 statuit
409 4668 462 4724 per
483 4647 676 4707 licitationem
698 4647 779 4723 ligna
799 4648 932 4723 aliasque
953 4667 1002 4706 res
1023 4650 1159 4708 vendere.
1194 4649 1359 4724 Emptum,
1381 4649 1430 4724 qui

160 4752 329 4800 Lehmkuhl,
344 4752 415 4794 Casus
429 4752 588 4794 conscientiae.
616 4753 633 4794 1.
1184 4745 1217 4798 29
