3106 5168
162 270 224 333 178
373 264 413 320 De
432 265 580 321 virtutibus
598 269 627 321 et
644 267 741 322 officiis
759 285 825 337 erga
843 267 937 323 Deum
956 298 992 307 —
1007 267 1104 324 Virtus
1120 268 1268 339 religionis.

159 443 287 526 publica
317 444 502 522 declarare,
533 443 626 511 linita
648 444 751 511 Missa
779 445 878 510 licere
901 444 1055 529 agricolis
1082 466 1194 512 curam
1217 446 1348 528 frugum
1373 467 1481 530 agere.

159 531 248 608 Quae
272 533 471 600 cousuetudo
495 533 685 599 consulendi
707 534 901 618 pareatum,
933 534 988 600 ubi
1010 539 1179 612 servatur,
1203 535 1316 600 sedulo
1340 534 1481 602 fovenda

159 627 220 700 est,
245 642 286 687 ne
309 622 429 688 abusus
451 625 533 690 fiant
555 624 608 688 vel
632 622 675 688 ad
692 623 932 706 frequentiores
955 623 1084 690 labores
1099 623 1212 690 fideles
1235 629 1438 693 assuescant.

248 710 355 787 Quare
381 711 514 777 dubium
544 733 609 778 nou
639 716 692 777 est
720 713 908 778 Benuouem
938 713 1057 778 timore
1084 733 1142 778 suo
1173 716 1207 779 et
1234 713 1401 780 laboribus
1424 735 1482 780 ex·

158 799 296 953 gessisse
319 820 457 883 eumque
480 801 670 883 frequenter
693 800 792 868 etiam
808 801 957 884 graviter
973 806 1088 868 contra
1103 801 1360 868 ecclesiasticam
1375 803 1481 885 legem

180 908 342 971 erqursec.

95 1002 148 1055 352
247 994 286 1062 R.
311 999 341 1074 2,
366 995 456 1073 Quod
480 996 523 1062 ad
547 995 732 1080 reparanda
754 996 973 1062 instrumenta
997 996 1127 1074 attinet,
1151 996 1207 1063 ille
1222 997 1325 1076 labor,
1350 996 1379 1062 si
1394 996 1482 1080 agri-

158 1084 249 1149 colae
272 1089 404 1168 postero
429 1083 480 1149 die
504 1085 730 1152 instrumentis
754 1085 916 1167 indigent,
947 1089 1083 1170 propter
1104 1085 1336 1152 necessitatem
1361 1086 1481 1152 assumi

157 1177 284 1257 potest;
308 1193 426 1240 cavere
449 1178 560 1239 tamen
584 1175 682 1241 debet
702 1175 815 1240 Benuo
839 1174 939 1241 etiam
961 1174 995 1239 in
1017 1173 1068 1240 his
1091 1174 1199 1250 rebus,
1223 1195 1264 1241 ne
1286 1178 1358 1241 tum
1382 1175 1480 1241 etiam

157 1261 270 1328 diebus
288 1261 457 1328 dominicis
472 1267 506 1329 et
522 1262 616 1329 festis
632 1285 673 1330 ea
686 1267 836 1347 peragat,
857 1263 986 1345 quaudo
1003 1264 1170 1329 commode
1186 1263 1308 1329 differri
1332 1268 1480 1348 possunt.

157 1349 260 1416 Immo
291 1352 377 1433 quod
400 1353 549 1417 Bennoni
577 1352 664 1419 forte
693 1352 799 1435 magis
829 1352 1067 1417 incommodum
1091 1352 1151 1431 sit,
1182 1353 1313 1418 differre
1336 1353 1481 1418 laborem

157 1440 199 1505 ad
229 1440 315 1505 diem
345 1444 552 1523 sequentem,
585 1441 670 1508 ratio
700 1441 870 1507 laborandi
900 1441 952 1506 die
983 1440 1144 1507 dominica
1170 1462 1243 1507 esse
1266 1463 1331 1507 non
1353 1445 1481 1526 potest;

157 1533 277 1611 potest,
303 1529 388 1682 qpod
411 1528 491 1614 ipsis
514 1529 677 1612 agricolis,
702 1530 756 1613 qui
772 1529 840 1596 suis
854 1530 1080 1598 instrumentis
1096 1531 1254 1614 indigent,
1277 1530 1322 1596 sit
1337 1531 1481 1613 graviori

156 1639 317 1683 mcommo
341 1639 370 1684 ο.

246 1707 438 1773 Exsisteute
467 1706 568 1789 igitur
599 1728 698 1773 causa
727 1707 875 1790 legitima
904 1708 1035 1786 Benno,
1066 1707 1195 1791 quando
1225 1707 1314 1774 licite
1341 1708 1479 1785 laborat,

157 1793 246 1861 licite
270 1796 369 1862 etiam
392 1795 515 1862 laboris
538 1796 588 1862 sui
611 1796 793 1863 mercedem
817 1795 945 1880 accipit.
984 1797 1132 1874 Lucrum,
1157 1797 1243 1880 quod
1265 1797 1380 1876 refert,
1404 1818 1482 1863 sane

156 1885 242 1950 ratio
266 1907 330 1950 nou
354 1888 414 1962 est,
439 1906 497 1950 cur
518 1886 649 1951 labores
672 1885 734 1969 ipsi
757 1888 931 1951 vertantur
954 1888 1107 1969 peccato:
1131 1908 1207 1953 nam
1223 1906 1264 1951 nc
1279 1886 1336 1951 ille
1352 1886 1480 1969 quidem

157 1973 212 2055 qui
235 1973 348 2041 illicite
371 1973 537 2040 laboravit
566 1996 625 2059 pro
650 1975 762 2041 labore
789 1973 949 2058 praestito
972 1975 1155 2040 mercedem
1178 1995 1310 2041 sumens
1334 1975 1374 2040 de
1397 1996 1480 2041 novo

157 2067 272 2146 peccat
295 2085 353 2129 seu
377 2064 557 2129 mercedem
582 2063 682 2131 sumit
704 2063 826 2130 illicite.

324 2306 569 2374 EXCUSATIO
594 2306 625 2372 A
647 2306 762 2373 LEGE
786 2305 967 2384 REQUIEI
989 2305 1204 2373 FESTIVAE
1228 2306 1315 2390 (III).

721 2464 832 2530 (lasus.
859 2471 918 2540 (93)

245 2611 362 2670 Blanda
391 2612 490 2670 uetrix
518 2611 650 2671 instante
680 2612 777 2687 aliquo
805 2613 881 2671 festo
912 2611 1074 2688 assumpsit
1104 2631 1169 2670 cum
1197 2610 1390 2672 adiutrioibue
1421 2611 1481 2671 suis

157 2692 266 2751 multos
287 2693 404 2751 labores
425 2697 456 2750 et
475 2698 577 2752 vestes
599 2692 812 2762 conficiendas,
843 2711 916 2768 quas
943 2711 997 2768 pro
1019 2692 1065 2750 die
1086 2692 1164 2751 festo
1184 2698 1305 2769 paratas
1326 2692 1391 2751 fora
1418 2712 1480 2769 pro·

157 2772 246 2831 misit.
288 2773 397 2830 Verum
418 2772 477 2832 iam
498 2778 588 2831 antea
608 2772 706 2842 timet,
735 2779 767 2832 ut
790 2773 886 2848 possit
906 2776 987 2831 sture
1008 2772 1170 2848 promissis.
1212 2772 1309 2843 Quare
1332 2792 1398 2831 cum
1420 2772 1480 2831 suis

158 2852 276 2912 famulis
296 2852 355 2910 iam
377 2872 429 2929 per
444 2853 555 2929 aliquot
574 2852 636 2911 dies
657 2852 751 2911 festos
773 2853 985 2928 praecedentes
1006 2852 1101 2910 labori
1121 2853 1273 2915 incumbit.
1295 2857 1326 2910 et
1345 2853 1412 2928 ipso
1432 2853 1480 2911 illo

159 2932 204 2990 die
227 2933 380 3007 assignato
401 2952 455 3008 per
474 2938 568 2992 totam
588 2936 705 2991 noctem
726 2951 818 3007 usque
839 2933 869 2990 in
890 2951 987 2990 serum
1009 2932 1083 2991 diam
1106 2932 1236 2991 laborat:
1266 2931 1383 3008 aliquae
1406 2934 1479 2990 enim

158 3019 227 3070 smrt
248 3018 348 3071 vestes
369 3012 517 3090 nuptiales
539 3031 612 3088 quas
633 3031 686 3088 pro
707 3011 772 3089 ipso
793 3012 844 3070 illo
866 3013 912 3070 die
934 3018 1055 3088 paratas
1076 3013 1185 3070 habere
1207 3012 1310 3084 debet,
1333 3013 1409 3071 alias
1430 3032 1480 3090 pro

157 3093 314 3151 visitandis
336 3093 452 3151 choreis
474 3098 505 3151 et
525 3092 721 3169 spectaculis,
749 3112 823 3168 quas
846 3097 959 3151 statuto
981 3098 1112 3169 tempore
1134 3112 1192 3151 non
1213 3093 1323 3151 habere
1344 3093 1480 3152 mulieres

156 3173 234 3231 istae
255 3173 388 3249 graviter
408 3174 514 3232 ferent.

158 3288 334 3357 Qussmrua
354 3307 424 3346 num
444 3307 549 3347 revera
569 3287 685 3346 Blanda
707 3306 772 3345 cum
794 3286 857 3346 suis
878 3286 996 3346 famulis
1018 3286 1187 3346 excusanda
1209 3286 1256 3348 sit.

753 3477 888 3545 Salutio.

96 3637 148 3690 353
247 3624 299 3687 Ao
324 3645 514 3699 uuaasmuu
538 3625 576 3690 ll.
603 3627 632 3691 1.
685 3624 842 3689 Famulae
871 3643 951 3688 sane
974 3629 1190 3702 excusantur,
1221 3623 1248 3688 si
1271 3645 1331 3708 pro
1355 3625 1481 3691 Blanda

159 3713 254 3778 adest
276 3713 424 3794 legitima
447 3713 624 3779 excusatio.
650 3713 773 3778 Verum
797 3712 873 3778 illae
898 3712 998 3778 etiam
1014 3712 1142 3777 facilius
1167 3713 1317 3778 excusari
1333 3720 1478 3797 possunt,

159 3802 287 3867 etiamsi
304 3803 430 3867 Blanda
454 3824 517 3867 non
541 3803 691 3868 habuerit
709 3802 829 3867 iustam
847 3822 995 3871 causam:
1020 3822 1095 3866 nam
1112 3801 1176 3866 illis
1192 3807 1262 3868 tum
1278 3803 1367 3868 iusta
1383 3825 1479 3869 causa

159 3912 231 3956 esse
255 3896 365 3974 potest
389 3891 486 3956 timor
508 3892 673 3969 fundatus,
697 3912 738 3956 ne
758 3890 965 3957 dimittantur
989 3911 1073 3956 neve
1095 3890 1226 3956 interim
1250 3912 1314 3956 non
1338 3892 1480 3959 habeant

160 3980 244 4044 unde
267 3980 392 4045 vivant.

248 4085 286 4150 R.
305 4087 334 4150 2.
372 4085 499 4150 Blanda
522 4084 666 4150 nonnihil
691 4087 907 4152 examinanda
924 4090 984 4163 ast,
1010 4089 1046 4151 ut
1062 4090 1199 4163 constet,
1224 4086 1367 4153 fueritne
1383 4107 1479 4152 causa

159 4175 245 4239 iusta
268 4195 379 4238 necne.
419 4174 552 4240 Interim
577 4175 770 4258 supponitur
793 4177 920 4241 ratione
943 4176 1086 4259 ipsarum
1110 4175 1250 4241 vestium
1273 4178 1307 4241 et
1322 4177 1409 4241 modi
1426 4197 1479 4241 eas

159 4263 347 4328 conficiendi
370 4285 434 4327 uon
454 4284 525 4328 esse
542 4264 672 4345 aliquid,
698 4285 755 4328 cur
770 4264 915 4330 Blandae
932 4286 1042 4330 aarum
1059 4265 1230 4341 confectio,
1250 4285 1281 4330 v,
1299 4286 1330 4346 g.
1347 4270 1480 4349 propter

160 4353 327 4418 lasciviam
352 4352 403 4416 cui
426 4352 473 4416 sic
497 4353 665 4430 faveatur,
691 4354 816 4417 censeri
841 4354 959 4419 debeat
982 4353 1154 4436 prohibita.
1200 4354 1359 4419 Accidere
1382 4354 1479 4437 igitur

160 4448 277 4525 potest,
295 4447 332 4508 ut
344 4443 606 4507 extraordinaria
618 4443 728 4523 aliqua
740 4442 909 4506 occasione
922 4448 973 4509 tot
989 4444 1117 4507 labores
1130 4444 1318 4513 offerantur.
1337 4443 1392 4525 qui
1408 4464 1478 4527 per·

159 4533 210 4595 tici
235 4537 407 4613 nequeant,
433 4531 494 4595 nisi
518 4532 615 4597 etiam
640 4532 752 4596 diebus
777 4531 943 4596 dominicis
959 4532 1052 4597 labor
1070 4537 1265 4598 assumatur.
1305 4531 1427 4609 Quodsi
1448 4531 1478 4594 in

160 4621 218 4684 tali
242 4622 412 4685 occasione
435 4621 545 4704 plures
569 4621 744 4687 adiutrices
768 4640 826 4704 pro
850 4626 997 4705 tempore
1019 4621 1154 4686 conduci
1177 4642 1240 4685 non
1264 4622 1401 4705 possint,
1425 4640 1478 4686 ue·
