3106 5168
176 306 240 369 340
315 300 355 355 De
374 299 521 354 virtutibus
540 302 568 354 et
585 299 683 354 officiis
701 315 767 368 erga
784 299 914 353 homines.
934 329 968 338 -
987 299 1039 354 OF.
1058 302 1131 355 circa
1149 301 1218 355 bona
1236 305 1360 357 externa.

175 478 263 544 cosio
286 481 426 544 tautum.
474 476 579 543 Unico
602 476 747 542 condicio
770 479 822 542 est
846 475 959 554 dubia,
992 475 1077 542 sitne
1107 478 1164 543 ills
1191 478 1278 544 sotio
1309 489 1420 545 contra
1450 482 1501 545 ius

174 566 262 632 illius
286 566 349 632 viri
371 564 501 632 inimici.

264 672 303 738 R.
328 674 358 738 2.
405 670 525 748 Quodsi
549 673 704 752 ageretur
727 671 767 736 de
791 669 845 735 via
868 669 1008 754 publica,
1041 693 1231 755 perquam,
1256 672 1318 740 etsi
1341 694 1419 740 raro
1442 675 1500 739 ho-

176 761 280 826 miues
302 763 491 838 transeant,
521 764 632 825 tamen
656 759 846 825 transeundi
870 759 921 824 ius
944 759 1075 838 habeut,
1109 761 1239 827 omnino
1262 762 1387 828 laesum
1414 769 1501 830 esset

175 849 225 915 ius
248 849 378 928 inimici,
403 848 431 914 si
454 848 538 913 clam
561 851 657 915 eruta
681 854 769 914 esset
791 847 891 926 fossa,
916 848 948 913 in
972 870 1070 931 quam
1093 849 1254 915 incidendi
1278 852 1401 917 viatori
1428 857 1500 919 erat

175 938 363 1022 periculum.

263 1044 302 1113 R.
327 1046 358 1110 3.
404 1043 495 1108 Idem
527 1042 595 1120 dic,
629 1042 656 1108 si
682 1043 801 1108 Fabius
832 1064 892 1127 per
923 1064 1016 1109 suum
1041 1065 1157 1126 agrum
1187 1045 1333 1111 homines
1357 1047 1500 1112 transire

175 1154 292 1217 passus
316 1137 420 1198 esset:
444 1132 478 1197 in
502 1153 566 1214 quo
583 1153 660 1197 casu
675 1131 802 1198 iustitia
818 1131 978 1215 probibet,
1002 1133 1173 1214 quominus
1188 1134 1390 1212 beneficium,
1415 1137 1501 1218 quod

175 1221 381 1305 specietenus
409 1221 562 1304 praebet,
595 1224 707 1286 vertat
738 1221 772 1286 in
795 1221 931 1287 alicuius
953 1221 1092 1287 hominis
1115 1223 1307 1305 perniciem
1341 1229 1442 1306 atque
1472 1225 1500 1290 si

175 1311 295 1377 Fabius
327 1315 443 1395 postea
473 1309 650 1375 transitum
674 1309 756 1375 velit
787 1310 974 1394 prohibere,
1007 1310 1092 1376 serio
1126 1312 1164 1375 de
1192 1314 1334 1398 periculo
1366 1334 1500 1380 mouere

175 1400 282 1477 debet,
307 1399 334 1464 si
359 1398 443 1482 quod
466 1398 646 1482 periculum
668 1398 914 1464 transeuntibus
937 1399 1109 1465 creaverit.

112 1520 163 1574 671
264 1504 303 1570 R.
329 1507 359 1571 4.
405 1503 503 1570 Nunc
526 1523 604 1569 vero
637 1502 785 1568 inimicus
815 1503 865 1569 ius
888 1524 952 1569 non
983 1503 1096 1570 habuit
1126 1505 1333 1583 transeundi,
1366 1506 1500 1591 insuper

174 1594 318 1660 monitus
341 1597 394 1659 est
416 1593 622 1674 aliquatenus
645 1591 686 1656 de
701 1592 854 1676 periculo,
880 1613 1075 1676 quamquam
1092 1614 1206 1677 parum
1222 1593 1381 1676 graviter.
1415 1595 1499 1661 Hinc

175 1703 240 1748 non
264 1682 384 1758 audeo,
416 1680 550 1746 Fabium
584 1681 775 1746 commissae
799 1680 978 1747 iniustitiae
1008 1681 1239 1759 condemnare,
1273 1704 1358 1765 quae
1388 1705 1499 1750 secum

176 1771 263 1837 ferat
287 1770 518 1853 obligationem
543 1769 652 1834 damni
676 1770 860 1853 reparandi,
885 1774 921 1836 at
943 1771 1138 1853 gravissime
1160 1771 1271 1836 laesae
1295 1773 1454 1839 caritatis.

264 1877 303 1943 R.
322 1879 352 1942 5.
391 1876 443 1941 Ex
460 1876 570 1941 codice
588 1876 696 1942 Germ.
713 1874 732 1957 ἕ
749 1878 813 1941 226
830 1875 961 1941 videtur
975 1877 1108 1958 gravior
1123 1877 1208 1943 ratio
1232 1882 1347 1943 eontra
1362 1878 1498 1944 Fabium

175 1986 303 2049 urgere.
335 1964 565 2048 Peragraphus
584 1964 647 2029 ills
657 1964 799 2047 denegat
815 1964 947 2031 cuilibet
962 1966 1153 2031 exercitium
1170 1965 1259 2043 iuris,
1284 1967 1370 2048 quod
1394 1968 1497 2033 solum

176 2055 273 2120 finem
296 2053 416 2120 habeat
440 2053 538 2119 alteri
560 2053 711 2118 damnum
742 2052 919 2132 inferendi,
951 2057 1050 2136 atque
1080 2055 1113 2120 in
1136 2054 1196 2121 tali
1219 2075 1297 2120 casu
1321 2057 1497 2122 secundum

176 2141 194 2224 ἓ
219 2145 283 2208 826
307 2141 554 2208 indemnitatem
585 2142 817 2226 praestandam
840 2141 986 2226 imponit.
1032 2142 1239 2227 Quapropter
1270 2143 1297 2208 si
1321 2144 1443 2211 Fabius
1465 2146 1498 2211 in

175 2233 226 2297 ius
258 2235 396 2297 vocatus
428 2231 469 2297 ad
501 2230 749 2296 indemnitatem
780 2230 911 2296 inimico
944 2230 1085 2296 dandam
1120 2233 1354 2299 condemnatus
1389 2233 1498 2307 fuerit.

177 2320 259 2386 hanc
283 2324 373 2386 certo
396 2319 430 2384 in
453 2319 653 2385 conscientie
676 2319 782 2385 debet.
829 2319 932 2386 Immo
956 2341 1072 2385 censeo
1096 2319 1129 2385 iu
1152 2321 1192 2386 iis
1215 2321 1305 2399 locis,
1330 2322 1385 2387 ubi
1408 2323 1500 2406 leges

176 2409 339 2475 dominum
362 2409 422 2476 tati
445 2408 514 2473 iure
537 2409 685 2492 privant,
714 2408 849 2474 Fabium
873 2409 973 2475 etiam
997 2413 1075 2475 ants
1098 2409 1212 2475 iudicis
1235 2411 1435 2477 sententiam
1459 2412 1500 2477 ad

177 2498 329 2564 damnum
352 2497 571 2580 reparandum
593 2497 708 2563 teneri.
756 2496 842 2562 Nem
867 2498 969 2573 ratio,
1001 2520 1059 2564 cur
1090 2499 1177 2564 aetio
1207 2498 1342 2565 fodendi
1365 2498 1499 2582 fossam,

177 2607 274 2668 quam
297 2587 360 2653 scit
382 2587 566 2653 transeunti
590 2586 838 2668 necquicquam
855 2586 1033 2670 suspicanti
1057 2587 1127 2652 fore
1150 2586 1183 2651 in
1207 2587 1344 2666 ruinam,
1369 2610 1412 2654 ex
1428 2611 1500 2656 sese

177 2697 240 2740 non
264 2675 309 2741 sit
332 2678 446 2740 contra
469 2674 639 2752 iustitiam,
664 2696 703 2740 ea
726 2679 788 2750 est,
812 2676 897 2757 quod
921 2675 1040 2740 Fabius
1063 2676 1096 2739 in
1120 2697 1239 2741 resne
1269 2697 1372 2759 agens
1397 2678 1500 2762 deque

177 2785 216 2830 ea
232 2763 406 2847 disponens
422 2785 500 2829 usus
516 2764 559 2830 sit
579 2763 649 2828 iure
665 2785 740 2839 su0;
765 2784 878 2829 verum
895 2763 959 2841 leur,
984 2768 1020 2829 ut
1036 2785 1138 2842 sumo,
1164 2786 1235 2830 eum
1261 2766 1321 2830 hoc
1337 2787 1399 2831 usu
1415 2773 1500 2834 tam·

177 2874 273 2935 quam
303 2853 373 2918 iure
398 2853 522 2936 privat;
557 2873 635 2934 ergo
667 2873 730 2917 nou
763 2852 828 2917 iam
861 2852 965 2919 ut'tur
996 2856 1067 2917 iure
1090 2876 1146 2919 suo
1170 2875 1208 2919 ac
1241 2855 1335 2938 proin
1365 2856 1500 2922 laedens

177 2943 316 3008 alterum
340 2946 455 3008 contra
477 2941 562 3006 hunc
586 2942 657 3023 agit
681 2943 805 3006 iniuste.

563 3167 675 3233 USUS
700 3166 816 3232 IURIS
841 3166 903 3230 AN
927 3167 1109 3234 ABUSUS.

732 3316 843 3383 Casus.
870 3323 946 3393 (207)

265 3459 382 3534 Lipsius
404 3478 606 3533 possessorem
629 3456 693 3531 agri
715 3456 805 3516 vicini
827 3457 893 3516 odio
908 3457 1101 3533 prosequitur.
1135 3458 1231 3528 Quare
1252 3465 1340 3516 utens
1361 3459 1426 3519 iure
1449 3481 1499 3518 suo

177 3539 328 3597 avertendi
357 3544 517 3597 torrentem
546 3557 639 3612 aquae
667 3557 685 3595 a
714 3557 767 3596 suo
795 3557 867 3612 agro
896 3536 1063 3612 superiore.
1093 3537 1142 3612 qui
1171 3539 1341 3614 ceteroquin
1370 3540 1499 3599 incultus

177 3618 270 3690 iacet,
298 3617 425 3676 rivulum
452 3619 496 3676 its
517 3617 631 3692 dirigit,
661 3623 694 3675 ut
720 3616 750 3675 in
780 3636 881 3692 agrum
903 3616 993 3675 vicini
1021 3616 1189 3675 inferiorem
1211 3636 1319 3692 magne
1340 3619 1370 3677 vi
1393 3620 1500 3680 defluat

177 3703 265 3772 atque
287 3704 404 3773 segetes
425 3698 510 3756 modo
532 3717 635 3756 caesas
657 3716 757 3755 secum
777 3697 875 3773 rapiat
897 3702 926 3755 et
946 3696 1058 3773 perdat.

178 3804 354 3874 Quunsrrus
389 3808 486 3861 utrum
514 3803 632 3880 Lipsius
663 3822 768 3861 revera
798 3802 861 3861 iure
893 3822 946 3860 suo
974 3821 1046 3860 usus
1075 3801 1131 3874 sit,
1170 3823 1208 3861 an
1237 3802 1335 3864 vicino
1365 3805 1498 3864 domnum

393 3883 507 3941 illatum
528 3883 674 3942 resarcire
696 3883 808 3942 debeat.

772 4065 907 4132 Solutio.

114 4233 167 4285 672
264 4206 317 4271 An
343 4228 533 4283 eunnsrruu
557 4207 595 4272 R.
626 4212 653 4272 l.
702 4207 883 4271 Secundum
917 4207 982 4271 cod.
1018 4209 1122 4271 Germ.
1157 4207 1190 4270 in
1222 4207 1390 4291 superiore
1424 4231 1499 4275 casu

176 4297 262 4361 laud.
288 4302 412 4362 certum
437 4300 488 4360 est
512 4295 655 4379 Lipsium
680 4301 795 4360 contre
819 4296 959 4360 vicinum
990 4317 1083 4358 suum
1116 4295 1235 4361 iniuste
1267 4298 1376 4378 egisse
1407 4300 1498 4382 eique

177 4387 217 4450 ad
242 4385 427 4468 reparanda
446 4385 565 4449 damna
589 4384 702 4450 teneri.
751 4385 859 4465 Atque
882 4385 930 4449 itu
953 4384 985 4447 in
1011 4384 1186 4448 universim
1210 4385 1381 4451 dicendum
1412 4395 1499 4471 puto.

177 4476 252 4556 quia
283 4477 368 4541 actio
399 4474 499 4557 Lipsii
530 4475 627 4554 longe
658 4473 763 4554 magis
794 4495 889 4554 quam
921 4473 1007 4537 actio
1039 4473 1131 4538 Fabii
1162 4475 1193 4537 in
1225 4476 1393 4557 superiore
1424 4498 1499 4542 essu

178 4589 274 4629 ceusu
303 4572 353 4630 est
384 4563 493 4628 damni
524 4562 630 4628 alieni.
679 4562 715 4625 In
746 4562 911 4644 superiore
942 4562 1026 4625 euim
1051 4583 1129 4626 casu
1159 4564 1372 4645 propinquior
1403 4588 1500 4631 causa

178 4653 285 4716 adsumi
309 4657 381 4717 erat
403 4652 476 4735 ipsa
499 4651 619 4715 inimici
643 4650 757 4715 illicita
781 4651 866 4715 actio
899 4651 1089 4715 transeundi
1121 4673 1178 4734 per
1201 4673 1317 4734 agrum
1342 4655 1499 4721 alienum:
