3106 5168
146 299 212 362 444
287 294 327 348 De
345 293 493 348 virtutibus
512 297 539 347 et
557 293 655 348 officiis
674 311 739 363 erga
757 295 888 349 homines.
906 324 942 334 -
961 294 1013 350 01³.
1032 295 1103 350 circa
1120 295 1191 350 bona
1208 297 1333 349 externa.

147 512 360 579 VENDITIO
373 511 459 578 PER·
470 511 1112 621 INTERMEDJUMffRoanuTAM
1126 512 1210 579 SEU
1220 497 1470 594 ,minuant

703 674 814 741 Casus.
842 681 918 751 (272)

237 814 383 873 Arsenius
405 813 513 873 artifex
534 833 587 890 per
601 814 730 873 Drusum
751 814 968 874 mandatarium
990 815 1089 873 studet
1109 814 1242 890 picturas
1256 814 1398 874 vendere.
1438 815 1472 874 In

148 894 272 970 quadam
304 895 461 954 occasione
490 913 543 970 pro
574 900 657 952 certa
687 894 802 970 pictura
831 895 928 954 Druso
959 896 1122 954 offeruntur
1150 895 1228 954 3000
1256 914 1312 954 mc.
1355 895 1472 954 Drusus

148 993 182 1033 sc
203 993 379 1034 consensum
401 974 507 1033 domini
533 973 579 1033 sui
606 974 766 1050 petiturum
789 994 855 1034 esse
876 974 962 1046 dicit;
992 975 1044 1034 sed
1066 994 1131 1033 cum
1152 974 1279 1050 pretium
1300 975 1393 1034 ducat
1420 995 1472 1052 pro

149 1061 290 1114 consueto
317 1055 474 1122 maiorem,
503 1054 618 1130 quaerit
645 1073 698 1130 per
725 1055 927 1131 telegraphum
957 1057 995 1114 ab
1015 1055 1158 1123 Arsenio,
1187 1074 1258 1113 num
1281 1054 1402 1132 pictura
1423 1056 1472 1114 illa

148 1135 264 1193 venalis
285 1135 326 1194 sit
346 1154 399 1211 pro
421 1136 499 1193 2500
521 1154 575 1194 mc.
617 1133 756 1193 Curicum
776 1135 921 1194 Arsenius
942 1136 1106 1204 annuisset,
1128 1134 1273 1213 picturam
1295 1135 1402 1194 vendit
1421 1155 1472 1212 pro

148 1215 243 1292 pretio
265 1217 364 1291 obluta
385 1215 441 1274 sibi
463 1217 520 1273 500
542 1234 595 1273 mc.
617 1215 758 1275 retinens.

148 1319 326 1391 Qusaarrun
348 1323 376 1379 1ο
401 1340 476 1396 quaa
497 1321 705 1460 gagudatarius
726 1319 757 1379 in
778 1321 926 1399 emptione
947 1327 978 1380 et
998 1321 1169 1381 venditione
1190 1320 1354 1381 universim
1376 1323 1472 1381 obser·

402 1420 473 1460 vare
516 1421 532 1460 a
553 1406 611 1460 eat.

348 1493 377 1548 2ο
402 1490 570 1581 potueritne
590 1490 721 1581 Drusus,
750 1509 816 1549 cum
837 1492 916 1549 3000
936 1509 991 1550 mc.
1019 1511 1072 1567 pro
1100 1490 1196 1568 pretio
1224 1490 1316 1550 nimio
1340 1491 1470 1561 haberet,

403 1571 592 1629 nihilominus
613 1570 685 1628 lllud
707 1570 850 1647 accipere.

349 1660 379 1717 3⁰
405 1678 454 1718 ars
474 1658 539 1728 illa,
562 1679 620 1735 qua
641 1659 698 1718 sibi
718 1660 831 1718 lucrum
853 1659 1082 1735 comparaverit,
1105 1660 1233 1719 fueritne
1254 1659 1348 1730 iusta,
1373 1678 1413 1718 an
1431 1658 1469 1718 in·

402 1739 482 1798 iusta
503 1758 556 1798 seu
578 1759 644 1798 cum
665 1739 861 1798 restitutionis
884 1739 1065 1814 obligatione
1086 1739 1251 1799 coniuncta.

743 1920 879 1988 Solatia.

89 2078 140 2132 875
240 2061 293 2126 An
309 2081 500 2137 qusasrruu
519 2065 555 2125 1⁰
571 2061 611 2128 R.
631 2065 658 2126 l.
676 2062 912 2138 Mandatarius,
929 2062 999 2128 sive
1015 2062 1121 2145 gratis
1137 2062 1207 2127 sive
1223 2083 1282 2145 pro
1298 2061 1469 2128 honorario

151 2171 268 2216 munus
298 2172 391 2215 suum
425 2150 585 2233 suscepit,
626 2171 669 2214 ex
699 2156 868 2217 contractu
905 2151 985 2216 illud
1022 2151 1162 2216 fideliter
1197 2151 1335 2234 implere
1368 2151 1470 2217 debat.

151 2239 269 2305 Munus
293 2243 403 2304 autem
426 2240 458 2303 in
483 2260 521 2304 eo
546 2244 606 2316 est,
632 2243 668 2304 ut
691 2241 858 2322 negotium
882 2240 943 2305 sibi
967 2240 1198 2306 demandatum
1227 2239 1361 2306 nomine
1384 2261 1471 2305 man·

152 2330 260 2395 dantis
284 2333 384 2410 atque
407 2349 465 2412 pro
490 2349 528 2392 eo
553 2328 727 2409 diligenter
750 2333 889 2405 tractet,
920 2351 984 2394 non
1017 2329 1124 2394 minus
1154 2350 1251 2410 quam
1284 2329 1312 2394 si
1345 2329 1472 2414 proprio

152 2418 280 2483 nomine
304 2421 429 2499 ageret.

240 2523 279 2588 R.
305 2526 334 2588 2.
382 2522 545 2606 Imprimis
568 2521 669 2603 igitur
691 2523 896 2589 voluntatem
920 2524 1106 2590 mandantis
1136 2523 1198 2589 sibi
1227 2523 1474 2591 manifestatam

152 2611 287 2694 exsequi
311 2612 407 2678 debet
430 2612 483 2677 vel
506 2632 566 2695 pro
590 2611 704 2693 regula
727 2612 864 2687 habere;
895 2612 1037 2694 alioquin
1065 2634 1124 2696 pro
1155 2611 1279 2678 maiore
1309 2613 1474 2678 minoreve

152 2701 313 2766 facultate
336 2700 397 2765 sibi
422 2721 442 2765 a
465 2701 642 2765 mandante
666 2721 821 2765 concessa
844 2702 935 2782 sequi
952 2701 1049 2767 debet
1064 2701 1134 2767 eius
1150 2702 1358 2768 voluntatem
1374 2702 1473 2768 inter-

152 2789 352 2873 pretativam
391 2811 448 2854 seu
488 2789 727 2854 rationabiliter
762 2793 1006 2873 praesumptam
1041 2792 1090 2855 vel
1127 2812 1199 2855 eam
1235 2795 1314 2856 ante
1351 2789 1471 2873 negotii

152 2878 383 2945 tractationem
410 2878 592 2961 explorare.

198 3022 205 3045 ,
242 2968 305 3031 Per
327 2990 362 3032 se
387 2973 497 3033 autem
520 2970 614 3050 patet
636 2988 708 3032 eum
740 2988 914 3048 numquam
938 2968 986 3032 ita
1013 2968 1216 3032 commodum
1240 2972 1275 3032 et
1298 2968 1474 3034 utilitatem

153 3056 340 3123 mandantis
363 3055 516 3140 prosequi
539 3077 650 3138 posse,
685 3061 720 3121 ut
753 3056 892 3120 iniustus
920 3059 978 3122 fiat
1007 3077 1087 3136 erga
1111 3055 1202 3120 alios.
1249 3056 1370 3139 Neque
1394 3056 1473 3121 enim

152 3146 200 3212 ita
224 3145 356 3229 propria
379 3145 512 3225 negotia
536 3166 650 3209 curare
675 3144 824 3226 cuiquam
848 3145 934 3209 licet.

91 3276 143 3328 876
242 3261 294 3324 An
318 3281 510 3335 qusasrruu
535 3263 572 3323 2¹²¹
596 3259 634 3324 R.
656 3262 683 3324 1.
721 3260 752 3323 Si
777 3264 932 3340 ageretur
962 3259 1002 3323 de
1031 3258 1136 3341 pretio
1160 3258 1246 3325 iusto
1270 3259 1399 3324 maiore
1423 3259 1475 3323 ob·

154 3349 222 3414 lato
247 3351 287 3414 ab
312 3350 441 3414 homine
465 3349 629 3431 imperito,
662 3349 716 3429 qui
740 3352 871 3430 putaret
896 3348 943 3411 rei
966 3348 1074 3412 venali
1104 3347 1235 3428 aliquod
1258 3347 1371 3412 inesse
1395 3347 1476 3430 quod

154 3459 217 3502 non
251 3438 353 3504 inest:
389 3439 444 3501 ille
483 3442 571 3502 certe
603 3437 787 3502 edocendus
818 3443 921 3511 esset;
960 3437 1102 3517 alioquin
1135 3435 1402 3502 committeretur
1433 3437 1477 3499 in·

154 3526 289 3594 iustitia.
338 3528 458 3590 Verum
483 3526 514 3590 id
539 3527 571 3590 in
596 3530 708 3590 nostro
733 3546 811 3590 casu
835 3525 991 3589 accidisse
1015 3525 1202 3589 nullatenus
1226 3524 1387 3591 innuitur.

244 3632 282 3698 R.
309 3636 338 3697 2.
386 3633 463 3696 Cum
489 3636 609 3713 agatur
633 3632 673 3695 de
697 3652 742 3707 re,
768 3630 858 3694 cuius
874 3632 1014 3713 pretium
1031 3631 1117 3695 inter
1140 3630 1261 3695 limites
1278 3631 1379 3695 valde
1396 3632 1478 3696 latas

154 3721 346 3793 includitur,
378 3722 504 3784 Drusus
534 3741 613 3783 sane
651 3720 759 3784 dicere
789 3720 846 3782 vix
883 3724 993 3801 potest
1024 3740 1194 3782 excessum
1226 3720 1281 3783 vel
1314 3719 1477 3785 deiectum

156 3810 331 3873 500-800
355 3830 537 3872 marcarum
562 3808 692 3872 efficere
724 3808 865 3891 pretium
896 3810 1058 3872 iniustum.
1105 3806 1240 3883 Quando
1272 3807 1379 3889 igitur
1409 3828 1479 3891 pre·

154 3898 236 3962 tium
260 3901 392 3977 reputat
416 3901 559 3974 utorium,
584 3897 714 3961 videtur
737 3897 938 3960 solummodo
956 3896 989 3959 id
1009 3897 1115 3960 dicere
1132 3896 1217 3959 velle
1234 3899 1269 3959 et
1285 3918 1396 3979 posse,
1422 3898 1480 3961 sibi

154 4007 222 4051 rem
254 3985 342 4048 illam
374 4006 436 4047 non
461 3985 545 4048 tanti
569 3986 678 4049 valere
709 4007 813 4065 neque
841 4005 876 4048 se
901 3989 1027 4049 tantum
1058 4006 1117 4066 pro
1148 4005 1188 4048 ea
1212 4006 1371 4065 umquam
1396 3986 1480 4049 solu·

154 4081 263 4141 turum
281 4094 362 4138 esse.
403 4074 492 4148 Quod
517 4096 580 4136 non
604 4074 748 4156 impedit,
774 4073 944 4154 quominus
967 4074 1106 4155 pretium
1131 4075 1387 4139 conventionale
1411 4094 1479 4138 cum

155 4165 259 4228 altero
284 4168 431 4245 emptore
455 4163 669 4226 conventione
686 4162 963 4226 determinandum
988 4166 1116 4226 tautum
1141 4183 1213 4226 esse
1237 4164 1356 4243 possit.
1398 4163 1481 4239 Qua·

155 4258 290 4335 propter
313 4253 340 4315 si
372 4256 515 4334 emptor,
548 4251 641 4314 horna
666 4273 729 4315 non
753 4251 937 4333 imperitus,
963 4272 1033 4314 earn
1058 4272 1218 4314 summam
1243 4252 1361 4329 offert,
1394 4272 1481 4316 scru-

155 4340 264 4423 pulum
291 4341 330 4404 do
354 4340 515 4405 iniustitia
537 4340 598 4402 sibi
622 4340 731 4403 facere
755 4361 819 4402 nou
844 4339 949 4402 debet.

94 4464 145 4518 877
245 4456 297 4517 Aa
322 4475 511 4530 outtasrrnu
544 4456 582 4516 3¹⁰
613 4453 650 4515 a.
680 4457 705 4516 l.
753 4453 865 4516 Videri
896 4458 1004 4535 potest
1028 4455 1154 4517 Drusus
1184 4455 1397 4520 voluntatem
1420 4454 1481 4518 Ar·

157 4542 237 4605 senii
268 4545 452 4608 mandantis
483 4542 564 4607 satis
595 4542 784 4623 explorasse
815 4547 848 4607 et
879 4543 906 4605 ei
933 4543 1147 4616 satisfecisse,
1181 4543 1208 4605 si
1235 4546 1331 4607 2500
1356 4563 1481 4608 marcas

157 4629 294 4695 Arsenio
318 4635 434 4699 solvat.
483 4632 639 4698 Attamen
664 4631 695 4693 in
720 4652 755 4694 se
778 4631 809 4693 id
834 4630 950 4693 falsum
976 4653 1048 4695 esse
1072 4631 1241 4706 existima,
1268 4632 1331 4697 nisi
1358 4635 1481 4697 Drusus
