3106 5168
383 275 518 330 Bonorum
536 276 705 346 privatorum
723 277 867 345 acquisitio
886 305 921 315 -·-
939 279 1063 330 inventio.
1323 281 1386 345 307

62 449 192 517 domino
221 472 286 517 non
316 458 513 536 apparente,
545 474 604 537 per
633 453 772 519 iudicem
797 472 866 518 rem
890 452 950 518 sibi
974 452 1195 520 adiudicatum
1218 453 1388 539 receperit,

62 541 96 604 in
119 539 320 611 conscientia
343 541 442 607 etiam
466 541 575 608 factus
598 546 651 608 est
672 541 831 619 dominus,
856 562 924 607 rem
947 542 981 607 in
1004 563 1081 608 suos
1101 563 1180 607 usus
1203 548 1314 626 potest
1328 544 1389 608 im-

61 629 205 713 pendere
234 650 340 712 neque
370 631 545 712 quidquam
576 630 705 695 domino
736 634 852 714 postea
882 630 1024 696 fortasse
1051 632 1224 715 apparenti
1248 633 1388 699 debebit.

152 734 192 802 R.
217 738 247 802 2.
293 735 353 812 Qui
377 738 491 822 lapelee
514 737 626 802 modos
650 735 835 801 inveniendi
859 735 980 801 demini
1003 757 1067 801 non
1090 736 1248 815 adhibuit,
1275 737 1391 803 habuit

62 829 175 889 tamen
193 827 343 890 moralem
361 827 568 909 dilipentiem,
592 825 625 889 in
642 825 842 890 conscientia
858 825 986 906 quidem
1010 829 1086 909 post
1108 825 1237 908 longius
1260 830 1391 910 tempus

62 917 174 996 potest
196 913 297 978 dere
320 918 358 979 ut
373 914 413 978 de
429 936 488 980 sua
504 914 692 998 disponere3
717 935 830 979 verum
853 935 928 980 raro
953 918 1030 979 ante
1052 919 1182 998 tempus
1205 914 1390 980 ordinariae

62 1001 344 1085 praesumptionis:
369 1007 470 1084 atque
489 1003 587 1070 etiam
610 1008 736 1087 postea,
761 1003 788 1068 ei
812 1024 854 1067 ex
877 1002 1045 1086 inopinato
1066 1003 1215 1068 dominus
1231 1008 1391 1088 appareat

63 1099 92 1155 et
114 1091 207 1173 leges
230 1090 259 1155 ei
283 1092 453 1158 etiamtum
476 1091 527 1156 ius
546 1113 615 1157 11111
632 1113 724 1157 suam
741 1093 802 1157 sibi
818 1091 1003 1157 vindicandi
1019 1091 1175 1170 tribuant,
1199 1113 1267 1158 rem
1285 1092 1390 1158 adbuc

63 1184 252 1245 exstantem
276 1181 328 1244 vel
358 1181 391 1245 in
416 1200 478 1262 quo
503 1181 656 1247 inventor
680 1181 777 1247 ditior
800 1181 960 1259 evaserit,
991 1180 1128 1247 reddere
1150 1185 1291 1249 tenetur.
1338 1181 1390 1246 Ad

62 1268 219 1334 maiorem
250 1274 361 1334 autem
390 1268 637 1336 indemnitatem
669 1291 733 1335 non
762 1275 910 1349 tenetur,
942 1269 1003 1336 uisi
1034 1270 1122 1337 forte
1151 1270 1192 1335 ob
1221 1270 1390 1336 iuridioam

63 1357 194 1441 eulpam
217 1378 238 1422 a
260 1358 366 1423 iudice
390 1359 431 1423 ad
455 1359 487 1423 id
511 1359 752 1426 condemnetur.

152 1455 193 1521 R.
218 1457 248 1520 3.
296 1456 379 1521 Sunt
409 1455 537 1537 quidem
569 1456 623 1539 qui
653 1460 770 1540 putent
799 1477 867 1521 rem
898 1456 1083 1535 inventam,
1114 1456 1142 1521 si
1170 1457 1317 1522 dominus
1340 1456 1452 1526 111-603

64 1543 169 1608 veniri
198 1549 357 1625 nequeat,
387 1545 584 1628 pauperibus
611 1567 683 1610 esse
707 1546 972 1613 distribuendam.
1020 1545 1141 1611 Verum
1165 1545 1197 1610 id
1228 1546 1391 1611 laudabile

64 1633 195 1714 quidem
220 1637 280 1710 est,
305 1633 462 1715 obligatio
486 1655 550 1698 uon
574 1639 633 1701 est.
667 1635 752 1700 Nam
775 1635 833 1700 illa
857 1634 965 1719 opinio
988 1634 1142 1718 supponit
1168 1633 1199 1716 1)
1219 1634 1302 1699 hanc
1319 1655 1392 1700 esse

65 1721 187 1786 domiui
211 1723 414 1788 voluntatem
439 1723 641 1806 implicitam,
667 1725 700 1803 2)
724 1745 793 1789 reni
817 1724 976 1789 mansisse
1000 1725 1171 1790 etiamtum
1192 1724 1225 1788 iu
1249 1723 1391 1789 dominio

65 1811 183 1894 prioris
206 1812 413 1894 possessoris
446 1812 587 1889 Quorum
612 1817 762 1878 neutrum
786 1820 897 1896 potest
918 1813 1032 1878 evinci.
1069 1813 1154 1879 Utut
1177 1813 1324 1878 homines
1347 1812 1392 1897 pii

65 1901 247 1981 generatim
278 1901 310 1964 id
342 1904 489 1985 cupiunt,
521 1906 557 1968 ut
586 1923 640 1967 ree
662 1901 738 1967 illae
762 1902 951 1968 deserviant
979 1903 1192 1986 pauperibus,
1225 1923 1281 1967 eos
1308 1903 1392 1967 hanc

65 1988 250 2054 absolutam
274 1990 476 2055 voluntatem
501 1991 621 2056 habere
645 1991 741 2074 idque
766 1994 888 2056 excluso
910 1995 1084 2072 1111111111,
1117 1991 1292 2057 difficulter
1315 2012 1392 2075 pro·

65 2077 173 2144 batur.
205 2077 267 2143 Vel
290 2078 388 2144 immo
412 2080 440 2144 si
464 2080 495 2145 id
519 2082 723 2164 probaretur,
748 2080 840 2146 deest
864 2079 958 2158 ratio,
983 2102 1041 2145 eur
1063 2079 1143 2145 haec
1167 2080 1318 2145 voluntas
1342 2080 1392 2145 in·

66 2171 235 2233 ventorem
264 2168 369 2250 ligare
400 2169 527 2235 debeat.
574 2169 660 2235 Nam
691 2190 729 2235 eo
759 2169 830 2253 ipso
861 2169 1052 2252 quodspes
1077 2168 1320 2252 recuperandae
1344 2168 1392 2234 rei

66 2255 233 2322 exstincta
262 2257 320 2333 111,
353 2257 484 2324 videtur
512 2261 706 2324 naturaliter
732 2257 898 2340 exstingui
921 2257 1026 2341 ipsum
1049 2257 1099 2322 ius
1122 2278 1181 2322 seu
1204 2258 1391 2336 dominium,

67 2344 225 2428 siquidem
249 2346 369 2410 nullius
392 2347 531 2430 amplius
555 2347 709 2413 utilitatis
733 2352 793 2414 est.
840 2346 887 2413 uf.
917 2347 973 2413 lb.
998 2370 1037 2412 11.
1062 2346 1087 2423 Ι,
1113 2349 1187 2414 916.

155 2469 209 2534 Au
232 2489 423 2544 1111111111
448 2473 486 2534 3¹¹¹
514 2471 603 2537 111.
651 2470 850 2537 Deliberatio
874 2471 950 2547 illa,
975 2470 1060 2536 sitne
1083 2469 1249 2535 reddenda
1272 2490 1325 2534 res
1348 2476 1454 2534 11604

66 2557 276 2636 occultanda,
309 2580 350 2623 ex
380 2580 415 2623 se
443 2564 515 2624 erat
544 2560 787 2642 peccaminosa;
819 2565 853 2625 et
876 2580 912 2624 11
935 2579 1129 2624 1111111111
1152 2558 1318 2625 11111111
1341 2558 1390 2623 in·

67 2646 261 2728 vestigando
286 2647 414 2713 domino
437 2647 469 2712 in
494 2648 544 2712 his
568 2647 821 2716 circumstantiis
852 2669 893 2713 ex
917 2653 1036 2714 natura
1065 2669 1125 2713 sua
1151 2653 1231 2732 apta
1254 2652 1327 2714 erat
1349 2649 1391 2713 ad

66 2734 282 2800 inducendum
307 2737 436 2802 domino
460 2758 562 2818 grave
586 2738 755 2812 damnum,
789 2736 1084 2821 impossibilitatem
1109 2737 1233 2804 scilicet
1256 2757 1391 2820 recupe-

67 2825 191 2889 randae
214 2825 261 2889 rei
285 2846 373 2891 suae.
389 2826 572 2891 —Verum
596 2827 677 2891 haec
701 2827 891 2892 deliberatio
915 2826 1022 2910 potuit
1045 2847 1117 2892 esse
1141 2827 1233 2908 quasi
1256 2826 1391 2890 instinc-

67 2914 138 2979 tiva
167 2934 273 2995 neque
302 2915 398 2998 plene
423 2915 525 2980 libera
547 2915 601 2980 vel
624 2915 811 2998 culpabilis:
843 2917 927 2997 quod
952 2915 1082 2981 videtur
1104 2915 1295 2980 sumendum
1319 2935 1392 2979 esse

66 3002 99 3066 in
123 3008 236 3068 nostro
260 3025 348 3081 casu,
374 3026 447 3068 cum
463 3005 551 3069 Cuuo
576 3004 665 3069 brevi
689 3010 765 3088 post
787 3025 824 3068 re
842 3005 913 3088 ipsa
930 3003 1198 3087 circumspexerit
1214 3005 1255 3068 ad
1272 3024 1391 3085 cogno·

67 3091 221 3156 scendum
246 3092 416 3159 dominum.

156 3189 195 3255 R.
221 3193 250 3256 2.
293 3191 414 3256 Debuit
437 3190 644 3255 nihilominus
668 3191 767 3257 etiam
791 3195 906 3273 postea
930 3190 1040 3256 lacere
1063 3188 1314 3273 inquisitionem,
1340 3192 1391 3253 11·

68 3298 130 3359 que
160 3279 259 3345 etiam
290 3280 452 3362 publicam
483 3280 763 3345 annuntiationem
787 3281 885 3361 (quae
916 3284 1043 3357 tamen,
1074 3279 1102 3343 si
1125 3278 1241 3344 fuisset
1265 3298 1392 3342 summa

67 3367 192 3448 aliquot
218 3372 347 3435 1111111
372 3390 554 3434 marcarum
578 3369 728 3445 inventa,
760 3368 978 3452 praetermitti
1001 3368 1132 3452 potuit).
1179 3366 1392 3449 Inquisitione

68 3457 192 3521 frustra
207 3457 307 3535 11111,
324 3458 494 3541 pecuniam
511 3463 640 3541 poterat
656 3458 797 3523 retinere
814 3462 848 3523 et
864 3458 1057 3541 expendere,
1074 3461 1264 3522 remanente
1279 3460 1391 3523 tamen

67 3565 125 3627 per
141 3545 271 3627 aliquod
288 3550 416 3629 tempus
432 3569 531 3612 onere
546 3547 701 3612 reddendi
717 3568 886 3625 summam,
910 3547 937 3611 si
954 3547 1041 3612 sorte
1056 3545 1205 3611 domiuus
1221 3550 1390 3629 appareat.

156 3651 195 3718 R.
220 3655 249 3719 3.
296 3652 408 3729 Quoad
432 3657 606 3718 sectandum
630 3676 747 3718 111111.
797 3655 829 3733 1)
860 3653 1022 3728 siduno,
1054 3672 1126 3716 curn
1151 3651 1315 3736 acciperet
1338 3653 1454 3719 ve1605

67 3761 139 3804 cum
156 3746 306 3807 servaret
322 3747 453 3820 sortem,
476 3742 590 3809 habuit
605 3743 819 3809 intentionem
836 3741 984 3807 solvendi
1000 3740 1139 3826 pretium
1157 3741 1265 3818 sortis,
1281 3746 1393 3825 potest

70 3834 192 3895 sertem
219 3829 308 3896 illam
333 3841 368 3896 ut
390 3855 481 3896 eitum
506 3832 712 3897 considerare
736 3837 770 3897 et
793 3833 917 3896 lucrum
942 3832 1101 3897 retinere:
1132 3829 1289 3912 siquidem
1313 3851 1392 3896 ven·

68 3919 154 3984 ditor
176 3919 290 3985 habuit
306 3920 511 3986 voluntatem
533 3922 641 4003 potius
665 3921 824 3986 vendendi
849 3941 960 3986 omnes
984 3924 1090 3986 sortes
1107 3940 1202 4002 quam
1219 3919 1390 3986 retinendi.

68 4008 202 4074 Solvere
229 4012 339 4074 tamen
364 4010 548 4075 etiamnunc
572 4011 669 4076 debet
698 4010 838 4093 pretium
861 4009 969 4075 sortis.
1000 4047 1044 4056 —
1078 4009 1111 4089 2)
1143 4009 1176 4074 Si
1200 4009 1288 4074 Cuno
1312 4029 1392 4073 veu-

68 4097 206 4163 diterem
230 4120 294 4163 non
312 4099 465 4181 cognovit
481 4100 627 4180 adeoque
644 4099 733 4164 adire
749 4121 813 4164 non
835 4098 953 4182 potuit,
979 4098 1109 4164 videtur
1124 4097 1224 4163 etiem
1247 4096 1392 4181 potuisse

69 4187 210 4254 retinere
233 4192 355 4255 sortem
380 4193 413 4254 et
436 4189 528 4272 proin
552 4189 676 4253 lucrum
701 4193 858 4265 secutum,
884 4188 1033 4253 detracto
1051 4192 1162 4252 tamen
1178 4208 1263 4251 nunc
1286 4185 1391 4269 pretio

68 4276 176 4343 sortis.
193 4316 237 4325 -
254 4279 287 4357 3)
304 4278 338 4344 Si
356 4299 432 4343 vere
449 4280 547 4355 Onne,
573 4279 704 4360 cognito
721 4278 900 4355 venditore,
925 4276 1018 4358 quasi
1042 4296 1100 4360 per
1122 4276 1244 4340 furtum
1269 4278 1390 4339 sortem

67 4365 217 4443 retinuit,
250 4366 419 4431 dicendum
448 4372 515 4445 est,
547 4389 620 4432 eum
651 4366 826 4432 dominium
856 4366 955 4432 sortis
978 4386 1153 4447 numquam
1180 4363 1392 4444 acquisivisse

68 4475 173 4536 neque
202 4456 327 4520 lucrum
358 4477 430 4520 eum
458 4478 554 4540 posse
577 4456 729 4522 retinere.
776 4456 924 4520 Reddere
946 4455 1027 4519 illud
1052 4454 1157 4519 debet.
1205 4452 1267 4517 Sed
1292 4471 1391 4531 quae·

67 4543 166 4622 ritur,
192 4549 253 4611 cui.
300 4545 384 4611 Puto
408 4546 525 4611 debere
550 4546 640 4610 reddi
663 4546 827 4610 venditori
849 4544 997 4620 sortium,
1022 4542 1077 4624 qui
1101 4543 1239 4607 libenter
1262 4538 1391 4621 quidem

68 4638 190 4698 1111111
214 4634 424 4712 vendidisset,
450 4634 506 4699 sed
531 4656 615 4699 nunc
639 4635 723 4699 bena
746 4634 878 4699 fortuna
902 4653 961 4697 111
985 4652 1044 4696 111
1068 4630 1214 4696 vendidit
1236 4648 1296 4693 nec
1312 4647 1393 4692 ven·

1119 4735 1175 4788 20*
