3106 5168
557 1092 631 1174 DE
660 1091 924 1178 PECOATO.

260 1311 580 1378 ADVERTENTIA
603 1312 664 1377 AD
687 1312 921 1380 PEOCATUM
943 1312 1225 1381 NECESSARIA.

644 1470 755 1537 Casus.
783 1477 842 1547 (ar)

168 1610 315 1686 Didymus
336 1608 380 1669 sic
400 1609 609 1670 ratiocinatur:
632 1610 792 1669 Peccatum
811 1610 929 1688 proprie
944 1611 1054 1669 dictum
1068 1615 1114 1670 est
1127 1611 1296 1670 voluntaria
1310 1617 1405 1671 trans·

76 1691 194 1766 gressio
220 1689 296 1766 legis
317 1689 451 1762 divinae;
480 1695 513 1749 at
539 1690 672 1749 infideles
694 1691 788 1750 Deum
809 1690 921 1768 Deique
941 1690 1037 1766 legem
1057 1690 1212 1766 ignorant;
1241 1710 1311 1767 ergo
1339 1711 1405 1770 pec·

77 1776 178 1830 catum
207 1771 324 1847 proprie
346 1770 455 1830 dictum
483 1790 541 1829 non
570 1771 772 1843 committunt,
801 1771 870 1847 quia
897 1771 971 1830 nihil
998 1777 1045 1830 est
1069 1770 1209 1843 volitum,
1237 1771 1296 1832 nisi
1323 1792 1405 1850 prae

77 1851 240 1926 cognitum.

169 1932 214 1990 De
241 1930 376 1990 fidelibus
404 1936 502 1989 autem
530 1931 647 1990 omnino
678 1930 811 1991 severius
839 1930 967 1990 iudicat:
999 1930 1110 1990 sufficit
1139 1931 1299 1991 habitualis
1329 1933 1405 2008 legis

78 2011 198 2071 divinae
227 2010 410 2088 prohibentis
438 2011 576 2086 cognitio.
618 2011 698 2069 Hinc
725 2011 756 2069 in
777 2011 912 2071 omnibus
935 2010 1017 2070 hisce
1038 2011 1158 2070 casibus
1179 2012 1244 2071 sine
1265 2013 1405 2072 ulteriore

77 2091 287 2168 disquisitione
308 2091 428 2150 damnat
449 2090 589 2167 Carpum,
618 2091 665 2166 qui
688 2092 719 2163 a)
740 2096 830 2150 antea
850 2091 1025 2150 libidinosae
1046 2092 1126 2151 vitae
1148 2092 1277 2164 deditus,
1304 2092 1405 2151 etiam·

77 2191 158 2231 nunc
180 2171 290 2230 diutius
310 2190 422 2248 pravae
443 2171 617 2246 cogitationi
639 2176 669 2229 et
690 2170 878 2230 delectationi
899 2171 1043 2244 inhaesit3
1074 2172 1105 2246 b)
1133 2173 1259 2231 affectus
1285 2172 1348 2232 irae
1375 2177 1406 2233 et

76 2251 209 2311 invidiae
223 2256 321 2310 mente
335 2251 438 2322 volvit,
461 2252 489 2326 c)
510 2271 603 2329 nuper
617 2251 773 2311 subitanea
789 2252 833 2310 ira
848 2253 1046 2311 exardescens
1065 2251 1098 2310 in
1111 2253 1180 2312 ludo
1195 2253 1320 2312 alterurn
1341 2272 1405 2330 per·

78 2332 183 2402 cussit,
206 2332 236 2405 d)
257 2331 475 2391 inconsiderate
496 2332 594 2391 iurare
609 2332 774 2404 consuerit,
795 2331 882 2409 idque
903 2331 1059 2409 aliquoties
1074 2333 1163 2392 etiarn
1184 2332 1248 2392 sine
1262 2333 1404 2411 veritate;

77 2414 107 2486 e)
130 2412 223 2471 semel
238 2412 284 2471 die
299 2412 446 2471 dominica
467 2431 505 2471 ex
526 2413 716 2488 neglegentia
735 2411 851 2471 distulit
865 2412 985 2472 Sacrum
1008 2413 1110 2472 audire
1130 2432 1223 2488 usque
1245 2414 1282 2472 ad
1303 2414 1406 2472 horam

78 2492 297 2564 duodecimam,
325 2511 391 2551 cum
412 2492 509 2551 subito
531 2493 614 2551 audit
634 2493 723 2552 istam
744 2512 841 2552 seram
862 2492 983 2551 Missam
1008 2494 1066 2552 iam
1088 2513 1106 2551 a
1126 2494 1221 2552 medio
1243 2495 1306 2552 fere
1327 2513 1405 2554 anno

78 2592 227 2643 cessasse,
248 2573 380 2631 ultimam
401 2572 525 2632 Missam
546 2592 625 2631 nunc
646 2592 714 2633 esse
734 2573 808 2632 hora
829 2573 992 2633 undecima.

77 2678 258 2749 Quasarrua
280 2681 308 2736 1⁰
334 2697 477 2754 quaenam
500 2678 630 2754 cognitio
652 2683 682 2738 et
703 2679 889 2738 advertentis
909 2679 1077 2756 requiratur
1098 2679 1134 2738 ad
1156 2685 1319 2756 peccatum,
1341 2700 1406 2757 spe·

331 2759 432 2817 ciatim
453 2758 489 2816 ad
510 2764 665 2835 peccatum
687 2760 820 2819 mortale.

277 2848 308 2906 2ο
333 2847 401 2923 quid
422 2847 576 2906 dicendum
599 2849 639 2906 sit
660 2848 695 2906 de
716 2847 824 2908 indicio
845 2848 972 2924 Didymi.

677 3015 812 3082 Salutio.

169 3157 222 3220 An
246 3176 436 3232 qoaasrruu
464 3161 500 3222 1¹²¹
523 3157 563 3223 R.
589 3160 617 3224 1.
664 3156 716 3221 Ad
740 3156 908 3238 quodlibet
935 3160 1105 3240 peccatum
1129 3156 1239 3240 aliqua
1262 3157 1405 3240 cognitio
1417 3168 1467 3223 133

77 3249 112 3311 et
136 3244 346 3311 advertentis
360 3246 500 3311 actualis
522 3245 714 3328 requiritur:
739 3250 886 3312 attamen
910 3245 1032 3312 sufficit
1054 3245 1248 3330 imperfecta
1271 3251 1305 3312 et
1328 3268 1405 3312 oon-

78 3335 163 3401 fusa.
210 3334 301 3410 Quod
325 3333 372 3400 ita
395 3357 508 3400 verum
532 3340 599 3412 eet,
632 3339 669 3401 ut
698 3335 732 3399 in
762 3334 870 3418 rigore
900 3339 991 3401 recte
1015 3356 1080 3400 non
1104 3335 1231 3401 dicatur
1254 3335 1406 3403 sufficere

79 3423 121 3489 ad
145 3423 406 3489 constituendum
431 3428 612 3508 peccatum,
637 3430 674 3491 ut
697 3445 798 3507 agens
815 3424 906 3489 —id
925 3426 1010 3508 quod
1034 3424 1134 3507 aliqui
1157 3425 1273 3491 volunt
1287 3461 1332 3470 -
1346 3447 1405 3510 po·

78 3513 181 3578 tuerit
204 3516 238 3578 et
254 3513 403 3580 debuerit
430 3513 617 3589 attendere;
642 3513 704 3578 nisi
728 3514 788 3579 hoc
811 3514 906 3578 modo
931 3513 1135 3597 exprimatur
1158 3534 1237 3580 vere
1261 3514 1406 3581 adfuisse

79 3602 243 3668 actualem
267 3603 410 3684 aliquam
434 3603 673 3669 advertentiam
698 3602 739 3667 ad
763 3603 995 3685 obligationem
1018 3602 1151 3669 maioris
1174 3605 1324 3670 cautelae
1347 3605 1405 3670 ad·

79 3691 256 3757 bibendae:
282 3691 367 3774 quod
391 3713 470 3757 sane
493 3692 625 3759 sufficit.
678 3693 734 3758 lb.
757 3716 798 3758 sn.
822 3693 847 3770 I,
873 3695 947 3758 232.

168 3798 207 3865 R.
234 3800 264 3865 2.
310 3798 362 3863 Ad
391 3802 562 3882 peccatum
585 3798 714 3863 veniale
743 3797 865 3864 sufficit
889 3797 1054 3879 quaelibet
1083 3796 1183 3863 etiam
1212 3797 1406 3881 imperfecta

79 3888 223 3955 attentio
247 3887 288 3952 ad
312 3886 471 3953 malitiam
494 3892 668 3970 utcumque
693 3887 938 3970 deprehensam.

170 3994 209 4060 R.
234 3996 264 4060 3.
311 3993 363 4058 Ad
393 3998 561 4076 peccatum
593 3992 732 4058 mortale
763 4014 827 4057 non
857 3993 961 4058 solum
985 3991 1147 4057 obiectum
1177 3992 1210 4057 in
1240 4014 1276 4058 ee
1302 4014 1406 4076 mave

79 4083 267 4165 requiritur,
291 4082 349 4147 sed
365 4082 465 4148 etiam
481 4088 549 4149 tum
566 4083 664 4166 plena
688 4086 722 4147 et
744 4081 893 4166 perfecta
908 4081 1048 4148 attentio
1072 4083 1113 4146 ad
1129 4083 1176 4146 rei
1192 4082 1404 4161 illiceitatem,

79 4178 149 4239 turn
174 4171 332 4237 eiusmodi
355 4172 496 4239 attentio
520 4172 561 4237 ad
584 4193 653 4236 rem
677 4176 714 4237 ut
735 4175 877 4257 praviter
899 4172 1018 4236 malam
1043 4192 1100 4236 eeu
1124 4171 1165 4236 ad
1189 4193 1324 4254 gravem
1349 4172 1406 4236 de·

79 4261 329 4328 ordinationem.
376 4261 469 4326 Adeo
499 4266 552 4338 ut,
583 4260 708 4343 siquis
737 4281 806 4325 rem
836 4265 874 4326 ut
903 4260 1023 4325 malam
1047 4259 1175 4342 quidem
1205 4260 1404 4343 cognoverit,

77 4351 137 4417 sed
161 4350 379 4429 nullomodo,
405 4371 446 4415 ne
470 4350 646 4416 dubitando
671 4349 810 4432 quidem,
836 4371 907 4415 eam
931 4354 969 4415 ut
991 4352 1130 4435 praviter
1153 4350 1272 4414 malam
1297 4352 1405 4415 atten-

80 4440 182 4507 derit:
214 4441 269 4505 ille
299 4460 364 4505 non
393 4439 579 4505 mortaliter
601 4438 658 4503 sed
683 4439 856 4506 venialiter
878 4444 1007 4505 tanturn
1037 4438 1232 4522 peccaverit.
1285 4439 1339 4502 lb.
1365 4459 1404 4502 m.

78 4529 110 4609 I,
137 4531 232 4684 23dg'b
252 4529 351 4684 tQuod
375 4531 485 4595 tamen
509 4529 549 4594 de
572 4528 717 4613 peccatis
741 4532 855 4611 aperte
884 4532 919 4593 et
948 4526 1117 4592 evidenter
1140 4526 1296 4609 gravffius
1323 4524 1406 4590 sumi

79 4640 144 4685 non
192 4640 210 4684 e
234 4639 277 4683 e.

1153 4718 1192 4771 5*
