3106 5168
400 275 524 330 Virtutes
543 292 604 330 cum
624 276 714 331 debito
732 277 831 344 legali:
853 280 950 345 Officia
969 281 1075 333 iudicia.
1337 281 1399 344 251

143 493 280 562 IUDEX
308 493 503 561 CRIMINIS
531 495 645 562 REUS
674 496 871 563 EIUSDEM
898 496 1091 563 CRIMINIS
1115 496 1329 564 ALTRRUM

561 593 750 660 DAMNAT
779 594 915 662 REUM.

627 769 739 836 casus.
773 778 851 846 (142)

164 926 336 985 Meinradus
360 927 450 986 iudex
470 947 562 1002 grave
584 928 695 988 crimen
717 930 922 999 commiserat,
951 929 1035 988 cuius
1064 927 1141 1005 apud
1170 946 1202 987 se
1230 932 1402 986 accusatum

75 1006 158 1065 videt
178 1005 353 1083 Philippum.
384 1006 475 1075 Quem
490 1008 661 1067 Meinradue
683 1008 968 1085 interrogationibus
989 1009 1097 1068 astutis
1119 1014 1149 1068 et
1169 1007 1306 1084 repetitis
1329 1007 1402 1067 adeo

75 1086 106 1144 in
128 1087 283 1162 angustias
305 1087 429 1158 conicit,
454 1093 488 1147 ut
508 1091 600 1148 iurati
623 1089 688 1148 eius
709 1108 854 1165 responsa
873 1109 927 1166 pro
949 1088 1134 1149 confessione
1155 1089 1232 1147 male
1253 1088 1402 1147 declinata

75 1167 214 1237 habeant,
236 1173 324 1243 atque
346 1168 556 1227 accedentibus
577 1169 645 1227 aliie
666 1169 784 1229 indiciis
807 1189 873 1229 eum
894 1188 974 1228 reum
996 1169 1195 1246 pronuntiant.
1227 1167 1291 1238 Quo
1305 1169 1348 1238 fit,
1370 1174 1402 1228 ut

75 1246 247 1307 Meinradne
268 1267 390 1324 gravem
411 1248 539 1308 carceris
560 1269 685 1326 poenam
708 1250 857 1309 decernat.

75 1368 251 1439 Qousmrnn
273 1373 301 1429 1⁰
326 1390 402 1447 quae
423 1372 534 1431 sintin
555 1392 664 1447 genere
686 1373 887 1449 obligationes
908 1372 1014 1432 iudicis
1036 1377 1066 1431 et
1086 1372 1256 1431 iuratorum.

274 1462 304 1518 2⁰
329 1479 398 1519 num
418 1461 515 1537 possit
535 1481 604 1521 reus
625 1462 778 1534 innocens,
800 1462 852 1521 sed
873 1461 996 1522 iuridice
1016 1461 1181 1532 convictus,
1204 1460 1402 1521 condemnari.

276 1551 306 1608 3⁰
332 1549 400 1625 quid
422 1550 458 1608 de
478 1549 632 1610 Meinrado
653 1550 683 1609 in
706 1570 777 1612 casu
799 1550 839 1610 sit
859 1550 1020 1610 dicendum.

672 1758 806 1826 Salutio.

164 1911 216 1975 Aa
240 1930 430 1986 nonnarum
458 1916 495 1975 1¹¹¹
518 1911 557 1976 R.
582 1915 609 1978 l.
656 1911 759 1977 ludex
787 1915 920 1978 tenetur
942 1911 1063 1977 habere
1087 1910 1303 1977 sufficientem
1328 1913 1463 1979 doc-491

73 1997 196 2063 trinam
219 2005 253 2064 et
276 2000 482 2083 prudentiam
507 2021 571 2083 qua
595 2021 691 2065 casus
714 2003 924 2065 occurrentes
948 1999 1133 2065 discernere
1157 2000 1270 2084 possit.

164 2105 202 2173 R.
228 2108 257 2172 2.
305 2106 449 2172 Tenetur
478 2128 513 2172 se
544 2107 711 2173 continere
741 2107 830 2172 intra
852 2105 974 2171 limites
997 2126 1076 2171 suae
1107 2106 1298 2189 potestatis,
1329 2128 1403 2173 seu:

166 2203 198 2283 1)
222 2204 309 2269 solas
333 2225 391 2270 eae
413 2225 467 2269 ree
490 2209 636 2271 tractare
658 2205 691 2269 in
716 2225 799 2287 quas
826 2203 1082 2269 iurisdictionem
1106 2204 1216 2282 habet,

165 2301 199 2381 2)
223 2321 280 2366 eas
303 2302 478 2367 secundum
500 2303 608 2385 leges»,
640 2302 668 2367 si
692 2302 788 2368 modo
813 2323 878 2366 non
910 2307 986 2368 sunt
1010 2302 1151 2367 iniustae
1179 2322 1236 2367 seu
1259 2302 1403 2383 illicitae,

74 2394 231 2467 tractare,
256 2410 328 2454 cum
352 2391 423 2474 ipse
446 2413 509 2457 non
533 2414 633 2476 supra
656 2392 762 2474 legem
787 2391 845 2457 sed
869 2392 1025 2474 sublege
1049 2392 1102 2458 sit.

165 2495 203 2561 R.
228 2498 259 2562 3.
309 2496 453 2563 Tenetur
481 2499 640 2582 imprimis
670 2498 837 2565 abstinere
872 2498 912 2563 ab
943 2499 1028 2564 omni
1060 2497 1169 2564 studio
1198 2498 1339 2583 partium
1371 2504 1405 2566 et

75 2584 293 2668 corruptione.
330 2585 445 2667 Neque
468 2587 546 2652 licet
569 2588 598 2653 ei
622 2609 680 2671 pro
705 2587 919 2672 expediendis
935 2588 1042 2652 causis
1066 2589 1106 2653 ad
1132 2608 1213 2670 quas
1235 2609 1277 2654 ex
1298 2589 1404 2655 officio

74 2694 133 2739 suc
157 2679 290 2740 tenetur
311 2696 447 2741 munera
463 2677 621 2760 accipere,
646 2677 708 2742 nisi
731 2677 798 2743 sint
822 2676 993 2741 esculenta
1016 2681 1051 2742 et
1074 2678 1248 2760 poculenta
1270 2678 1405 2744 minoris

75 2763 240 2830 momenti.
292 2765 347 2830 'lla
372 2788 412 2830 m.
437 2766 462 2843 Ι,
489 2767 675 2832 808-810.

165 2868 203 2935 R.
229 2873 258 2935 4.
307 2870 343 2933 In
374 2870 486 2950 dubio,
516 2872 645 2953 quando
669 2871 779 2953 agitur
803 2871 843 2937 de
873 2893 910 2936 re
941 2870 1116 2948 criminali,
1148 2891 1204 2936 reo
1226 2871 1404 2938 favendum

75 2962 137 3034 est,
163 2957 195 3021 in
219 2980 255 3023 re
279 2958 366 3023 civili
390 2959 419 3024 ei
444 2961 498 3042 qui
521 2961 572 3025 ius
595 2982 688 3025 suum
712 2959 828 3025 melius
852 2960 980 3044 probat.
1032 2962 1087 3025 nt.
1112 2983 1152 3024 m.
1178 2959 1202 3036 l,
1228 2962 1302 3026 801.
1328 2963 1402 3031 808.

165 3083 217 3147 An
246 3104 437 3159 qunasrruu
467 3087 505 3148 2¹⁰
535 3085 574 3151 R.
602 3087 629 3150 1.
684 3084 829 3150 Tenetur
860 3084 958 3149 iudex
991 3104 1050 3166 pro
1083 3083 1129 3148 rei
1163 3082 1329 3165 gravitate
1364 3101 1465 3156 ea492

74 3175 224 3248 tentare,
258 3173 373 3254 quibus
404 3172 528 3238 veritas
560 3174 665 3257 possit
697 3178 821 3258 patere.
873 3172 1079 3256 Quapropter
1111 3172 1164 3237 ubi
1197 3172 1294 3237 iudici
1326 3172 1404 3239 licet

75 3281 208 3324 causam
232 3262 390 3344 repellere
421 3267 455 3329 et
484 3283 520 3327 se
550 3262 656 3346 ipsum
680 3266 800 3329 testem
823 3261 1030 3327 innocentiae
1053 3261 1122 3326 eius
1146 3261 1201 3342 qui
1231 3266 1404 3328 accusatur

74 3348 240 3426 exhibere,
265 3350 297 3415 id
320 3351 429 3416 facere
453 3351 560 3428 debet,
585 3352 647 3417 nisi
671 3353 741 3435 ipse
764 3351 859 3432 gravi
883 3351 1026 3434 periculo
1050 3372 1086 3415 se
1110 3354 1265 3434 exponat.

165 3455 203 3522 R.
230 3458 259 3521 2.
310 3456 456 3521 Tenetur
486 3456 602 3533 etiam,
636 3460 809 3540 postquam
841 3456 995 3520 innocens
1026 3455 1260 3521 condemnatus
1291 3428 1402 3534 fierit,

75 3564 255 3627 proposse
285 3565 324 3609 ea
347 3549 477 3610 tentare
501 3545 617 3626 quibus
647 3546 702 3610 ille
733 3545 890 3629 eripiatur
913 3545 966 3608 vel
997 3544 1096 3610 etiam
1127 3544 1210 3610 clam
1235 3546 1402 3624 educatur,

76 3632 138 3698 nisi
161 3633 231 3717 ipse
253 3633 352 3698 iudex
375 3634 436 3699 hoc
460 3634 555 3699 modo
578 3634 638 3699 sibi
663 3635 780 3717 gravia
805 3635 923 3699 damna
946 3633 1062 3699 timere
1086 3633 1213 3699 debeat.

165 3740 203 3805 R.
217 3740 257 3805 ’3.
298 3739 329 3805 Si
355 3761 433 3805 vero
457 3761 498 3805 ex
522 3761 587 3806 una
610 3744 706 3824 parte
728 3741 827 3805 iudex
851 3760 981 3805 causam
1006 3739 1215 3806 tractandam
1239 3739 1403 3823 suscipere

76 3828 174 3911 debet,
199 3829 363 3895 exaltare
388 3834 482 3912 parte
505 3834 643 3895 conatus
665 3831 707 3895 ad
724 3829 924 3913 eripiendum
948 3849 1039 3893 reum
1063 3827 1163 3894 fuerit
1185 3829 1401 3905 frustraneus⁸

76 3917 174 3982 iudex
198 3939 262 3982 non
285 3922 418 4002 peccat,
449 3919 476 3983 si
501 3919 677 3983 secundum
701 3939 741 3984 ea
765 3940 848 4001 quae
872 3917 1006 3982 iuridice
1030 3917 1176 4000 allegata
1204 3922 1237 3983 et
1264 3919 1404 4002 probata

75 4010 153 4071 sunt
175 4007 371 4073 senteutiam
395 4007 492 4073 ferat.
544 4009 599 4072 Tb.
624 4031 665 4074 nr.
689 4007 714 4083 Ι,
740 4010 814 4074 806.

165 4112 204 4178 R.
230 4116 259 4178 4.
307 4112 341 4179 Si
366 4134 444 4177 vero
468 4113 578 4195 agitur
603 4113 795 4190 daimatis,
826 4112 858 4177 hi
883 4134 1058 4194 numquam
1083 4134 1155 4178 eum
1180 4133 1270 4176 reum
1296 4112 1402 4177 dicere

75 4206 229 4284 possunt,
255 4222 349 4283 quem
374 4205 489 4284 acient,
515 4203 576 4267 etsi
600 4203 731 4286 privata
754 4202 891 4268 scientia
914 4207 1058 4280 tautum,
1082 4202 1288 4266 innocentem
1313 4222 1401 4277 esse;

74 4292 132 4355 sed
157 4311 261 4373 neque
285 4312 375 4368 eum,
406 4312 502 4373 quern
525 4291 657 4375 privata
681 4292 809 4374 quidem
832 4291 970 4356 scientia
999 4311 1035 4355 re
1064 4291 1136 4373 ipsa
1166 4312 1256 4355 reum
1282 4310 1401 4371 cogno-

76 4385 212 4458 verunt,
244 4401 339 4461 quem
369 4384 480 4445 tamen
511 4381 644 4446 iuridice
675 4382 820 4464 allegata
849 4401 939 4445 reum
970 4401 1042 4445 esse
1073 4401 1135 4445 non
1165 4379 1400 4446 demonstrant.

75 4468 112 4533 In
136 4473 275 4551 utroque
299 4470 384 4534 enim
408 4491 485 4535 casu
510 4471 737 4536 condemnatio
761 4470 861 4536 fuerit
884 4469 1004 4534 iniusta
1028 4467 1082 4549 (cf.
1113 4470 1166 4532 le.
1193 4490 1232 4531 m.
1258 4467 1286 4542 Ι,
1312 4469 1400 4549 807),

75 4558 229 4642 quidquid
268 4559 374 4641 quoad
410 4559 624 4643 posteriorem
663 4581 773 4625 casum
812 4559 867 4624 alii
905 4559 992 4640 iique
1030 4557 1125 4641 pauci
1163 4555 1399 4623 contradicunt.

74 4647 123 4713 Cf.
149 4647 302 4713 Noldin
326 4648 367 4725 ΙΙ,
392 4669 423 4714 n.
445 4651 519 4714 717.
