3106 5168
177 306 243 370 404
317 301 358 355 De
378 301 524 356 virtutibus
543 303 571 354 et
589 300 688 354 officiis
706 317 771 368 erga
790 298 920 353 homines.
939 329 974 337 -
993 298 1045 353 off.
1064 298 1137 353 circa
1154 297 1226 353 bona
1243 301 1369 352 externa.

267 477 352 542 Hinc
384 477 500 560 Lysias
532 476 565 541 in
603 480 716 542 nostro
754 496 832 541 casu
864 476 974 541 debuit
1011 476 1114 541 multo
1149 480 1227 544 ante
1265 476 1503 542 hebdomadam

180 566 324 632 ltoberto
348 567 495 631 nuntium
520 565 616 637 dare:
641 568 675 630 et
698 565 854 647 quianon
877 565 965 642 fecit,
990 569 1080 631 stare
1095 564 1193 632 debet
1207 566 1311 650 priori
1337 564 1503 638 oblationi,

179 659 294 738 utpote
324 676 407 737 quae
441 655 474 719 in
510 653 733 737 suppositione
766 656 909 735 Quoeaib'
941 657 1027 718 tertii
1055 673 1114 738 per
1143 675 1263 720 novum
1297 659 1502 721 contractum

180 744 320 808 nondum
348 744 438 809 facta
469 743 513 808 sit
542 743 759 825 impossibilis.
807 743 840 808 si
871 763 950 807 vero
973 743 1142 826 praedium
1172 745 1270 811 alteri
1300 745 1368 810 iam
1392 744 1504 809 vendi·

179 833 282 898 disset
311 838 411 914 atque
441 832 592 897 similiter
626 853 818 915 responsum
850 831 994 897 Roberto
1025 831 1219 898 mittendum
1250 838 1321 898 tam
1353 833 1409 898 diu
1441 834 1503 898 dis·

179 921 325 987 tulisset:
351 922 524 998 Robertus,
550 921 577 986 si
601 921 687 987 forte
712 941 754 985 ex
776 922 837 986 hoc
854 921 1007 985 damnum
1029 921 1176 1000 haberet,
1202 922 1242 986 de
1267 922 1389 987 damno
1415 922 1504 987 illato

180 1015 291 1094 posset
316 1032 425 1093 agere.

551 1173 699 1239 ERROR
723 1174 771 1238 IN
795 1174 1056 1240 CONTRACTU
1081 1173 1133 1256 ().

737 1339 847 1406 Casus.
875 1347 950 1412 (247)

270 1491 417 1550 Arcadius
439 1491 579 1549 sacerdos
608 1490 664 1549 sibi
685 1490 799 1566 quaerit
827 1509 955 1566 pannum
984 1510 1037 1566 pro
1058 1490 1201 1550 vestibus.
1244 1491 1316 1551 Cum
1345 1493 1446 1569 plures
1467 1494 1504 1552 di·

180 1591 285 1630 versos
305 1571 496 1647 inspexisset,
518 1571 575 1629 sibi
594 1577 705 1629 certum
721 1589 849 1646 pannum
864 1571 947 1644 eligit
966 1579 1055 1646 atque
1070 1570 1295 1630 detenninataur
1310 1574 1503 1648 quantitatem

182 1653 377 1727 separandam
398 1657 481 1709 curat
503 1650 615 1726 sibique
640 1651 693 1722 „ad
710 1650 867 1709 creditum“
893 1650 971 1709 emit.
1002 1651 1125 1709 Domum
1140 1670 1280 1710 reversus
1295 1672 1428 1729 pannum
1442 1673 1503 1712 cum

182 1731 306 1790 clariore
332 1732 398 1789 luce
423 1731 579 1807 inspiciat,
608 1750 666 1788 uon
695 1730 771 1805 nigri
800 1730 908 1788 coloris
936 1731 988 1788 sed
1010 1731 1113 1789 viridis
1142 1751 1209 1790 esse
1238 1732 1352 1808 sibique
1374 1734 1503 1792 inutilem

181 1811 271 1870 videt.
314 1810 410 1880 Quare
432 1830 496 1869 eum
518 1810 642 1869 remittit
663 1830 758 1884 neque
779 1812 842 1868 vult
863 1811 987 1869 solvere.
1029 1811 1178 1870 Mercator
1206 1832 1265 1871 non
1287 1814 1353 1871 vult
1374 1815 1502 1890 recipere

182 1897 281 1967 atque
293 1890 469 1950 solutionem
490 1891 578 1966 pretii
599 1891 701 1965 exigit.

183 2005 360 2075 Quanurrua
383 2009 410 2064 1⁰
436 2005 505 2080 quid
526 2005 618 2063 faciat
640 2024 722 2064 error
742 2004 773 2062 in
795 2005 1005 2090 contractibus.

380 2105 410 2160 2⁰
436 2102 504 2178 quid
519 2104 555 2161 de
570 2103 759 2161 contentione
773 2102 850 2161 inter
864 2103 1023 2161 Arcadium
1045 2109 1075 2161 et
1095 2110 1289 2163 mercatorem
1310 2106 1502 2165 iudicandum.

775 2301 911 2368 Solutio.

120 2422 170 2520 8b1
273 2453 325 2517 An
349 2472 540 2526 Quansrrcu
566 2456 603 2516 1¹¹¹
627 2451 665 2518 R.
689 2455 716 2517 1.
764 2452 866 2516 Error
881 2453 1108 2519 substantialis
1131 2474 1173 2518 ex
1196 2459 1319 2521 natura
1342 2477 1403 2521 sua
1428 2456 1503 2522 facit

184 2544 387 2606 contractum
416 2544 546 2604 >irritum
576 2561 634 2605 seu
666 2544 799 2608 nullum.
847 2541 1079 2608 Substantialis
1109 2547 1218 2609 autem
1244 2565 1336 2609 error
1359 2544 1416 2610 ille
1446 2551 1501 2621 est,

183 2630 239 2712 qui
261 2633 415 2694 versatur
437 2631 490 2694 vel
523 2629 609 2694 circa
639 2629 744 2712 ipsam
774 2630 1006 2712 obligationem
1029 2630 1074 2710 (v.
1099 2652 1131 2713 g.
1156 2633 1369 2699 commutatio
1394 2635 1503 2699 vendi·

181 2718 280 2784 tionis
304 2740 376 2782 cum
400 2718 574 2793 locatione)
598 2719 652 2782 vel
677 2719 763 2783 circa
787 2719 891 2802 ipsum
915 2724 1105 2785 contractus
1129 2721 1309 2797 obiectum,
1335 2744 1367 2789 v,
1393 2745 1425 2805 g.
1451 2724 1500 2804 qui

183 2807 357 2874 intendens
381 2828 488 2872 emere
512 2807 652 2871 farinam
676 2808 796 2891 accipit
819 2829 962 2873 arenam.

272 2914 311 2980 R.
337 2916 366 2978 2.
415 2914 465 2977 Ad
490 2935 632 2978 errorem
649 2914 897 2979 substantialem
915 2915 1058 2997 pertinet
1074 2914 1174 2979 etiam
1190 2936 1282 2980 error
1298 2917 1387 2982 circa
1404 2917 1502 3000 quali·

183 3008 287 3070 tatem
312 3003 357 3067 rei
389 3024 472 3084 quae
502 3003 662 3068 redundat
693 3002 725 3066 iu
749 3005 983 3075 substarrtianr;
1016 3004 1189 3085 aliquando
1220 3005 1321 3070 etiam
1353 3028 1445 3072 error
1472 3008 1500 3070 in

184 3114 340 3177 persona,
366 3113 502 3172 quacum
527 3092 740 3157 contrahitur.
787 3093 909 3157 Verum
933 3094 1068 3157 nonita
1098 3093 1194 3157 facile
1218 3098 1270 3159 est
1293 3094 1500 3178 distinguere.

184 3182 389 3263 quandonam
413 3181 445 3244 hi
462 3202 588 3245 errores
610 3202 727 3245 revera
750 3180 816 3246 sint
832 3182 1081 3257 substantiales;
1107 3187 1141 3247 et
1164 3182 1334 3264 speciatim
1360 3206 1451 3250 error
1472 3184 1499 3247 iu

183 3292 323 3355 persona
347 3271 380 3333 in
404 3270 627 3335 contractibus
658 3270 881 3335 bilateralibus
912 3270 1057 3335 onerosis
1088 3293 1152 3335 non
1176 3277 1329 3338 censetur
1352 3275 1500 3340 substau-

186 3361 291 3432 tialis;
316 3359 444 3424 facilius
468 3360 499 3422 iu
524 3359 746 3423 contractibus
769 3359 933 3440 gratuitis.

122 3476 174 3530 802
274 3465 311 3529 R.
338 3468 367 3529 3.
414 3465 515 3528 Error
531 3464 617 3528 circa
634 3463 680 3527 rei
697 3464 899 3545 qualitatem,
924 3464 1055 3546 quaein
1072 3465 1288 3530 substantiam
1307 3488 1370 3532 non
1389 3469 1499 3533 redun-

185 3555 251 3630 dat,
276 3558 479 3618 contractum
504 3575 545 3617 ex
569 3574 603 3617 se
628 3574 691 3617 non
715 3553 794 3618 facit
810 3555 949 3630 nullum;
975 3554 1055 3618 facit
1078 3558 1190 3619 tamen
1206 3556 1455 3629 rescindibilenr,
1477 3557 1499 3618 si

186 3652 220 3707 et
244 3643 333 3706 dedit
357 3663 470 3706 ansam
494 3642 687 3719 contractui,
711 3642 731 3706 i.
753 3663 779 3706 e.
805 3643 833 3705 si
857 3642 987 3723 cognita
1012 3643 1171 3723 qualitate
1195 3648 1384 3711 contractus
1408 3647 1499 3712 initus

187 3753 250 3794 non
274 3736 379 3807 esset,
413 3737 446 3796 et
471 3753 561 3795 error
584 3732 638 3795 ille
662 3733 758 3813 culpa
782 3731 916 3796 alterius
941 3732 1165 3797 contrahentis
1188 3734 1221 3796 in
1244 3734 1351 3800 altero
1376 3741 1498 3803 coutra-

186 3821 284 3883 hente
315 3821 490 3885 exstiterit.
544 3821 636 3884 Alias
667 3820 806 3884 rescindi
836 3820 948 3902 nequit
977 3824 1166 3886 contractus
1196 3843 1354 3888 onerosus
1385 3825 1497 3908 simpli-

186 3909 284 3985 citer,
316 3909 373 3971 sed
403 3910 433 3972 id
458 3909 552 3973 debet
582 3910 634 3972 vel
664 3909 733 3973 fieri
764 3931 806 3973 ex
836 3913 947 3973 mutuo
979 3931 1137 3973 consensu
1168 3911 1221 3974 vel
1251 3913 1404 3996 coniungi
1435 3934 1495 3978 cunr

187 3997 449 4080 compensatione
474 3998 581 4061 ‹iarnui
606 3998 773 4063 exorituri.

276 4105 314 4168 R.
341 4109 370 4169 4.
418 4103 601 4182 Aliquando
632 4104 721 4185 leges
754 4104 914 4186 positivae
946 4105 1130 4168 accuratius
1162 4106 1383 4172 determinant
1414 4105 1495 4171 nulli-

187 4197 289 4258 tatem
316 4194 366 4256 vel
392 4192 707 4257 rescimlibilitatem:
733 4215 825 4273 quae,
851 4194 980 4274 quaudo
1005 4194 1127 4257 erranti
1152 4194 1313 4276 ampliora
1337 4197 1408 4260 iura
1431 4216 1491 4260 con·

188 4283 324 4351 cedunt,
356 4286 428 4346 tuta
460 4281 657 4345 conscientia
682 4288 817 4363 possunt
842 4282 1003 4347 invocari:
1030 4284 1179 4347 naturale
1205 4288 1314 4348 autem
1340 4286 1390 4349 ius
1414 4284 1493 4349 modo

187 4372 372 4452 expositum
396 4372 426 4434 iu
452 4370 648 4434 couscientia
672 4371 720 4437 iis.
746 4393 881 4451 quorum
907 4372 1052 4443 interest,
1079 4373 1154 4436 licet
1173 4373 1304 4438 interim
1322 4377 1492 4439 observare.

187 4460 317 4523 etiamsi
341 4483 359 4524 a
384 4462 455 4541 lege
480 4459 620 4542 positiva
645 4481 707 4522 non
733 4462 825 4541 [elene
850 4466 1057 4540 agnoscatur.

278 4564 316 4628 ll.
343 4569 371 4628 5.
419 4566 471 4628 lus
497 4564 623 4628 Germ.
649 4565 747 4628 etiarn
780 4565 811 4627 in
844 4586 953 4628 errore
984 4566 1192 4631 substantiali
1218 4567 1296 4633 dicit
1321 4572 1493 4635 contractus

188 4651 410 4717 rescindibiles
434 4659 561 4718 tantum
587 4653 642 4733 (ci.
660 4658 677 4733 ᾗ
698 4654 789 4733 119);
816 4654 901 4734 quod
925 4655 1068 4736 practice
1093 4659 1203 4719 tamen
1221 4656 1278 4720 vix
1295 4679 1359 4723 non
1376 4656 1493 4742 perinde

116 4848 221 4870 Α
