3106 5168
186 301 252 364 450
327 295 367 349 De
386 294 532 350 virtutibus
551 298 579 349 et
597 294 695 349 officiis
713 311 779 363 erga
797 293 927 349 homines.
946 324 981 332 -
1000 294 1052 349 Off.
1071 295 1145 349 oiroa
1161 294 1232 350 bona
1250 299 1373 350 externa.

187 471 275 548 pauci
291 477 370 543 sunt,
390 472 469 530 inter
483 490 516 530 se
529 491 578 530 res
593 471 733 530 emendas
748 469 927 530 distribuunt
941 475 1030 546 atque
1044 470 1225 530 conveniunt
1238 478 1350 543 mutuo,
1372 491 1412 530 ne
1425 491 1507 542 unus,

186 552 282 610 maius
303 552 429 628 pretium
448 552 583 620 offerens,
606 551 732 610 alterum
753 550 900 626 impediat,
923 550 1077 626 quominus
1098 570 1163 610 cum
1184 552 1267 610 lucro
1288 551 1386 629 possit
1406 571 1509 611 emere.

278 631 445 701 Possidins,
475 651 540 690 oum
563 631 675 707 aliquot
697 651 745 690 res
766 631 824 689 iam
846 631 955 690 viderit
974 630 1118 691 vilissimo
1139 631 1235 708 pretio
1257 631 1443 703 divenditas,
1470 633 1508 691 la·

188 711 395 771 orimabundus
416 711 547 771 accurrit
567 712 604 771 ad
626 709 770 781 vicinum,
793 730 858 770 eum
880 710 1058 787 deprecans,
1082 730 1121 770 ne
1141 711 1221 770 sinat
1241 711 1354 788 reliqua
1377 719 1439 771 tam
1460 713 1510 772 vili

187 792 283 869 pretio
304 792 439 863 divendi,
467 793 519 851 sed
544 797 578 850 ut
598 792 704 850 saltem
725 791 814 868 triplo
835 791 929 850 maius
951 791 1076 867 pretium
1098 792 1217 862 euersa
1247 812 1279 851 se
1300 793 1379 851 velle
1407 798 1511 868 postea

188 891 307 942 curare,
337 878 371 931 ut
397 873 492 950 pretio
514 871 602 930 etiam
624 871 716 930 multo
743 871 854 930 maiore
875 890 923 930 res
944 870 1127 941 vendantur,
1155 877 1244 948 atque
1271 877 1304 931 ut
1331 873 1447 931 luorum
1474 892 1510 931 ex

186 951 357 1011 venditione
377 954 457 1012 ultra
477 952 603 1011 medium
624 951 750 1028 pretium
772 970 924 1010 commune
945 951 1154 1028 reportandum
1173 951 1252 1011 inter
1272 972 1305 1012 se
1330 959 1361 1012 et
1383 952 1509 1011 vicinum

187 1031 346 1092 dividatur.
388 1031 472 1102 Quod
492 1032 535 1091 ite
556 1033 597 1091 fit.

188 1137 365 1208 Qunnmrua
388 1139 416 1196 1⁰
440 1156 510 1196 num
532 1136 723 1214 peccaverint
743 1136 794 1195 isti
815 1141 963 1213 emptores
983 1136 1026 1195 ita
1047 1136 1124 1195 inter
1145 1156 1178 1196 se
1199 1137 1423 1198 convenientes.

385 1229 416 1285 2⁰
441 1226 608 1303 potueritne
621 1225 783 1297 Possidius,
806 1225 854 1300 qui
877 1230 981 1302 sponte
1002 1245 1050 1284 res
1071 1245 1142 1285 suas
1164 1227 1313 1285 obtulerat
1329 1227 1507 1295 vendendas,

440 1306 630 1365 nihilominus
651 1325 704 1382 per
725 1305 908 1383 suppositum
929 1305 1057 1364 vicinum
1079 1325 1126 1364 res
1148 1325 1218 1366 suas
1239 1306 1297 1365 sibi
1318 1308 1472 1368 redimere.

782 1487 916 1554 Solutio.

125 1635 177 1691 887
279 1634 331 1694 An
356 1651 547 1705 ousasrrusr
574 1633 609 1694 1¹¹¹
634 1630 672 1695 R.
701 1633 727 1696 l.
760 1629 848 1694 Satis
871 1629 1022 1694 naturale
1046 1634 1097 1695 est
1119 1629 1313 1706 hominibus,
1338 1635 1377 1696 ut
1400 1631 1505 1696 stude·

188 1723 247 1785 ant
270 1739 368 1801 quam
392 1718 523 1784 minimo
547 1719 652 1802 pretio
676 1739 793 1796 emere,
818 1739 915 1799 quam
938 1717 1081 1782 maximo
1107 1719 1255 1784 vendere.
1289 1719 1506 1784 Communiter

186 1807 219 1872 id
243 1807 391 1873 damnari
414 1828 477 1872 non
501 1811 629 1892 potest,
663 1806 725 1871 nisi
757 1806 880 1882 media,
914 1827 997 1888 quae
1021 1806 1253 1884 adhibeantur,
1287 1808 1355 1873 sint
1386 1809 1503 1874 illicita.

186 1896 306 1963 Illicita
329 1900 437 1962 autern
463 1917 535 1961 esse
559 1900 695 1980 possunt
717 1900 786 1961 tum
812 1916 854 1960 ex
876 1895 1019 1960 laesione
1034 1895 1190 1972 iustitiae,
1213 1900 1285 1961 tum
1301 1918 1344 1962 ex
1368 1898 1505 1963 laesione

190 1986 291 2051 solius
314 1985 472 2052 caritatis.

275 2092 314 2159 R.
347 2094 377 2158 2.
430 2092 561 2173 Rogare
597 2089 678 2156 alios
717 2093 880 2174 emptores
912 2094 1158 2165 concurrentes,
1198 2112 1239 2156 ne
1274 2093 1416 2158 offerant
1453 2114 1503 2158 seu

187 2181 408 2246 concurrendo
446 2180 588 2264 pretium
626 2183 786 2262 augeant,
830 2199 925 2244 nemo
967 2180 1067 2245 habet
1109 2201 1167 2263 pro
1207 2180 1338 2247 actione
1377 2182 1502 2257 iniusta,

188 2291 261 2335 cum
285 2270 437 2335 venditor
468 2269 519 2334 ius
542 2269 684 2333 nondum
715 2267 852 2346 habeat,
884 2271 921 2333 ut
944 2268 1061 2350 aliquis
1084 2272 1173 2334 emat
1195 2270 1248 2334 vel
1272 2275 1399 2337 certam
1424 2292 1503 2336 surn-

187 2381 273 2424 mam
307 2360 426 2425 solvat.
451 2397 494 2405 —
519 2358 640 2424 Contra
673 2357 845 2424 caritatem
875 2356 907 2422 id
937 2357 1043 2440 ipsum
1074 2359 1249 2442 aliquando
1283 2380 1358 2425 esse
1390 2365 1502 2444 potest,

187 2468 251 2513 non
286 2451 395 2514 tamen
429 2446 659 2523 communitam
692 2446 846 2512 videlicet
880 2445 912 2511 in
944 2446 984 2510 iis
1019 2446 1166 2524 casibuS,
1199 2449 1328 2529 quando
1364 2449 1504 2515 dominus

187 2557 296 2601 rerum
330 2536 363 2601 in
397 2539 492 2601 tanta
524 2535 568 2602 sit
599 2535 751 2619 penuria,
784 2540 822 2600 ut
851 2556 923 2600 eam
954 2536 1066 2601 levare
1096 2537 1340 2602 renuntiatione
1371 2538 1454 2604 lucri
1475 2544 1503 2602 et

188 2625 347 2689 commodi
370 2624 494 2707 sperati
519 2624 675 2706 obligatio
704 2624 748 2689 sit
777 2645 837 2707 pro
861 2628 1026 2708 emptore;
1057 2645 1096 2689 ae
1125 2625 1218 2708 proin
1250 2624 1282 2690 id
1306 2648 1373 2692 non
1397 2627 1503 2692 asela

187 2713 325 2797 penuria
347 2714 431 2789 eius,
465 2712 518 2794 qui
548 2734 601 2778 res
624 2713 773 2797 proprias
795 2714 983 2778 vendendas
1007 2714 1119 2789 offert,
1150 2714 1207 2778 sed
1231 2714 1331 2780 etiam
1357 2737 1377 2781 a
1400 2716 1502 2782 condi·

187 2802 279 2867 cione
304 2801 459 2885 emptoris
482 2803 612 2885 pendet.

124 2920 178 2974 888
276 2909 314 2976 R.
340 2912 369 2974 3.
404 2911 574 2974 Corrveelre
598 2931 670 2974 cum
694 2909 777 2986 aliis,
802 2914 839 2975 ut
861 2930 881 2972 a
905 2930 1061 2973 concursu
1087 2909 1256 2988 desistant,
1282 2911 1432 2994 adeoque
1454 2933 1502 2977 eos

187 2998 392 3080 adstringere
416 3002 505 3064 certe
528 3000 601 3082 plus
618 3004 678 3074 est,
703 3019 800 3079 quam
824 3019 950 3079 rogare.
983 2999 1089 3073 Quare
1113 2999 1141 3063 si
1164 3021 1279 3083 repere
1302 3006 1415 3083 potest
1438 3022 1501 3066 esse

187 3091 303 3152 contra
325 3088 508 3165 caritatem,
532 3088 638 3169 magis
660 3087 708 3151 ita
732 3109 803 3151 esse
827 3093 937 3170 potest
959 3090 1120 3173 stipulatio
1144 3108 1216 3151 cum
1241 3089 1315 3152 aliis
1339 3089 1431 3156 inita.

275 3193 314 3259 R.
339 3195 369 3257 4.
417 3192 500 3258 Sunt
538 3193 592 3274 qui
630 3193 786 3257 eiusmodi
817 3191 1060 3275 stipulationem
1099 3197 1249 3258 istiusdem
1281 3215 1356 3259 esse
1389 3196 1501 3270 dicant,

186 3281 247 3346 nisi
272 3282 358 3347 forte
390 3285 510 3363 agatur
540 3282 580 3346 de
603 3281 819 3347 conventione
842 3282 928 3345 inter
958 3281 1095 3358 amicae,
1131 3303 1265 3363 quorum
1291 3285 1427 3365 negotia
1450 3286 1500 3350 ali·

188 3372 260 3452 quia
284 3377 321 3436 ut
344 3393 404 3435 sua
427 3370 559 3453 propria
583 3371 774 3436 consideret.
823 3371 944 3435 Verum
968 3371 1000 3434 id
1025 3371 1200 3435 difficulter
1223 3372 1423 3449 sustinetur,
1448 3373 1500 3440 etsi

187 3460 355 3541 antiquum
380 3460 430 3523 ius
453 3459 642 3525 licitationis
664 3464 848 3542 spectatum
883 3461 984 3524 multo
1015 3460 1136 3536 minus,
1167 3459 1195 3524 si
1219 3460 1412 3527 hodiernam
1436 3485 1501 3547 pra·

188 3570 255 3611 xrm
280 3570 479 3630 resprcrmus.

276 3637 391 3717 Neque
407 3637 439 3699 in
456 3638 495 3701 iis
510 3637 753 3712 licitationibus
773 3658 856 3718 quae
873 3637 1002 3700 omnino
1019 3642 1135 3719 sponte
1151 3659 1171 3701 a
1187 3638 1317 3704 domino
1335 3662 1446 3705 rerum
1461 3642 1501 3706 in·

187 3725 377 3801 stituuntur,
402 3726 479 3790 talis
503 3726 673 3791 conventio
691 3726 752 3789 dici
777 3730 886 3809 potest
910 3746 980 3790 esse
1004 3729 1118 3790 contra
1135 3727 1316 3793 caritatem.
1358 3730 1502 3795 Liberum

188 3815 274 3878 enim
298 3815 361 3879 erit
385 3815 512 3878 domino
536 3836 588 3878 res
612 3836 688 3878 suas
712 3836 845 3878 servare
876 3818 909 3878 et
937 3836 956 3878 a
979 3815 1167 3879 venditione
1190 3817 1379 3894 retrahere,
1412 3820 1439 3884 si
1461 3821 1502 3883 iu·

187 3903 273 3967 dicet
296 3903 434 3986 pretium
459 3905 604 3968 oblatum
628 3903 687 3968 sibi
713 3925 776 3967 non
802 3904 985 3968 convenire.
1027 3904 1147 3979 Quodsi
1171 3906 1268 3987 plena
1293 3907 1433 3974 libertas
1457 3929 1502 3972 res

187 3992 375 4057 retrahendi
400 4014 498 4074 penes
523 3994 685 4057 dominum
710 3998 776 4069 est,
801 3994 937 4056 liberum
962 4014 1034 4057 esse
1059 3994 1155 4058 debet
1180 3996 1400 4077 emptoribus,
1432 4020 1502 4080 quo·

187 4103 324 4163 cumque
348 4083 443 4145 modo
467 4104 530 4146 nou
555 4083 675 4146 iniusto
698 4083 758 4146 sibi
784 4104 911 4158 cavere,
937 4104 977 4145 no
1002 4083 1073 4164 plus
1091 4104 1193 4165 aequo
1211 4085 1342 4150 solvere
1360 4088 1500 4152 debeant.

187 4173 232 4237 cf.
260 4172 450 4252 Aertnijs
475 4172 494 4235 l.
521 4194 546 4236 c.
572 4194 602 4235 n.
629 4175 692 4234 490
718 4176 750 4236 ot
774 4175 848 4236 4111.

125 4317 176 4369 889
276 4295 730 4369 Aoorsrsrrnr12⁰1hL
779 4295 829 4357 Ex
846 4294 1002 4359 hodierno
1027 4302 1185 4379 conceptu
1210 4298 1402 4366 licitationis
1427 4301 1500 4365 dilli-

187 4385 293 4448 cultas
317 4385 377 4447 hac
401 4384 433 4446 in
458 4405 493 4446 re
518 4405 589 4446 esse
615 4384 735 4463 nequit.
784 4384 843 4459 Qui
868 4385 952 4447 enim
978 4390 1087 4468 potest
1112 4408 1164 4450 res
1187 4389 1379 4467 retrahere,
1412 4392 1499 4455 etiarn

187 4495 239 4536 res
264 4495 321 4555 per
344 4474 450 4536 virum
475 4472 702 4537 intermedium
720 4494 827 4536 coiere
843 4477 962 4554 potest,
988 4475 1016 4538 si
1041 4477 1133 4539 modo
1150 4475 1277 4541 sincere
1295 4482 1497 4560 procedatur:

188 4561 339 4626 videlicet
363 4562 389 4625 si
414 4584 478 4625 non
504 4562 550 4626 ita
574 4567 701 4641 agatur,
729 4568 764 4627 ut
788 4567 971 4644 partiatum
996 4570 1238 4630 concursum-ot
1254 4569 1368 4633 fictam
1385 4565 1498 4635 enrendi

187 4650 390 4715 voluntatem
415 4650 554 4732 pretium
577 4651 696 4714 iniuste
720 4658 890 4732 angeatur.
