3106 5168
180 286 245 349 384
316 280 357 336 De
376 283 523 337 virtutibus
542 285 570 336 et
588 283 684 337 officiis
703 301 769 351 erga
787 282 917 337 homines.
936 313 971 320 -
990 281 1042 336 Of.
1061 281 1134 336 circa
1150 281 1222 335 bona
1240 285 1367 336 externa.

118 471 167 523 761
268 459 322 524 An
346 481 536 536 qonssrrnn
560 463 599 524 2m
621 460 723 542 igitur
746 460 785 525 R.
813 463 841 525 l.
888 460 922 524 Si
945 460 1136 544 respicimus
1158 458 1301 524 medium
1325 459 1426 537 illud,
1450 479 1504 543 per

181 548 322 614 officium
346 549 473 632 postale
496 549 741 615 transmittendi
765 569 934 625 summam,
959 550 1039 614 haec
1063 547 1268 615 transmissio
1284 569 1405 614 manca
1425 552 1503 615 erat

180 637 267 703 Nam
298 637 352 702 via
381 637 464 704 satis
494 643 650 704 consueta
678 645 777 720 atque
804 637 934 703 omnino
963 642 1038 704 tuta
1061 658 1101 704 ea
1123 641 1191 715 est,
1223 643 1260 703 ut
1289 637 1366 721 ipsa
1394 639 1504 704 solutio

181 726 405 793 committatur
436 727 543 792 officio
576 728 713 811 postali;
747 748 810 809 quo
842 728 895 803 fit,
928 729 966 791 ut
995 727 1156 793 solutione
1185 725 1277 793 facta
1307 727 1344 791 in
1374 726 1449 792 loco
1477 726 1505 792 A

180 814 267 898 apud
301 815 443 881 officium
477 816 624 899 postale,
664 815 806 881 officium
841 815 968 898 pestate
1002 814 1035 881 in
1070 817 1097 881 B
1132 816 1328 881 solutionem
1363 819 1440 881 tuto
1474 820 1505 882 et

181 903 361 970 certissime
384 905 533 987 perficiat
556 905 642 988 apud
665 926 753 978 eum,
777 903 818 969 ad
843 925 937 985 qoem
963 905 1072 970 missio
1096 904 1257 987 dirigitur.
1303 904 1425 987 Neque
1448 905 1504 970 hoc

180 992 452 1073 quasi-cambium
482 1014 620 1075 magnas
650 1015 759 1059 secum
791 993 857 1059 fert
886 1014 1064 1076 expensas,
1095 994 1153 1059 sed
1182 993 1334 1059 minimas
1364 999 1503 1072 tanturn.

180 1103 262 1164 quas
286 1082 413 1148 debitor
436 1104 478 1148 ex
502 1083 620 1149 delicto
644 1104 703 1166 pro
727 1083 904 1147 securitate
927 1083 1036 1147 facere
1060 1082 1166 1149 debet.

270 1171 303 1236 Si
326 1170 428 1252 igitur
451 1172 579 1236 debitor
601 1193 752 1237 mancum
775 1172 864 1236 illum
896 1172 1026 1236 modum
1056 1171 1204 1237 solvendi
1234 1171 1408 1236 mandarit
1439 1171 1504 1236 sire

180 1259 380 1325 confessario
410 1261 481 1325 sive
511 1260 643 1326 cuilibet
673 1261 744 1338 alii,
777 1264 868 1325 certo
901 1259 964 1325 dici
996 1259 1093 1326 debet
1121 1259 1302 1345 pericnlum
1332 1259 1504 1326 fortuitum

181 1349 339 1414 mansisse
360 1350 446 1432 apud
463 1349 652 1427 debitorem,
677 1370 814 1431 eumque
831 1349 935 1413 denuo
959 1349 991 1413 in
1007 1354 1120 1414 nostro
1137 1370 1214 1414 casu
1229 1349 1362 1413 solvere
1379 1348 1503 1415 debere.

120 1474 171 1527 76‘2
269 1461 308 1527 R.
343 1465 373 1529 2.
420 1461 484 1527 Sed
513 1483 549 1526 re
579 1462 650 1546 ipsa
683 1462 832 1529 Getulius
862 1462 1061 1527 confessario
1091 1483 1251 1528 summam
1280 1463 1372 1530 dedit
1402 1484 1504 1546 neque

183 1551 312 1616 modum
337 1551 477 1632 aliquem
501 1552 723 1635 praescripsit.
756 1551 863 1626 Quare
887 1551 1060 1615 videndum
1085 1556 1146 1629 est,
1171 1572 1248 1616 num
1270 1573 1331 1634 per
1355 1552 1504 1618 traditio·

182 1661 255 1704 nem
280 1640 479 1705 confessario
502 1641 624 1705 factam
649 1640 774 1705 censeri
804 1639 908 1723 possit
931 1641 972 1704 ab
997 1640 1084 1704 omni
1107 1639 1307 1722 obligatione
1335 1641 1504 1707 liberatus.

271 1736 362 1813 Quod
394 1737 467 1801 aliis
496 1737 606 1802 verbis
638 1741 689 1803 est
718 1758 893 1819 quaerere,
926 1743 1035 1803 utrum
1068 1737 1288 1803 confessarius
1320 1738 1505 1804 necessario

182 1825 301 1891 debeat
324 1826 522 1891 considerari
545 1831 582 1892 ut
605 1826 829 1892 mandatarius
846 1826 1011 1902 debitoris
1037 1847 1079 1891 an
1095 1826 1295 1892 considerari
1317 1828 1426 1911 possit
1444 1848 1505 1893 non

182 1919 220 1980 ut
249 1914 472 1980 mandatarius
503 1916 631 1996 quidem
662 1915 777 1981 stricte
806 1921 972 1999 sumptus,
1003 1915 1061 1980 sed
1091 1920 1127 1982 ut
1156 1915 1364 1997 negotiorum
1395 1922 1505 2000 gestor

182 2004 352 2069 creditoris
382 2025 440 2069 seu
464 2005 584 2069 domini
615 2005 705 2070 laesi.
753 2005 864 2087 Longe
895 2004 1094 2069 communius
1124 2026 1198 2070 eum
1229 2004 1442 2072 considerant
1471 2010 1504 2070 nt

182 2092 422 2158 mandatarium
446 2093 617 2171 debitoris;
650 2115 753 2175 eaque
776 2115 812 2159 re
834 2114 914 2158 vera
938 2098 989 2160 ost
1012 2094 1118 2176 magis
1141 2093 1239 2159 obvia
1261 2094 1408 2159 muneris
1432 2115 1505 2160 con·

182 2181 311 2247 fessarii
334 2182 572 2266 interpretatio.

272 2271 393 2336 Verum
410 2272 474 2337 alia
490 2272 719 2355 interpretatio
736 2292 801 2335 non
809 2270 947 2336 -videtur
962 2270 1193 2354 improbabilis,
1212 2271 1394 2336 secundum
1409 2292 1505 2354 quam

182 2360 400 2425 confessarius
423 2382 488 2425 non
510 2362 613 2426 solum
637 2360 798 2425 habeatnr
820 2381 879 2442 pro
895 2360 1099 2426 mandatario
1116 2360 1271 2426 debitoris
1294 2360 1503 2444 paenitentis,

182 2449 239 2512 sed
263 2448 379 2513 electio
396 2449 585 2514 confessarii
608 2449 708 2514 etiarn
732 2470 790 2533 pro
807 2449 1011 2531 negotiorum
1035 2455 1166 2530 gestore
1190 2448 1364 2515 creditoris
1388 2470 1503 2533 appro-

183 2538 279 2601 betur
295 2538 464 2604 voluntate
487 2538 740 2620 interpretativa
764 2539 804 2603 ab
827 2538 984 2614 omnibus,
1009 2537 1124 2618 quibus
1147 2537 1304 2605 acciderit
1327 2538 1401 2620 pati
1416 2538 1504 2603 dam·

183 2647 259 2690 num
289 2647 348 2708 per
371 2626 499 2710 culpam
522 2626 679 2704 alienam,
711 2627 751 2692 ad
776 2627 861 2708 quod
891 2627 1107 2709 reparandum
1132 2626 1353 2692 confessarius
1378 2627 1503 2692 demum

183 2714 390 2797 paenitentes
413 2736 486 2779 reos
509 2716 717 2797 permoverit.
756 2715 847 2791 Quod
871 2715 898 2779 si
922 2715 969 2781 ita
993 2718 1053 2791 est,
1078 2715 1258 2798 assignatio
1282 2736 1433 2781 summae
1456 2737 1504 2780 re·

182 2802 363 2868 stitutionis
386 2803 585 2868 confessario
609 2803 699 2870 facta
723 2804 878 2869 debitoris
902 2803 1133 2886 obligationem
1158 2805 1350 2886 exstinguit.
1393 2805 1503 2887 Neque

184 2913 316 2957 necesse
333 2898 384 2959 est
406 2899 443 2959 ut
459 2893 677 2958 confessarius
694 2914 848 2976 expresse
865 2894 988 2974 cogitet
1011 2914 1047 2956 se
1070 2894 1198 2958 nomine
1218 2893 1392 2959 creditoris
1408 2913 1502 2976 agere

183 2982 284 3057 velle;
316 2982 452 3059 sufficit,
484 2987 521 3048 ut
545 2983 685 3047 creditor
708 2983 768 3046 hoc
792 2982 887 3046 modo
911 2981 1140 3062 exstinguendi
1164 2983 1265 3047 debiti
1292 2982 1502 3049 habitualjter

183 3071 226 3137 sit
250 3076 432 3137 contentus.
480 3071 598 3147 Quodsi
624 3071 697 3136 dein
727 3071 797 3134 sire
823 3092 864 3134 ex
888 3071 982 3152 culpa
1006 3071 1196 3135 confessarii
1225 3072 1296 3136 sive
1329 3093 1374 3136 ex
1407 3072 1502 3136 infor·

182 3161 273 3225 tunio
297 3182 350 3224 res
374 3165 520 3244 ternpore
544 3160 735 3224 intermedio
759 3159 907 3242 perierit,
933 3160 1084 3223 damnum
1108 3160 1161 3224 vel
1185 3181 1205 3224 a
1228 3158 1431 3225 confessario
1454 3159 1501 3224 vel

183 3270 203 3313 a
227 3250 387 3314 creditore
411 3255 460 3314 est
484 3249 664 3314 ferendum.
711 3248 757 3312 ef.
787 3249 842 3313 Th.
867 3271 907 3312 m.
931 3248 956 3324 l,
984 3252 1078 3313 1030.

271 3338 393 3415 Immo,
430 3340 492 3403 etsi
527 3337 607 3402 haec
639 3337 757 3402 solutio
791 3337 886 3401 elicui
919 3337 1071 3403 videatur
1102 3359 1166 3400 non
1199 3336 1281 3401 satis
1317 3337 1500 3420 probabilis,

183 3426 390 3491 nibilominus
420 3428 452 3491 in
477 3427 573 3509 praxi
602 3426 774 3512 prudentia
798 3427 987 3509 plerumque
1010 3425 1208 3509 prohibebit,
1241 3427 1416 3507 quominus
1439 3448 1501 3492 mo·

184 3520 302 3578 neatur
325 3516 452 3580 debitor
475 3516 514 3580 de
538 3516 658 3580 iterata
682 3516 856 3592 solutione,
881 3514 908 3578 si
932 3515 1060 3596 quando
1083 3514 1272 3597 inculpabili
1295 3515 1500 3598 neglegentia

184 3603 367 3667 intermedii
397 3605 501 3686 prima
528 3605 646 3669 solutio
677 3605 718 3668 ad
749 3604 996 3669 effectumnon
1026 3603 1126 3669 fuerit
1157 3603 1307 3669 deducta.
1362 3604 1449 3670 Nam
1477 3602 1500 3667 si

184 3691 394 3756 intermedius
425 3714 466 3757 ex
497 3693 592 3773 gravi
623 3694 717 3775 culpa
748 3692 940 3757 solutionem
971 3714 1028 3756 seu
1056 3692 1297 3757 restitutionem
1328 3714 1393 3758 non
1419 3693 1499 3768 fecit,

186 3780 236 3843 nie
260 3781 329 3844 sine
346 3781 441 3845 dubio
461 3782 612 3845 damnum
637 3781 723 3845 ferre
747 3782 859 3847 debet:
884 3802 1080 3862 quamquam
1104 3803 1144 3845 ue
1168 3785 1238 3846 tum
1263 3781 1396 3863 quidem
1420 3781 1499 3864 prior

185 3869 239 3932 ille
263 3870 488 3935 damnificator·
517 3872 557 3933 ab
589 3870 787 3952 obligatione
816 3891 894 3951 erga
927 3892 1019 3933 suurn
1052 3870 1243 3935 creditorem
1276 3870 1360 3935 liber
1391 3871 1496 3944 evasit,

186 3957 243 4021 sed
267 3958 335 4040 ipse
360 3959 511 4022 creditori
536 3964 675 4035 tenetur.
701 3960 761 4023 sibi
785 3958 1006 4023 intermedius.

306 4184 566 4250 RESTITUTIO
592 4185 867 4250 l'At'PEltIBUS
891 4185 1210 4249 PRAEPROPERE
1234 4186 1388 4255 FACTA.

737 4342 846 4405 tusis.
875 4348 950 4415 (235)

274 4480 422 4553 Diogenes
450 4498 487 4536 ex
517 4480 696 4552 procacitate
725 4480 754 4535 in
783 4481 869 4535 turba
897 4478 1043 4535 hominum
1065 4478 1128 4537 viro
1150 4479 1249 4537 vicino
1279 4480 1375 4541 inscio
1397 4483 1497 4556 sibique

187 4559 286 4630 ignoto
309 4561 416 4634 eripuit
437 4559 618 4631 horologium
640 4560 733 4634 pretio
756 4559 874 4615 circiter
897 4560 933 4616 50
956 4577 1009 4614 mc.
1038 4558 1165 4633 illudque
1193 4559 1223 4616 in
1245 4560 1356 4620 flumen
1378 4560 1497 4639 proiecit.

187 4639 254 4694 Alia
283 4639 348 4696 vice
378 4640 405 4695 in
435 4640 483 4696 rin
512 4640 597 4696 valdo
627 4644 812 4714 frequentata
841 4637 950 4713 reperit
980 4639 1097 4695 bursam
1127 4640 1184 4698 500
1206 4659 1260 4700 mc.
1291 4643 1497 4702 continentem:
