3106 5168
178 1075 388 1161 VIRTUS
419 1074 737 1161 RELIGIONIS
766 1076 839 1160 ET
870 1076 1090 1163 CULTUS
1120 1078 1220 1163 DEI
1248 1077 1438 1165 ESSEN-

458 1200 654 1309 TIALIS,
683 1201 928 1305 EIUSQUE
958 1203 1172 1288 Lauslo.

477 1421 639 1488 ORATIO
664 1420 855 1499 EIUSQUE
878 1421 1148 1491 NEGLEOTUS.

715 1569 825 1637 dasus.
852 1580 911 1648 (56)

240 1707 433 1784 Symmachus
454 1726 508 1783 per
521 1725 616 1765 annos
637 1712 825 1766 sacramenta
845 1726 905 1765 non
925 1706 1053 1783 recepit;
1076 1705 1171 1766 sacris
1192 1706 1336 1781 interfuit,
1359 1707 1478 1786 quando

150 1787 238 1847 aliter
259 1788 361 1846 timere
385 1788 526 1857 debebat,
554 1806 591 1846 ne
620 1790 759 1862 parentes
787 1786 963 1858 offenderet,
992 1787 1044 1845 sed
1072 1787 1166 1846 solum
1188 1807 1248 1864 pro
1273 1790 1391 1865 sormo5
1417 1808 1478 1849 non

151 1871 272 1940 orabat,
300 1868 352 1927 sed
380 1887 451 1944 prae
478 1866 577 1926 taedio
605 1867 680 1926 alios
708 1866 862 1925 adstantes
890 1867 1037 1926 lustrabat
1057 1867 1106 1926 vel
1128 1867 1273 1943 imagines
1301 1872 1332 1928 et
1360 1874 1478 1930 statuas

150 1948 420 2025 corrtemplabatur3
449 1947 546 2006 minus
573 1947 661 2005 etiam
683 1946 761 2005 domi
784 1948 897 2006 orabat.
943 1946 1118 2020 ,Orationes
1140 1947 1247 2017 enim“,
1275 1948 1335 2019 ait,
1369 1950 1476 2022 ,etism

150 2047 217 2088 oum
238 2029 335 2088 adhue
356 2029 492 2100 orabam,
520 2046 566 2086 me
587 2027 661 2086 nihil
680 2027 827 2087 iuverunt.
867 2026 1025 2102 Negotium
1049 2028 1149 2103 magni
1176 2028 1332 2100 momenti,
1361 2049 1400 2089 ex
1420 2049 1478 2108 quo

149 2109 231 2169 vitae
251 2127 334 2168 meae
355 2126 460 2168 cursus
481 2107 639 2184 pendebat,
660 2125 726 2166 cum
745 2107 894 2167 instanter
913 2106 977 2166 Deo
999 2108 1264 2179 commendassem,
1286 2108 1479 2170 nihilominus

150 2190 226 2249 male
242 2188 342 2259 cessit,
364 2194 452 2265 atque
473 2187 563 2247 etiam
585 2206 650 2246 cum
672 2206 797 2258 orarem,
818 2192 851 2246 ut
864 2187 946 2246 Deus
966 2207 1013 2246 me
1027 2207 1046 2246 a
1059 2187 1146 2265 lapsu
1165 2188 1197 2248 in
1217 2194 1372 2265 peccatum
1393 2210 1478 2268 pras·

151 2274 300 2341 servaret,
329 2268 382 2328 vix
413 2287 466 2345 per
486 2287 574 2327 unam
603 2267 765 2327 alteramve
793 2266 1006 2327 hebdomadam
1026 2270 1177 2329 servabar.
1220 2269 1318 2339 Quare
1346 2269 1406 2330 iam
1430 2271 1479 2331 diu

151 2348 278 2409 orationi
300 2348 454 2409 valedixi.“

152 2454 327 2525 Quanmrun
350 2456 379 2513 1ο
404 2472 478 2530 quae
499 2452 540 2512 sit
560 2452 701 2528 obligatio
723 2457 753 2511 et
774 2452 941 2513 necessitas
961 2452 1074 2514 orandi.

348 2543 379 2601 2⁰
404 2562 479 2620 quae
501 2542 540 2601 sit
561 2541 704 2601 orationis
725 2541 868 2601 efficacia.

349 2633 379 2691 3⁰
404 2631 547 2709 quomodo
569 2631 762 2707 Symmachus
782 2650 836 2708 per
857 2631 1025 2707 neglectum
1046 2629 1189 2691 orationis
1209 2632 1389 2709 peccaverit.

746 2813 882 2881 Salutio.

88 2957 140 3017 201
240 2945 293 3011 An
317 2965 508 3022 onnnsrruu
533 2948 570 3009 lm
593 2945 632 3012 R.
654 2947 682 3011 1.
729 2945 812 3010 Esse
845 2968 883 3011 cu
912 2952 1077 3031 praecepto
1108 2946 1215 3011 diuino
1244 2944 1478 3030 obligationem

151 3036 274 3113 orandi,
298 3034 396 3117 idque
419 3033 593 3119 praecipue
616 3033 730 3099 orandi
753 3055 812 3119 per
834 3035 965 3100 modum
988 3034 1172 3119 petitionis,
1195 3034 1374 3102 innumeris
1397 3037 1480 3102 locis

150 3125 182 3192 S.
201 3125 370 3209 Scriptura
393 3124 497 3191 docet.
537 3123 584 3189 Cf.
614 3125 670 3190 Tb.
690 3146 730 3190 m.
749 3123 775 3202 1,
796 3126 870 3190 340.
891 3161 934 3168 —
959 3123 1011 3189 Ex
1034 3124 1149 3189 iisdem
1172 3123 1253 3189 loeis
1275 3129 1370 3210 patet
1392 3127 1478 3193 hanc

150 3214 382 3297 obligationem
410 3215 594 3300 frequenter
615 3232 750 3295 urgere,
782 3233 854 3278 cum
884 3211 1054 3278 iubeamur
1084 3235 1258 3300 numqaum
1282 3214 1414 3299 deficere
1445 3215 1478 3281 in

150 3305 283 3370 orando.
329 3303 494 3380 Luo.18,
518 3305 546 3369 1.

238 3409 278 3476 R.
302 3411 332 3475 2.
379 3407 477 3474 Ratio
500 3408 596 3473 huius
619 3406 827 3490 obligationis
857 3412 908 3474 est
941 3406 973 3488 1)
997 3406 1104 3473 cultus
1127 3406 1272 3486 divinus,
1297 3428 1361 3490 quo
1385 3415 1478 3477 tene·

150 3519 232 3576 mur,
258 3502 411 3580 atquem
436 3517 625 3562 exercemus
649 3517 722 3561 cum
746 3496 891 3579 quolibet
914 3496 1027 3562 orandi
1043 3515 1173 3579 genere,
1198 3497 1268 3561 sive
1283 3497 1391 3564 laudis
1406 3499 1477 3565 sive

150 3587 332 3668 gratiarum
356 3585 503 3661 actionis,
527 3590 597 3652 tum
620 3585 790 3669 speciatim
813 3587 917 3651 Deum
935 3586 1117 3660 exorand03
1142 3584 1177 3667 2)
1199 3584 1393 3668 indigentia,
1417 3588 1478 3653 im-

150 3675 263 3760 primis
287 3675 428 3759 propria,
454 3675 526 3739 dein
551 3675 649 3740 etiarn
674 3675 791 3741 aliena.
836 3674 943 3752 Quare
966 3675 1046 3740 haec
1070 3674 1183 3740 orandi
1207 3676 1388 3743 necessitas
1411 3698 1477 3744 non

151 3770 202 3831 est
225 3765 325 3830 solius
348 3763 531 3849 praecepti,
563 3763 621 3829 sed
644 3768 696 3829 est
719 3768 887 3830 necessitas
909 3766 1021 3846 medii,
1055 3769 1091 3830 ut
1120 3763 1266 3846 theologi
1289 3765 1476 3847 loquuntur.

151 3855 212 3920 Est
242 3853 327 3918 enirn
358 3854 462 3919 oratio
493 3873 550 3917 seu
582 3852 696 3937 petitio
727 3853 868 3918 medium
899 3853 1114 3931 ordinarium,
1145 3874 1284 3936 quocum
1307 3856 1479 3922 coniunxit

150 3945 239 4008 Deus
263 3942 386 4007 auxilia
409 3942 547 4024 gratiae,
572 3942 688 4024 quibus
712 3942 890 4008 efficaciter
913 3943 1083 4008 vincamus
1106 3941 1318 4009 difficultates
1342 3949 1377 4011 et
1404 3949 1477 4012 ten·

150 4032 293 4099 tationes
316 4037 350 4098 et
374 4052 521 4097 securam
546 4030 719 4096 reddamus
743 4037 898 4097 aeternas
922 4032 1038 4098 salutis
1062 4032 1317 4097 assecutionem:
1348 4033 1389 4099 de
1413 4056 1477 4118 quo

150 4123 192 4189 cf.
216 4122 361 4206 Ephes.
388 4123 417 4199 6,
440 4123 491 4185 13.
516 4123 571 4197 18;
602 4121 716 4186 Concil.
743 4122 833 4187 Tria.
859 4142 938 4186 sese.
960 4125 989 4199 6,
1014 4142 1040 4186 c.
1061 4123 1111 4187 11.

88 4242 140 4296 202
239 4227 277 4294 R.
299 4231 328 4292 3.
369 4226 534 4309 Obligatio
558 4226 671 4291 orandi
690 4227 813 4309 gravis,
838 4248 921 4308 quae
944 4226 1047 4294 oritur
1071 4249 1113 4292 ex
1137 4226 1336 4310 obligatione
1355 4231 1477 4295 colendi

149 4318 228 4399 Dei,
254 4314 381 4399 quoties
405 4321 538 4397 urgeat,
571 4337 674 4398 aeque
698 4316 872 4381 difficulter
896 4317 1141 4394 determinatur,
1170 4316 1255 4382 sicut
1279 4316 1401 4383 dictum
1426 4324 1477 4385 est

150 4428 250 4490 supra
274 4405 313 4471 de
337 4404 536 4487 obligatione
560 4405 708 4470 eliciendi
738 4410 832 4471 actus
856 4405 1015 4471 virtutum
1045 4406 1313 4488 theologicarum.
1352 4408 1475 4472 Verum

151 4496 230 4560 haec
254 4495 409 4578 impletur
438 4495 643 4559 abundanter
673 4495 713 4559 ab
744 4516 798 4570 eo,
830 4495 884 4577 qui
915 4499 1004 4571 orat,
1036 4495 1163 4577 quoties
1194 4515 1267 4560 eum
1299 4497 1476 4583 indignantia

150 4584 283 4668 propria
307 4583 348 4648 ad
373 4584 530 4649 orandum
556 4584 696 4666 obligat:
721 4585 797 4649 hacc
813 4584 897 4649 enirn
915 4584 1071 4667 obligatio
1088 4587 1193 4668 urget,
1218 4585 1346 4666 quoties
1362 4586 1476 4669 gravis
