3106 5168
479 291 586 347 Occisio
605 310 639 347 cx
658 292 747 347 officio
766 310 829 348 num
848 294 1001 348 temeraria.
1339 299 1401 364 261

166 469 206 535 R.
232 471 262 536 2.
310 470 377 535 Vix
407 490 471 534 non
503 468 619 534 eadem
651 468 846 535 certitudine
873 474 999 537 certum
1023 476 1074 537 est
1103 471 1202 538 licere
1231 471 1404 553 unicuique

75 578 143 624 non
166 558 272 624 solem
294 558 398 624 vitam
421 558 480 624 sed
503 557 602 623 etiam
626 557 853 641 integritatem
876 580 985 637 suam,
1009 560 1157 642 adeoque
1180 561 1281 628 etiarn
1305 561 1404 626 casti-

75 651 183 713 tatem
205 667 309 726 suam,
334 650 469 713 eruente
492 646 683 723 defendere;
708 653 808 730 atque
830 649 1014 730 generatim
1037 648 1148 716 licebit
1171 649 1306 715 iniurias
1329 671 1404 734 per-

76 737 208 802 sonales
238 737 418 803 efficaciter
441 737 648 821 propulsare:
680 736 795 818 quodsi
826 737 922 820 culpa
951 739 1157 821 aggressuris
1183 761 1293 805 secum
1317 739 1405 806 ferat

78 826 175 891 huius
199 826 404 904 occisionem,
429 825 461 890 iu
485 824 546 889 hoc
570 846 756 907 aggressor,
779 847 845 891 non
869 827 1022 893 defensor
1045 828 1223 912 culpandus
1247 833 1308 894 est.

168 931 208 997 R.
242 933 272 998 3.
329 930 549 997 communiter
579 930 680 997 etiam
709 932 898 998 conceditur
926 933 1065 998 similem
1096 933 1316 999 defensionem
1346 954 1404 999 seu

78 1019 218 1086 iniuriae
246 1021 487 1104 propulsiouem
518 1019 607 1086 licite
635 1019 703 1085 fieri
734 1041 832 1103 posse
855 1024 971 1087 contra
994 1022 1152 1088 iniustum
1175 1042 1404 1106 aggressorem

77 1111 237 1175 bonorum
253 1109 407 1176 fortunae
430 1113 539 1193 mopni
562 1113 727 1174 momenti:
749 1131 833 1192 quae
850 1130 928 1175 vero
948 1111 1015 1178 sint
1038 1112 1148 1196 magni
1172 1111 1338 1187 momenti,
1362 1131 1405 1177 ex

79 1198 268 1265 condicione
301 1198 371 1264 eius
403 1198 458 1279 qui
490 1197 641 1263 iniuriam
674 1198 799 1282 patitur
829 1199 954 1265 desumi
987 1201 1100 1278 debet;
1134 1205 1224 1268 certe
1256 1221 1296 1267 ea
1328 1205 1406 1267 sunt

79 1288 238 1354 momenti
259 1288 400 1354 relative
423 1287 550 1370 magni,
583 1288 773 1369 quibuscum
797 1287 868 1354 vita
891 1290 1059 1356 commode
1081 1294 1303 1368 sustentetur,
1335 1289 1405 1355 sine

80 1378 198 1460 quibus
222 1376 339 1442 misere
363 1376 511 1443 ducatur.
561 1378 619 1442 Tu.
644 1399 684 1443 m.
708 1376 784 1443 ibid.
809 1399 842 1444 n.
867 1379 941 1444 835.

170 1481 209 1549 u.
234 1484 265 1551 4.
312 1482 403 1559 Quod
433 1481 511 1546 mihi
541 1481 619 1547 licet
648 1481 691 1546 ad
721 1481 784 1547 mei
808 1481 1048 1561 defensionem,
1079 1484 1178 1550 etiam
1203 1484 1245 1551 ad
1269 1483 1405 1551 alterius

81 1572 302 1638 defensionem
326 1571 403 1636 mibi
427 1570 554 1646 licebit;
578 1591 655 1635 nam
671 1591 744 1635 eum
761 1571 814 1653 qui
838 1571 990 1638 iniuriam
1005 1572 1131 1657 patitur
1146 1573 1224 1638 mihi
1240 1594 1407 1639 assumere

80 1682 214 1746 possum
229 1661 369 1727 amioum
390 1664 433 1738 et,
458 1680 542 1741 quae
565 1659 689 1725 amicus
712 1661 847 1744 patitur,
872 1662 1058 1739 aestimare,
1082 1684 1122 1729 ac
1143 1663 1171 1728 si
1194 1663 1265 1747 ipse
1289 1663 1406 1746 patiar.

171 1758 234 1824 Sed
251 1778 449 1840 quamquam
471 1756 552 1823 haee
577 1777 676 1838 agere
699 1757 777 1822 mihi
801 1757 888 1836 licet,
912 1779 987 1824 raro
1011 1758 1169 1842 obligatio
1186 1761 1248 1828 erit
1268 1762 1407 1827 alterum

83 1852 218 1915 cruente
242 1847 434 1925 defendere,
465 1846 528 1911 nisi
551 1846 637 1911 forte
664 1846 743 1911 mibi
770 1847 957 1930 specialiter
980 1849 1171 1916 coniunctus
1194 1849 1315 1917 situel
1338 1849 1409 1916 eius

84 1936 369 2004 conservationem
393 1955 564 2001 commune
585 1936 707 2001 bonum
728 1937 884 2020 postulet.
936 1937 992 2002 Tb.
1017 1960 1057 2003 m.
1082 1938 1107 2018 I,
1132 1941 1207 2006 836.

173 2061 226 2126 Au
249 2080 441 2137 onnusrruu
466 2062 505 2123 2¹¹¹
536 2060 575 2126 R.
602 2062 631 2125 1.
678 2059 888 2125 Moderamen
918 2060 1105 2145 inculpatae
1134 2063 1262 2129 tutelae
1291 2062 1470 2133 dicitur512

83 2172 123 2217 ea
146 2151 177 2215 in
197 2153 333 2215 cruenta
350 2148 538 2215 defensione
554 2148 745 2226 moderatio,
771 2154 807 2215 ut
830 2171 895 2214 non
913 2149 1119 2234 suscipiatur,
1144 2151 1205 2216 nisi
1229 2154 1409 2218 neccssaria

83 2241 126 2307 sit
150 2240 192 2304 ad
214 2238 446 2316 defensionem,
471 2258 576 2319 neque
601 2238 673 2321 plus
696 2239 882 2304 nocumenti
905 2239 1066 2305 inferatur
1090 2241 1287 2323 aggressori,
1312 2261 1409 2322 quam

83 2329 127 2395 sit
143 2327 363 2394 necessarium
379 2326 422 2392 ad
437 2331 544 2393 tutam
560 2329 594 2391 et
610 2348 758 2393 securam
775 2327 910 2411 periculi
927 2328 1123 2395 evasionem.
1164 2329 1272 2405 Quare
1295 2331 1327 2412 1)
1343 2351 1409 2394 uon

83 2418 161 2485 licet
183 2421 320 2483 eruenta
344 2415 506 2493 defensio,
538 2416 600 2480 nisi
629 2415 694 2481 iam
718 2415 820 2483 instet
843 2417 1013 2484 moraliter
1035 2418 1197 2501 loquendo
1221 2418 1407 2502 aggressi03

85 2509 118 2590 2)
142 2527 247 2588 neque
270 2506 382 2571 licebit
404 2505 461 2570 illa
484 2510 622 2571 eruenta
645 2504 808 2585 defensio,
839 2506 867 2570 si
897 2506 994 2572 aliter
1016 2507 1086 2573 sine
1110 2508 1263 2590 graviore
1287 2508 1409 2572 incom-

84 2597 179 2661 modo
204 2594 450 2678 aggressionem
475 2593 596 2678 possim
621 2593 778 2669 evadere;
808 2593 842 2677 3)
865 2616 970 2678 neque
993 2596 1105 2662 licebit
1129 2597 1264 2675 occisio,
1289 2597 1317 2662 si
1340 2596 1409 2662 suf-

84 2685 151 2751 ficit
175 2690 274 2767 atque
297 2686 377 2750 actis
399 2706 513 2749 secura
538 2691 581 2748 eet
604 2683 798 2749 vulneratio

173 2791 212 2857 R.
239 2793 268 2856 2.
315 2791 489 2869 Attamen,
522 2812 595 2854 cum
625 2790 658 2855 in
689 2791 847 2856 eiusmodi
874 2791 1038 2859 adiunctis
1061 2797 1191 2876 tempus
1222 2814 1285 2857 non
1309 2792 1409 2860 fuerit

84 2881 222 2945 multum
252 2880 458 2958 reflectendi,
490 2885 590 2963 atque
620 2880 838 2962 periculosum
862 2901 934 2946 esso
958 2881 1080 2965 possit,
1113 2881 1284 2965 quominus
1314 2881 1410 2946 nimis

84 2969 249 3053 parcendo
280 2969 529 3050 aggressoribus
554 2969 700 3034 defensio
724 2970 845 3036 evadat
875 2990 1089 3036 non-secura:
1121 2971 1330 3037 moderamen
1361 2971 1410 3035 in·

84 3059 236 3143 culpetae
267 3058 392 3123 tutelae
423 3079 487 3122 uon
521 3059 717 3123 censendum
749 3063 801 3125 est
831 3060 972 3138 laesum,
1003 3059 1065 3125 nisi
1089 3061 1129 3126 de
1152 3060 1213 3125 hoo
1237 3059 1411 3126 manifeste

83 3149 136 3213 vel
161 3148 249 3212 clare
272 3151 410 3212 constet.

172 3269 226 3335 Au
249 3291 440 3346 cunrsrruu
472 3274 511 3336 3¹¹²
542 3271 579 3336 R.
608 3274 636 3336 1.
684 3269 796 3347 Quoad
821 3273 966 3354 prim-um
997 3293 1108 3337 casum
1140 3270 1312 3336 dicendum
1341 3273 1471 3342 estzult

84 3358 144 3436 Qui
168 3359 238 3424 sine
259 3379 378 3442 magno
396 3360 513 3443 probro
530 3359 645 3442 fugere
662 3363 740 3424 sutis
757 3382 863 3425 secure
878 3364 998 3443 potest,
1023 3364 1154 3426 tenetur
1168 3359 1278 3443 potius
1295 3360 1409 3443 fugere

84 3470 182 3531 quam
206 3469 279 3513 cum
302 3448 445 3532 periculo
468 3448 578 3516 letalis
602 3449 754 3513 laesionis
771 3448 957 3531 aggressori
974 3454 1108 3515 eruente
1125 3448 1290 3516 resistere.
1324 3448 1409 3515 Hinc

84 3538 126 3603 ad
141 3537 265 3620 fugam,
290 3537 317 3601 si
341 3537 504 3621 possibilis
521 3543 554 3604 et
572 3558 688 3603 secura
704 3542 764 3615 est,
789 3537 942 3621 religiosi,
967 3537 1086 3617 clerici,
1111 3558 1298 3604 communes
1322 3539 1409 3604 cives

83 3631 247 3693 tenentur.
295 3625 416 3703 Quibus
446 3647 526 3692 vero
555 3627 635 3710 fuga
665 3647 785 3708 magno
809 3627 949 3693 vertitur
977 3627 1114 3712 probro,
1147 3627 1170 3692 ii
1200 3626 1316 3711 fugere
1345 3649 1410 3693 non

83 3721 248 3793 tenentur,
273 3716 331 3781 sed
354 3715 579 3781 adversarium
602 3721 740 3799 possunt
763 3721 967 3800 exspectare.

173 3823 212 3890 R.
238 3826 267 3889 2.
316 3821 347 3889 Si
379 3822 475 3888 homo
505 3823 553 3888 sui
579 3843 712 3907 compos
735 3823 888 3901 militem,
920 3825 1038 3890 saltem
1069 3824 1246 3909 superioris
1277 3822 1409 3901 ordinis,

84 3911 226 3996 impetit,
251 3911 303 3977 bic
327 3918 479 3979 censetur
502 3913 718 3978 communiter
741 3914 783 3978 ad
807 3912 919 3995 fugam
943 3934 1008 3979 non
1030 3912 1145 3980 teneri.
1170 3952 1213 3962 -
1237 3914 1359 3979 Verum
1382 3911 1410 3976 si

84 4002 195 4084 agitur
211 4001 251 4065 de
271 4000 360 4067 ebrio
384 4006 418 4068 et
442 4006 581 4080 amente,
606 4000 801 4081 vulneratio,
825 4001 943 4069 saltem
959 4001 1077 4080 letalis,
1102 4002 1216 4068 illicita
1231 4003 1310 4078 erit;
1335 4021 1411 4066 nam

87 4091 118 4173 l)
141 4090 329 4156 indecorum
353 4089 473 4156 nemini
498 4095 563 4169 est,
588 4090 713 4157 ebrium
736 4091 790 4156 vel
813 4096 977 4158 amentem
1001 4092 1141 4169 evitare,
1167 4092 1200 4173 2)
1225 4091 1334 4158 ebrius
1357 4088 1408 4154 vel

84 4200 197 4246 amens
214 4179 345 4245 videtur
361 4179 417 4244 vix
441 4201 505 4245 non
529 4201 658 4264 semper
676 4179 768 4245 reddi
791 4201 886 4264 posse
910 4180 1062 4246 innoxius
1085 4181 1155 4246 sola
1172 4178 1408 4255 vulneratione,

85 4291 189 4352 eaque
212 4290 278 4334 non
300 4268 442 4336 letifera.

173 4365 379 4450 Quapropter
408 4366 471 4432 hec
503 4365 535 4431 in
566 4387 602 4431 re
632 4387 750 4432 censeo
781 4366 955 4449 Hugouem
986 4367 1194 4434 moderamen
1224 4365 1410 4448 inculpatae

83 4456 209 4522 tutelae
232 4477 296 4520 non
320 4476 480 4521 servasse.

173 4561 211 4627 R.
229 4564 261 4627 3.
301 4561 411 4637 Quoad
435 4561 607 4626 seeundum
631 4580 743 4625 casum
766 4560 912 4643 practice
936 4560 1067 4625 dubium
1091 4580 1163 4625 esse
1186 4559 1307 4642 nequit,
1332 4560 1471 4642 quin514

87 4649 213 4715 Eulalia
236 4670 273 4715 se
296 4655 411 4716 contra
433 4650 626 4714 nebulonem
650 4649 749 4714 istum
774 4653 909 4715 cruento
936 4649 1032 4715 modo
1057 4649 1231 4714 defendere
1254 4650 1409 4732 potuerit.
