3106 5168
168 297 233 360 534
661 292 702 346 De
720 291 826 361 legibus
845 291 990 348 Ecclesiae.

167 469 262 534 chum
292 466 454 533 violentas
483 489 600 533 manus
627 468 788 546 iniecerit,
827 467 1046 535 anathematis
1078 470 1206 535 vinculo
1235 470 1424 548 subiaceat,
1454 478 1485 539 et

166 558 273 623 uultus
297 557 468 641 episcopus
490 556 582 622 iilum
605 562 794 641 praesumat
818 558 990 623 absolvere
1006 557 1082 639 (nisi
1105 559 1220 626 mortis
1236 563 1378 641 urgente
1401 561 1485 644 peri·

167 645 269 728 culo),
303 646 406 711 donec
434 646 615 730 apostolico
648 645 836 730 conspectui
868 651 1097 730 praesentetur
1128 653 1162 715 et
1194 647 1263 713 eius
1295 650 1486 715 mandatum

166 734 351 819 suscipiat.“

254 824 344 901 Quae
374 822 666 890 excommunicatio
694 845 721 890 c.
746 825 922 906 (Quantae)
945 826 987 889 47
1012 824 1058 902 Χ,
1090 829 1127 903 5,
1159 827 1200 890 39
1231 826 1424 893 extenditur
1447 828 1486 893 ad

166 917 380 997 cooperantes
409 933 474 977 uon
512 913 616 977 solum
647 911 803 996 positive,
842 913 900 978 sed
938 911 1038 978 etiam
1067 913 1222 996 negative
1252 920 1485 998 cooperantes:

170 1002 239 1081 ,Ne
262 1005 372 1067 autem
396 1002 484 1066 solos
500 1000 677 1067 violentiae
700 1001 881 1066 huiusmodi
897 1006 1049 1067 auctores
1065 1002 1245 1084 aliquorum
1262 1005 1486 1089 praesumptio

166 1091 334 1157 existimet
356 1090 546 1174 puniendos,
571 1090 730 1156 facientes
753 1095 788 1156 et
811 1091 1053 1157 eonsentientes
1068 1091 1140 1174 pari
1163 1113 1269 1176 poena
1283 1093 1486 1176 plectendos,

166 1179 328 1246 catholica
351 1180 548 1245 condemnat
571 1179 761 1248 auctoritas.
808 1180 875 1245 Eos
905 1179 1165 1261 delinquentibus
1188 1181 1302 1247 favere
1326 1182 1487 1267 interpre-

166 1274 285 1347 tamur,
310 1268 375 1350 qui,
400 1289 473 1333 cum
496 1268 632 1351 possint,
656 1267 831 1334 manifesto
854 1268 993 1334 facinori
1017 1269 1168 1334 desinunt
1191 1270 1358 1336 obviare“.

255 1358 357 1422 Immo
382 1378 408 1423 c.
434 1360 476 1422 23
493 1357 522 1421 Χ
547 1360 576 1434 5,
604 1360 641 1422 11
659 1357 693 1421 in
711 1361 742 1422 6ο
757 1357 814 1422 illa
837 1357 950 1423 eadem
966 1378 1072 1440 poena
1086 1358 1120 1423 in
1136 1358 1364 1425 ratihabentes
1380 1364 1486 1425 statu·

165 1447 250 1513 itur:
281 1447 376 1524 ,Cum
400 1445 472 1527 quis
496 1446 618 1527 absque
648 1449 705 1510 tuo
736 1446 891 1513 mandato
921 1467 1036 1512 manus
1066 1446 1159 1514 inicit
1190 1447 1223 1512 in
1254 1448 1411 1514 clericum
1438 1459 1487 1515 tao

165 1539 291 1602 nomine
314 1534 492 1612 violentas,
523 1537 552 1599 si
574 1536 629 1599 boc
652 1543 757 1599 ratum
788 1537 953 1616 habueris,
985 1535 1356 1602 excommunicationem
1386 1538 1487 1604 latam

166 1647 186 1690 a
210 1645 333 1690 canone
356 1623 584 1689 incunctanter
605 1623 753 1702 incurris,
778 1646 850 1689 cnm
873 1624 1062 1691 ratihabitio
1078 1625 1322 1692 retrotrahatur
1338 1631 1373 1692 et
1397 1648 1486 1692 man·

167 1714 243 1779 dato
268 1715 504 1796 comparetur.“

88 1814 156 1870 1042
255 1802 294 1867 R.
320 1804 349 1867 2.
396 1800 497 1878 Quem
521 1821 677 1866 canonem
701 1800 878 1884 resumpsit
900 1800 1089 1868 constitutio
1111 1805 1239 1887 ,Apoat
1263 1803 1361 1870 Sed.“
1388 1806 1486 1871 sent

167 1897 229 1958 art.
255 1894 274 1954 2
298 1890 349 1955 his
374 1891 497 1955 verbis:
533 1889 723 1967 ,Violentas
746 1911 877 1968 manus,
902 1891 1060 1956 suadente
1084 1891 1228 1969 diabolo,
1260 1891 1434 1960 inicientes
1455 1893 1486 1958 in

167 1979 302 2045 clericos
324 1980 377 2044 vel
402 1979 571 2060 utriusque
594 2000 693 2044 sexus
718 1978 903 2057 monachos,
928 1980 1075 2063 exceptis
1098 1981 1205 2062 quoad
1228 1982 1486 2048 reservationem

167 2069 297 2135 casibus
319 2073 354 2134 et
376 2069 534 2152 personis,
560 2068 600 2132 de
623 2067 739 2150 quibus
762 2068 832 2133 iure
854 2069 908 2133 vel
930 2068 1101 2152 privilegio
1124 2069 1338 2153 permittitur,
1363 2075 1402 2138 ut
1423 2071 1486 2156 epi·

167 2180 283 2243 scopus
307 2161 365 2224 aut
388 2158 471 2223 alius
494 2157 676 2223 absolvat.“

254 2247 350 2314 Unde
374 2248 478 2313 oritur
494 2247 652 2329 quaestio,
677 2249 786 2311 utrum
809 2245 898 2310 hisce
916 2245 1026 2311 verbis
1050 2245 1112 2311 Pii
1136 2246 1181 2311 IX
1204 2246 1360 2329 antiquus
1385 2268 1486 2313 canon

166 2337 423 2403 moderationem
439 2335 612 2418 acceperit,
630 2355 747 2411 necue;
767 2334 946 2418 speciatim,
964 2338 1073 2399 utrum
1084 2335 1270 2402 etiamnunc
1286 2347 1486 2422 cooperantes

167 2429 201 2491 et
224 2427 437 2491 ναι-1161111111
460 2424 793 2508 comprehendantur,
825 2444 866 2488 an
891 2423 952 2507 ipsi
980 2428 1122 2502 tantum,
1156 2424 1210 2507 qui
1234 2449 1268 2491 re
1297 2447 1417 2491 manus
1439 2426 1485 2490 iu·

167 2514 278 2580 iciant.

256 2604 295 2669 R.
329 2606 358 2669 3.
412 2601 482 2678 Qua
514 2602 546 2665 iu
579 2622 616 2666 re
648 2622 712 2666 non
747 2599 858 2666 dubito
894 2621 1042 2666 asserere
1077 2606 1307 2686 cooperatores
1340 2606 1375 2668 et
1407 2603 1485 2668 rati·

167 2692 326 2756 habentes
358 2689 684 2755 excommunicationi
716 2689 902 2763 subiacere,
935 2689 1020 2755 sicut
1052 2695 1160 2757 antea.
1219 2690 1306 2756 Nam
1342 2712 1383 2756 116
1419 2696 1485 2758 tum

168 2781 297 2862 quidem
325 2779 356 2844 S.
382 2779 555 2844 Pontifices
582 2778 766 2845 iudicarunt
796 2799 915 2842 novum
945 2777 1066 2860 requiri
1096 2800 1272 2857 canonem,
1304 2785 1342 2846 ut
1376 2802 1485 2845 omnes

167 2869 221 2935 isti
252 2890 358 2952 poena
388 2868 502 2933 eadem
532 2868 639 2932 affecti
673 2869 887 2943 exsisterent;
918 2868 973 2931 sed
1006 2888 1062 2931 eos
1092 2889 1208 2933 revera
1237 2869 1352 2933 eadem
1383 2891 1485 2953 poena

168 2957 271 3036 affici,
303 2958 394 3040 sequi
419 2979 461 3022 ex
484 2961 602 3022 natura
626 2957 758 3021 canonis
781 2956 914 3040 prioris;
946 2978 984 3021 ac
1006 2957 1099 3040 proin
1131 2979 1157 3022 c.
1183 2960 1328 3038 Quantae
1351 2963 1386 3024 ct
1411 2960 1483 3024 Cain

168 3052 239 3133 quis
263 3069 334 3112 esse
358 3047 461 3112 solam
477 3045 782 3129 interpretationem
800 3046 1100 3128 comprehensivam
1121 3045 1244 3128 antiqui
1270 3047 1405 3111 canonis
1428 3048 1485 3111 111·

168 3136 340 3202 nocenti
364 3137 395 3200 11
419 3138 455 3201 Si
478 3139 549 3220 quis
572 3137 733 3201 sciciderrte.
781 3135 872 3210 Quod
897 3134 923 3197 si
955 3135 1003 3200 ita
1026 3140 1093 3212 est,
1126 3134 1224 3199 etiam
1242 3135 1410 3201 articulus
1435 3137 1486 3200 2⁰³⁸

169 3247 231 3292 ser.
258 3229 299 3289 2⁸⁶
323 3224 567 3290 constitutionis
596 3227 793 3308 Apostolicce.
824 3225 917 3288 Sedis
949 3224 1062 3288 eadem
1093 3224 1219 3289 ratione
1247 3224 1485 3306 intellegendus

168 3319 228 3393 est,
254 3336 324 3379 cum
350 3314 437 3378 nullo
463 3313 557 3377 modo
582 3313 781 3378 moderatius
804 3313 959 3393 loquatur
982 3334 1077 3393 quam
1104 3333 1207 3377 canon
1232 3313 1397 3394 antiquus.

256 3403 372 3485 Neque
402 3404 512 3468 obstat
542 3402 704 3483 generalis
734 3401 791 3466 illa
822 3401 922 3477 ratio,
954 3402 1038 3482 quod
1066 3401 1164 3465 Pius
1187 3401 1232 3465 IX
1265 3401 1403 3467 laudata
1433 3403 1487 3467 illa

168 3493 400 3557 constitutione
431 3512 585 3556 censuras
609 3490 750 3555 voluerit
773 3490 982 3571 restringere.
1015 3491 1099 3554 Nam
1124 3511 1180 3555 aas
1203 3511 1281 3554 sane
1305 3492 1486 3567 restrinxit,

169 3581 225 3645 sed
250 3603 313 3645 non
338 3601 450 3644 omnes
473 3580 615 3657 sustulit,
640 3579 739 3645 immo
763 3579 883 3644 multas
907 3579 939 3643 iu
964 3580 1058 3662 pleno
1083 3579 1190 3660 rigore
1206 3579 1369 3645 sustinere
1385 3581 1488 3645 voluit

169 3675 202 3735 et
226 3670 380 3734 sustinuit
403 3673 502 3750 atque
526 3669 558 3732 in
581 3671 642 3733 bac
666 3669 737 3750 ipsa
760 3689 897 3733 censura
913 3669 1020 3750 quoad
1036 3668 1291 3734 reservationem
1308 3674 1343 3735 et
1359 3670 1488 3735 absolu·

168 3759 289 3823 tionem
306 3759 399 3840 plene
416 3758 555 3823 remittit
567 3758 608 3822 ad
625 3758 674 3821 ius
692 3756 870 3838 antiquum.
903 3757 1017 3838 Neque
1034 3758 1145 3823 obstat
1161 3757 1275 3839 regula
1290 3757 1487 3842 interpreta-

168 3848 276 3922 tionis,
294 3850 404 3910 odiosc
421 3870 485 3911 esse
501 3849 731 3930 restrinpendo.
760 3846 846 3911 Nam
863 3843 966 3910 canon
982 3846 1036 3910 ille
1053 3868 1115 3910 non
1133 3847 1237 3910 solum
1254 3850 1369 3928 utpote
1385 3869 1488 3931 poena

169 3957 227 4018 pro
238 3958 273 3999 re
286 3935 398 3999 odiosa
410 3936 558 4011 habetur,
577 3936 632 3999 sed
648 3935 839 4018 praeprimis
856 3936 896 3999 ab
910 3935 1057 3999 omnibus
1070 3936 1211 4000 refertur
1223 3935 1309 4000 inter
1320 3940 1487 4022 prieitrpin

170 4026 370 4099 clericorum,
395 4030 494 4104 atque
519 4045 590 4087 eum
616 4024 770 4088 eiusmodi
789 4023 993 4106 privilegium
1018 4045 1089 4089 esse
1114 4026 1154 4089 ab
1171 4024 1319 4088 omnibus
1345 4026 1487 4099 docetur.

170 4116 254 4196 quod
278 4113 514 4196 rigorosissime
539 4114 742 4179 custodiatur
765 4118 863 4194 atque
881 4112 1068 4176 difficillime
1092 4115 1272 4179 amit-tatur.
1306 4114 1367 4178 1116
1390 4116 1488 4197 privi-

169 4205 245 4284 legii
269 4205 441 4267 character
458 4203 556 4267 etiarn
573 4203 657 4265 ratio
674 4206 756 4276 erat,
774 4224 831 4265 cur
847 4223 949 4265 canon
967 4203 1120 4282 antiquus
1137 4209 1269 4284 praeter
1285 4223 1488 4268 communem

170 4314 346 4373 poenarum
377 4293 680 4373 interpretationem
712 4291 1016 4372 interpretationem
1047 4292 1147 4355 latam
1179 4301 1342 4375 tcniqanrn
1372 4317 1431 4378 per
1459 4315 1488 4356 sc

172 4385 215 4444 tto
248 4386 367 4445 ctorem
393 4382 527 4445 sortitus
558 4381 616 4453 sit,
655 4385 692 4444 ut
716 4382 747 4444 S.
773 4380 926 4443 Pontifex
956 4380 1153 4444 strictiorem
1185 4381 1487 4462 interpretationem

171 4475 373 4534 temerariam
398 4492 454 4533 seu
485 4468 818 4552 ,praesumptionem“
846 4489 963 4532 vocare
988 4490 1052 4531 non
1076 4469 1286 4536 dubitaverit.

259 4560 473 4623 Consentiunt
513 4557 734 4632 Avanzini,
780 4561 945 4622 Concurrent.
986 4561 1018 4621 in
1057 4559 1175 4622 bullum
1211 4562 1340 4641 „sipost
1375 4561 1488 4640 Sais,

171 4647 348 4712 Commeat.
373 4648 624 4722 PatavinuS,
650 4647 798 4711 1111111116
823 4669 914 4711 revue
938 4648 1025 4712 111161.
