3106 5168
170 273 235 338 520
662 266 702 320 Ι)6
720 266 828 334 legibus
846 267 993 322 Ecclesiae.

259 444 298 509 R.
330 445 360 509 2.
410 442 577 508 Perochus
605 442 707 525 igitur
735 442 831 525 gravi
860 443 1111 526 reprehensione
1140 464 1182 508 ex
1211 447 1308 526 parte
1340 443 1493 510 ordinarii

169 531 220 598 sui
244 532 361 614 dignus
385 535 452 608 est;
477 536 625 598 ettamen
648 553 819 597 censuram
843 532 984 614 aliquam
1008 553 1073 597 non
1096 531 1243 598 incurrit.
1282 533 1410 600 Exstat
1425 535 1492 615 qui·

171 622 243 686 dem
267 620 378 702 aliqua
401 641 539 686 censura
562 621 594 685 iu
619 622 707 686 bulla
732 623 840 706 Apost.
858 623 930 687 Sed.
954 642 1017 686 ser.
1034 621 1090 698 Vl,
1114 620 1267 686 videlicet
1289 624 1492 687 111161ᾱί01010

171 712 212 775 01
229 713 372 795 inpressa
390 712 534 775 ccclesiae
549 709 582 774 in
598 731 664 786 eos,
689 711 744 792 qui
763 710 804 774 ad
821 709 1075 775 ecclesiasticam
1093 711 1294 793 sepulturam
1312 712 1492 777 admittunt

163 796 479 876 'excommunicatos
504 799 561 863 sed
585 803 772 864 nominatim
796 800 1094 865 excommunicatos
1116 802 1256 866 tanturn.
1299 799 1393 865 Inter
1414 822 1492 882 quos

169 908 242 953 cum
265 888 448 971 Leopoldus
472 891 561 953 certo
584 909 649 952 non
672 892 890 965 recenseatur,
915 909 1053 971 poenam
1076 887 1165 953 latae
1187 889 1373 956 sententiae
1396 911 1491 972 paro·

169 976 249 1042 chus
272 997 336 1041 nou
359 975 505 1042 incurrit.

169 1193 379 1259 SCRIPTOR
406 1194 528 1259 MALE
557 1192 816 1260 PROVOOANS
843 1192 904 1258 AD
933 1192 1171 1259 CONCILIUM
1195 1191 1489 1260 UNIVERSALE.

725 1343 836 1409 Casus.
864 1349 940 1418 (309)

257 1481 394 1540 Leander
422 1481 617 1556 theologicum
646 1501 719 1558 opus
741 1481 861 1558 scripsit
883 1482 1011 1558 illudque
1036 1480 1100 1539 sine
1121 1481 1210 1539 venia
1231 1480 1375 1540 ordinarii
1401 1483 1490 1559 publi·

168 1562 294 1621 candum
315 1562 439 1632 curavit,
462 1562 547 1620 novis
566 1561 708 1620 doctrinis
730 1563 878 1621 refertum.
914 1561 998 1630 Quod
1019 1581 1084 1620 cum
1105 1561 1227 1619 Romam
1249 1560 1380 1620 delatum
1403 1569 1490 1634 esset,

169 1661 207 1700 ex
228 1641 365 1699 mandato
388 1641 416 1700 S.
438 1641 590 1700 Pontificis
618 1642 646 1700 S.
670 1641 807 1701 Officium
835 1642 922 1700 iussit
950 1648 1010 1700 tum
1037 1647 1158 1717 propter
1185 1641 1346 1700 indebitum
1375 1644 1490 1702 modum

167 1721 351 1798 publicandi,
380 1727 442 1778 111111
465 1727 583 1797 propter
604 1741 733 1781 errorum
755 1721 952 1798 suspicionem
975 1742 1012 1780 611
1033 1722 1170 1780 mandato
1193 1721 1221 1780 S.
1243 1721 1401 1781 Pontificis
1422 1723 1490 1781 illud

168 1820 242 1878 opus
263 1801 293 1858 in
313 1801 439 1859 iudicem
457 1801 561 1860 referri
582 1806 612 1861 61
633 1801 803 1878 specialiter
816 1801 972 1879 prohiberi.
1004 1801 1088 1872 Quod
1108 1801 1228 1874 indigne
1242 1801 1343 1859 ferens
1357 1803 1491 1862 Leander

169 1900 283 1940 omnem
305 1880 430 1957 lapidem
451 1887 560 1952 movet,
581 1888 614 1940 ut
634 1883 711 1940 ictus
731 1882 810 1940 illius
827 1883 886 1940 vim
904 1882 1044 1952 declinet3
1066 1881 1181 1957 publice
1201 1881 1232 1938 in
1254 1882 1491 1956 ephemeridibus

46 2003 49 2008 ψ
168 1966 350 2038 protestatur
378 1967 407 2019 61
435 1980 538 2020 secure
566 1962 639 2020 dicit
666 1982 698 2020 se
722 1962 856 2020 subicere
877 1982 960 2020 suam
983 1962 1144 2020 doctrinam
1166 1960 1328 2020 universali
1355 1964 1489 2033 concilio,

167 2060 226 2100 non
247 2061 318 2100 vero
339 2041 439 2117 Papae
459 2041 584 2110 iudicio,
612 2043 677 2117 qui,
705 2043 782 2101 male
803 2043 973 2112 consultus,
998 2042 1183 2100 damnaverit
1204 2060 1293 2116 opus,
1318 2044 1397 2117 quod
1419 2043 1490 2101 certi

167 2121 276 2180 erroris
297 2121 434 2180 incusare
456 2141 493 2180 ne
515 2142 605 2181 ausus
626 2123 741 2197 quidem
763 2122 810 2181 eit.

167 2223 344 2295 Quauarrua
364 2226 431 2303 quid
454 2227 489 2284 de
511 2227 617 2301 agendi
638 2225 753 2285 ratione
768 2226 896 2284 Leandri
917 2232 946 2284 et
968 2226 1071 2302 poenis
1092 2230 1249 2303 propterea
1271 2228 1489 2287 contrahendis.

760 2409 895 2476 Salutio.

87 2567 156 2622 1017
256 2552 309 2616 An
332 2571 523 2626 ouaasrrurr
547 2550 585 2616 R.
612 2553 640 2616 1.
686 2550 835 2616 Leander
869 2556 959 2618 certo
994 2551 1140 2633 graviter
1181 2551 1333 2634 peccavit
1373 2556 1487 2617 contra

170 2639 293 2704 bullam
314 2638 521 2717 ,Officiorum
546 2660 584 2703 ac
600 2642 802 2705 munerum“.
833 2640 920 2705 Nam
938 2641 1026 2706 clare
1042 2640 1275 2724 praescribitur
1291 2640 1367 2706 ibid.
1386 2663 1417 2709 11.
1435 2645 1485 2715 41,

168 2749 280 2793 omnes
314 2728 426 2792 fideles
463 2727 568 2793 teneri
600 2728 754 2810 praeviae
786 2749 941 2793 censurae
980 2729 1221 2794 ecclesiasticae
1252 2730 1401 2795 subicere
1434 2752 1488 2795 eos

167 2817 285 2882 saltem
315 2817 430 2894 libros,
463 2816 594 2898 qui...
625 2837 752 2881 sacram
783 2818 1055 2899 theologiam...
1087 2818 1212 2882 aliasve
1236 2818 1409 2900 religiosas
1432 2823 1488 2884 aut

167 2907 308 2970 morales
333 2905 520 2988 disciplinas
544 2905 730 2988 respiciant.

256 2994 345 3071 Quae
369 2997 424 3059 lex
448 3016 567 3075 genere
591 3015 649 3058 suo
672 2994 784 3076 gravis
809 2999 869 3071 est,
895 3016 1031 3076 eamque
1048 2996 1195 3060 Leander
1212 3016 1250 3060 eo
1267 2997 1403 3077 gravius
1419 2997 1485 3061 vio·

167 3084 259 3160 lavit,
285 3084 370 3164 quod
393 3085 577 3167 suspicatus
598 3082 749 3148 videatur
765 3105 836 3148 esse
860 3084 1097 3161 difficultatem,
1122 3105 1217 3166 quam
1243 3105 1286 3149 ex
1303 3087 1397 3149 novis
1413 3086 1485 3149 doc·

166 3173 262 3237 trinis
286 3173 453 3237 tradendis
477 3174 592 3238 timere
622 3173 730 3255 potnit
753 3173 927 3250 orituram,
960 3195 1001 3236 116
1025 3173 1111 3238 10116
1135 3174 1320 3238 ordinarius
1343 3175 1485 3257 publica·

167 3262 287 3327 tionem
312 3261 532 3328 interdiceret.

255 3368 293 3431 R.
319 3371 348 3433 2.
382 3367 535 3432 Graviter
550 3365 649 3431 etiam
666 3370 782 3449 peccat
794 3366 942 3430 Leander
957 3368 1084 3449 publice
1095 3367 1335 3450 reprehendens
1352 3369 1485 3433 damna·

167 3456 290 3521 tionem
313 3456 362 3520 sui
385 3456 459 3519 libri
483 3476 503 3520 a
527 3455 559 3521 S.
585 3456 666 3519 Sede
691 3459 724 3520 et
741 3456 771 3520 S.
791 3455 905 3520 Officio
930 3456 1070 3532 factam;
1094 3457 1168 3521 huic
1191 3457 1277 3521 euim
1301 3458 1429 3523 sincere
1452 3478 1485 3521 se

167 3545 359 3610 submittere
394 3544 543 3609 debebat.
570 3583 610 3591 -
636 3544 775 3608 Dubium
799 3544 922 3608 moveri
954 3549 1080 3627 potest,
1115 3566 1191 3609 uum
1224 3548 1484 3612 excommunica·

167 3632 289 3698 tionem
312 3632 373 3697 hac
397 3633 446 3697 sui
476 3634 549 3698 libri
580 3633 767 3697 defensione
798 3639 832 3698 61
862 3635 1113 3715 reprehensione
1142 3633 1251 3698 iudicii
1275 3635 1414 3700 Romani
1438 3637 1485 3700 in-

167 3722 314 3785 currerit.
362 3721 452 3797 Quod
476 3724 532 3788 boc
555 3725 616 3786 solo
640 3725 730 3786 tilulo
754 3744 817 3786 uon
843 3728 989 3804 apparet.

88 3817 156 3871 1018
256 3810 292 3873 ln
309 3812 531 3890 quaestionem
549 3811 634 3876 trahi
652 3816 761 3894 potest
779 3833 808 3875 n.
827 3814 845 3874 2
863 3833 924 3875 ser.
943 3811 992 3875 1⁸⁰:
1012 3812 1223 3876 defendentes
1239 3812 1339 3876 libros
1360 3813 1392 3894 1)
1409 3814 1484 3877 hae-

166 3899 341 3965 reticorum
369 3897 527 3964 haeresim
553 3905 814 3982 propugnantem
849 3902 882 3974 2)
907 3900 1098 3965 nominatim
1130 3922 1188 3983 per
1218 3901 1348 3966 litteras
1381 3908 1482 3985 apost.

167 3988 355 4071 prohibitos.
403 3989 466 4052 Sed
493 3988 523 4068 1)
549 3991 687 4052 nondum
714 3993 843 4052 constat
859 3989 1039 4053 Leamlrum
1058 4011 1129 4053 esse
1147 3990 1356 4065 haereticum,
1382 4013 1484 4072 neque

166 4078 281 4142 librum
306 4080 451 4142 haereses
474 4099 693 4159 propugnare
729 4077 790 4141 etsi
815 4078 899 4141 euim
924 4079 1004 4142 liber
1034 4085 1168 4160 propter
1200 4100 1347 4143 errorum
1381 4083 1484 4163 suspi-

167 4168 290 4231 cionem
315 4167 487 4231 damnatus
511 4167 564 4243 sit,
590 4167 730 4230 nondum
759 4167 876 4231 dicitur
901 4188 973 4231 eum
989 4170 1132 4232 haereses
1149 4169 1316 4233 continere
1333 4168 1386 4232 vel
1412 4192 1484 4252 pro·

166 4277 322 4338 pugnare,
348 4277 396 4332 ac,
421 4256 483 4320 etsi
508 4277 542 4319 re
566 4277 645 4319 vera
668 4256 715 4320 ita
738 4257 805 4331 fiat,
830 4257 945 4319 saltem
970 4256 1002 4319 id
1026 4257 1073 4321 ita
1090 4278 1161 4320 esse
1178 4258 1318 4320 noudum
1345 4264 1483 4322 constat.

167 4344 374 4428 Quapropter
403 4344 460 4408 illa
491 4344 564 4407 libri
595 4344 739 4408 defensio
765 4344 945 4409 certissime
969 4367 1032 4409 non
1058 4352 1108 4411 est
1138 4349 1288 4422 ῃ30101161
1311 4347 1484 4411 defendere

166 4432 281 4497 librum
307 4434 463 4499 haeretici
480 4433 639 4497 haeresim
656 4438 949 4515 propugnantem.
982 4434 1070 4509 Quod
1095 4457 1174 4498 vero
1192 4435 1225 4514 2)
1243 4436 1364 4501 attinet
1387 4437 1485 4501 libros

166 4523 356 4588 nominatim
387 4544 445 4604 per
469 4523 598 4588 litteras
628 4544 679 4604 ap.
711 4522 905 4604 prolribitoS,
937 4524 969 4587 iu
993 4525 1107 4588 horum
1132 4546 1267 4589 numero
1291 4525 1346 4604 (de
1370 4527 1485 4607 quibus

166 4615 234 4675 112
262 4633 323 4676 ser.
342 4611 377 4674 1²⁰
402 4613 530 4676 constit.
556 4614 663 4696 Apost.
682 4612 787 4692 Sedis)
819 4612 899 4675 liber
922 4613 1060 4676 Leandri
1092 4614 1204 4695 reponi
1229 4615 1352 4695 nequit.
1401 4616 1485 4680 Nam
