3106 5168
183 304 327 360 censurae.
344 335 379 343 -
398 304 598 359 Excommunio.
617 304 646 358 in
664 311 834 374 apostatare
853 322 930 360 sacro
948 307 1023 360 statu
1037 323 1090 375 per
1107 306 1316 359 matrimonium.
1348 307 1411 371 531

92 480 183 548 ferri.
229 480 331 544 Immo
355 479 383 544 si
406 501 427 545 a
448 484 527 545 voto
551 479 759 563 dispensandi
782 481 925 547 facultas
948 480 1042 558 desit,
1068 480 1276 546 nihilominus
1298 481 1413 547 matri·

92 569 236 635 monium
259 568 351 646 inire,
375 590 447 634 cum
471 572 583 634 mutuo
606 569 773 653 proposito
789 571 881 634 firmo
897 571 949 635 vel
972 575 1085 636 mutua
1109 569 1323 653 promissione
1338 570 1414 636 abs-

93 659 219 725 tinendi
247 657 376 725 interim
408 679 429 723 a
458 657 655 724 matrimonii
685 679 762 736 usu,
799 658 948 724 illicitum
977 680 1041 724 uon
1072 659 1188 737 fuerit,
1225 659 1253 723 si
1283 659 1413 741 quando

94 747 276 814 necessitas
299 746 532 828 legitimandae
561 747 663 831 prolis
693 751 811 829 urgeat
834 752 868 814 et
890 747 972 813 haec
994 747 1038 814 sit
1061 747 1260 813 matrimonii
1282 747 1413 812 ineundi

94 857 204 904 causa.
237 836 299 903 Sed
322 836 378 900 ille
401 835 515 901 modus
537 835 667 901 ineundi
692 837 900 915 matrimonii,
925 837 1016 902 cuius
1031 836 1155 901 iuribus
1178 836 1333 919 coniuges
1348 836 1415 902 frui

92 947 158 991 non
182 925 318 1009 possint,
342 924 421 989 nihil
445 925 580 1003 iuvabit,
606 925 634 989 si
650 925 745 1004 ratio,
771 946 828 990 cur
843 925 1085 991 matrimonium
1109 925 1153 992 sit
1175 926 1320 991 validum
1339 926 1413 992 red·

93 1015 252 1092 dendum,
287 1014 412 1080 nitatur
448 1013 482 1079 in
520 1013 662 1098 periculo
696 1014 868 1098 peccandi,
908 1014 940 1079 in
979 1036 1042 1098 quo
1080 1014 1223 1099 putativi
1261 1014 1415 1096 coniuges

93 1107 277 1170 versentur.

183 1201 223 1267 R.
248 1204 277 1266 3.
324 1200 491 1279 Attamen,
515 1204 552 1265 ut
569 1199 645 1278 dixi,
669 1200 703 1264 in
727 1221 805 1266 casu
820 1203 933 1267 nostro
949 1201 1014 1266 alia
1030 1200 1129 1267 etiarn
1154 1201 1296 1267 obstant.
1328 1201 1415 1266 Narn
1426 1207 1493 1262 1037

93 1295 230 1374 propter
248 1288 419 1354 Misenatis
437 1289 655 1354 condicionem
672 1291 908 1356 sacerdotalem
924 1289 1125 1373 possibilitas
1147 1289 1285 1355 sanandi
1300 1290 1415 1355 matri·

93 1379 194 1443 monii
218 1379 321 1444 abest.
368 1377 474 1454 Quare
497 1378 576 1443 nihil
600 1383 722 1455 restat,
754 1379 815 1444 uisi
842 1384 879 1445 ut
902 1379 1045 1444 Miserias
1069 1384 1103 1445 et
1125 1378 1261 1445 Luculla
1284 1379 1414 1445 omniuo

93 1475 293 1553 separamur.
340 1467 402 1531 Pro
426 1468 562 1533 Luculla
585 1468 716 1533 occlusa
739 1489 803 1533 nou
827 1472 878 1533 est
901 1469 955 1533 via
986 1468 1155 1533 habendae
1178 1467 1373 1533 dimissionis
1397 1489 1415 1533 e
1482 1544 1485 1553 Ι

92 1556 248 1639 religiosa
271 1555 525 1637 congregatione
549 1560 583 1622 et
606 1556 856 1640 dispensationis
879 1578 899 1622 a
923 1557 1019 1623 votis.
1065 1557 1157 1622 Haec
1179 1557 1234 1623 via
1257 1557 1416 1624 tentanda

94 1649 162 1723 est,
196 1649 295 1726 atque
325 1645 397 1727 ipsa
427 1645 592 1710 concessio
623 1645 874 1730 dispensationis
904 1667 924 1711 a
954 1649 1032 1712 voto
1063 1645 1227 1712 castitatis
1256 1646 1416 1712 tentanda

93 1737 156 1813 est,
180 1733 208 1798 si
232 1733 387 1817 expedire
410 1734 570 1811 videatur,
595 1737 632 1800 ut
654 1734 789 1799 Luculla
813 1756 885 1800 curn
909 1734 973 1800 alio
996 1736 1133 1800 honesto
1153 1734 1224 1800 viro
1247 1736 1416 1801 matrimo-

92 1823 182 1888 nium
206 1822 305 1890 ineat.

183 1921 222 1987 R.
247 1923 277 1986 4.
324 1919 436 1997 Quoad
459 1919 655 1986 Misenatem
685 1920 763 1984 nihil
788 1919 998 2002 relinquitur,
1030 1920 1090 1985 nisi
1114 1926 1151 1986 ut
1173 1921 1351 1987 reducatur
1373 1921 1416 1986 ad

92 2008 261 2074 meliorem
276 2008 405 2091 frugem
429 2013 463 2075 et
485 2009 526 2074 ad
542 2011 669 2074 firmum
685 2009 886 2094 propositum
903 2010 1005 2076 vitam
1029 2009 1266 2075 sacerdotalem
1282 2009 1415 2091 dignam

92 2099 128 2163 in
157 2103 324 2182 posterum
347 2099 493 2164 ducendi.
540 2098 733 2175 Quaerenda
763 2103 814 2164 est
846 2098 901 2163 via
932 2119 1005 2163 eum
1036 2099 1182 2163 solvendi
1212 2119 1276 2163 non
1310 2098 1414 2163 solum

93 2188 136 2253 ab
160 2187 493 2253 excommunicatione
518 2185 645 2271 (quarn,
678 2189 705 2253 si
735 2187 914 2272 periculum
943 2186 1058 2253 mortis
1088 2186 1247 2265 adfuerit,
1279 2186 1416 2269 quilibet

93 2276 312 2342 confessarius
328 2281 438 2360 potest
453 2277 653 2358 concedere),
677 2277 852 2342 sedetiam
876 2276 917 2341 ab
940 2275 1183 2358 irregularitate
1207 2297 1249 2341 ex
1272 2276 1416 2358 bigamia

92 2365 356 2431 similitudinarie
380 2371 559 2432 contracta.
606 2366 689 2430 Dein
714 2365 820 2431 curari
844 2365 956 2441 debet,
981 2369 1033 2444 ut,
1057 2364 1200 2430 melioris
1223 2365 1313 2430 vitae
1337 2365 1415 2430 data

92 2455 262 2530 cautione,
290 2455 323 2519 in
346 2454 444 2520 aliam
468 2455 634 2537 regionem
656 2475 693 2519 se
716 2456 880 2531 conferat,
912 2453 966 2518 ubi
989 2455 1059 2519 sine
1082 2455 1238 2520 scandalo
1261 2454 1415 2520 sacerdo·

91 2544 196 2610 talem
219 2544 322 2610 vitam
346 2545 464 2609 ducere
487 2543 661 2624 muniaque
684 2543 902 2610 sacerdotalia
925 2564 1024 2625 agere
1047 2544 1161 2628 possit.

648 2768 861 2836 ABORTUS.

649 2925 759 2993 dasne.
787 2935 864 3001 (314)

183 3067 301 3127 Curtius
324 3087 389 3125 cunr
410 3067 501 3126 Lucia
522 3067 676 3143 peccavit,
704 3086 796 3142 eaque
825 3086 862 3126 ex
891 3069 948 3126 hoc
969 3068 1117 3126 consortio
1139 3069 1250 3144 prolem
1272 3067 1415 3143 concepit.

92 3147 190 3217 Quare
212 3147 330 3207 Curtius
359 3147 512 3222 gravidam
534 3167 552 3205 a
574 3147 685 3205 duobus
712 3147 863 3206 mensibus
892 3152 979 3223 urget
999 3166 1086 3223 quarn
1106 3146 1230 3224 primurn
1252 3148 1289 3205 ad
1310 3146 1415 3205 eicien-

92 3230 160 3287 dum
189 3228 315 3296 foetum,
349 3229 432 3303 eique
460 3228 490 3284 iu
518 3227 595 3285 hunc
623 3227 709 3284 finem
736 3233 837 3303 potum
867 3234 951 3287 curat
979 3227 1229 3304 praeparandum,
1258 3227 1415 3302 statimque

91 3308 297 3386 proficiscitur.
340 3307 396 3365 Sed
428 3306 627 3366 conscientiae
655 3306 782 3366 stimulis
811 3307 942 3383 agitatus
970 3328 1038 3366 mox
1066 3327 1099 3366 se
1126 3306 1233 3382 proicit
1260 3306 1298 3365 ad
1324 3307 1414 3382 pedes

92 3388 268 3448 confessarii
290 3387 457 3461 crimenque
479 3388 642 3445 confitetur.
674 3386 729 3456 Qui
752 3407 817 3446 cum
838 3388 984 3447 facultate
1005 3390 1042 3446 ab
1064 3386 1415 3446 excommunicationibus

92 3469 311 3545 episcopalibus
339 3467 512 3526 absolvendi
534 3467 726 3538 destituatur,
755 3468 959 3543 interrogans,
988 3488 1057 3525 num
1079 3468 1202 3526 effectus
1226 3467 1265 3526 sit
1286 3471 1414 3537 secutus,

92 3568 267 3625 responsum
295 3549 399 3607 habet:
430 3546 546 3606 Nescio.
589 3547 652 3619 Quo
673 3547 774 3607 audito
796 3549 926 3607 absolvit
946 3548 1077 3608 Ourtium
1098 3550 1152 3607 sub
1174 3546 1361 3618 condicione,
1390 3547 1416 3605 si

93 3649 182 3688 casus
197 3628 375 3706 episcopalis
390 3648 448 3686 non
463 3627 599 3697 adfuerit,
622 3633 710 3703 atque
724 3634 832 3699 monet,
854 3635 896 3698 ut,
916 3628 942 3687 si
963 3634 1067 3705 postea
1082 3628 1258 3704 compererit
1279 3628 1415 3687 effectum

93 3714 227 3768 secutum
249 3728 324 3779 esse,
346 3709 425 3766 hunc
447 3728 548 3767 casum
570 3709 664 3766 denuo
685 3708 715 3766 in
738 3709 924 3768 confessione
946 3715 1074 3767 accuset.

182 3789 300 3849 Curtius
322 3795 420 3848 autem
441 3808 565 3865 peregre
587 3787 736 3847 exsistens
757 3789 919 3848 maturiora
941 3788 1021 3866 capit
1046 3788 1171 3848 consilia
1197 3788 1333 3865 cupitque
1355 3793 1415 3848 stu·

93 3869 149 3928 diis
171 3869 344 3943 theologicis
366 3888 474 3926 vacare
496 3873 525 3927 et
547 3888 649 3927 sacros
671 3869 788 3928 ordines
810 3869 969 3946 suscipere.

92 3974 270 4044 Quanamua
293 3977 320 4031 1⁰
346 3993 420 4049 quae
442 3973 481 4031 sit
502 3974 766 4033 excommunicatio
787 3974 818 4033 in
841 3978 975 4034 abortum
996 3975 1066 4034 lata.

291 4065 321 4120 2⁰
346 4067 465 4121 rectene
486 4063 581 4138 egerit
601 4063 802 4123 confessarius
824 4063 925 4123 Ourtii.

291 4153 321 4210 3⁰
346 4151 561 4289 impediasshrrne
583 4151 701 4211 Curtius
729 4159 850 4230 propter
871 4153 980 4211 crimen
1002 4172 1127 4211 suumn
1149 4152 1243 4211 sacris
1264 4151 1414 4211 ordinibus

346 4237 434 4306 atque
456 4251 472 4290 o
508 4231 570 4291 ciis.

686 4338 821 4405 Solutio.

183 4479 235 4544 An
269 4500 459 4555 quassmuu
491 4483 527 4542 1¹¹¹
561 4478 599 4544 R.
634 4480 661 4544 1.
708 4478 816 4544 'lenor
838 4480 922 4562 legis
945 4480 1108 4563 poenalia,
1133 4499 1216 4560 quae
1239 4478 1358 4561 infligit
1380 4477 1493 4548 in1038

45 4616 51 4659 ,
91 4572 152 4636 hoc
177 4590 304 4651 quoque
320 4572 489 4651 peccatum
505 4568 871 4634 excommunicationem
888 4571 1068 4634 ordinariis
1097 4576 1287 4634 reservatam
1311 4567 1414 4648 (bulla

91 4664 200 4746 Apost.
226 4660 299 4724 Sed.
325 4662 425 4724 sec.3
450 4661 511 4723 art.
537 4656 571 4739 2)
595 4662 659 4723 est:
688 4663 919 4739 ,procurantes
942 4659 1103 4734 abortum,
1128 4658 1246 4723 effectu
1268 4659 1410 4724 secuto.l

1145 4761 1200 4816 34*
