3106 5168
173 281 238 344 394
310 276 351 331 De
370 276 518 332 virtutibus
536 280 565 331 et
582 276 680 330 officiis
698 293 763 344 erga
782 275 912 330 homines.
930 306 967 314 -
985 276 1037 330 Off.
1056 276 1128 331 circa
1147 275 1216 331 bona
1235 281 1357 331 externa.

175 455 260 517 1814
277 451 309 516 in
325 451 460 517 siriistra
475 451 580 516 Rheni
603 452 676 536 ripa
692 450 916 527 continuatas;
941 452 1057 517 ultima
1080 452 1275 518 condonatio
1294 454 1346 520 die
1364 457 1382 520 7
1401 454 1495 521 Febr.

175 544 260 606 1894
277 544 415 606 extensa
431 546 482 607 est
509 541 569 618 ,ad
592 541 677 606 bona
700 540 932 618 ecclesiastica,
956 561 1041 623 quae
1063 540 1184 608 intuto
1202 564 1304 624 regno
1321 544 1496 610 Borussiae

174 651 276 714 usque
306 630 348 695 ad
378 632 475 694 finem
505 629 581 695 anni
608 632 693 696 1824
716 630 952 696 saecularizata
975 634 1052 696 sunt
1075 634 1110 696 et
1133 632 1172 696 de
1195 633 1362 714 praesenti
1387 655 1408 697 a
1431 634 1496 716 pri·

172 720 261 786 vatis
291 724 458 801 tamquam
488 719 622 803 propria
651 718 859 803 possidentur
881 721 935 784 vel
964 720 998 783 in
1027 723 1193 803 posterum
1220 721 1493 803 possidebuntur“

174 810 285 891 (Aeol.
312 812 379 875 eccl.
405 808 463 887 ΙΙΙ,
490 811 578 890 211).

114 935 166 989 782
261 925 315 988 An
337 944 528 999 uuausrruu
552 926 590 987 2³²
614 923 653 990 R.
700 923 749 987 De
773 923 924 987 oneribus
943 923 974 988 S.
994 922 1093 988 Sedes
1116 923 1197 989 satis
1221 924 1309 990 clare
1326 924 1496 1008 disposuit,

173 1017 210 1078 ut
232 1012 421 1078 hortaretur
444 1012 574 1095 quidem
597 1032 802 1095 possessores
826 1012 983 1077 bonorum
1006 1016 1105 1077 antea
1128 1012 1425 1078 ecclesiasticorum
1456 1015 1497 1080 ad

174 1122 274 1167 onera
303 1101 357 1184 pia
386 1101 426 1166 iis
456 1100 638 1183 antiquitus
666 1100 871 1167 inhaerentia
893 1101 1119 1185 adimplenda,
1152 1102 1301 1167 strictam
1325 1107 1360 1168 et
1383 1124 1497 1168 veram

174 1191 407 1272 obligationem
431 1212 495 1255 non
518 1191 709 1274 imponeret.
1116 1208 1119 1213 ’

262 1279 354 1357 Quod
377 1300 415 1344 eo
439 1279 544 1361 magis
568 1280 599 1345 S.
625 1280 725 1345 Sedes
749 1279 858 1344 facere
881 1279 1005 1362 potuit,
1030 1278 1116 1360 quod
1139 1279 1179 1343 ob
1203 1300 1340 1362 gravem
1364 1301 1497 1345 causam

173 1368 278 1452 possit
301 1369 463 1435 defectum
488 1369 617 1433 illorum
640 1368 767 1452 piorum
791 1389 925 1451 operum
954 1372 1053 1449 atque
1076 1367 1206 1444 auxilii,
1238 1368 1324 1449 quod
1348 1369 1432 1434 alias
1457 1391 1497 1434 ex

173 1459 213 1523 iis
243 1458 420 1522 secundum
445 1457 659 1523 intentionem
684 1457 894 1523 fundatorum
918 1456 1087 1521 oriundum
1114 1456 1326 1540 sperabatur,
1358 1478 1402 1522 ex
1424 1459 1497 1524 the·

175 1568 272 1613 sauro
296 1547 465 1612 Ecclesiae
488 1546 650 1629 supplere.

114 1672 166 1726 783
264 1660 317 1725 An
336 1681 526 1737 ouaasrrun
546 1664 585 1726 3¹¹¹
608 1661 646 1727 R.
667 1664 694 1726 1.
742 1660 776 1725 Si
799 1660 937 1726 Conradi
960 1660 1182 1743 possessiones
1205 1665 1282 1726 sunt
1305 1661 1394 1727 intra
1416 1665 1496 1727 fines

175 1750 350 1816 Borussiae
374 1750 560 1832 etquidem
584 1772 626 1815 ex
648 1749 713 1815 illis
743 1749 1004 1815 saecularizatis:
1036 1749 1168 1814 dubium
1192 1749 1311 1814 serium
1335 1750 1496 1817 exsistere

176 1839 316 1923 amplius
346 1860 411 1903 non
440 1843 567 1922 potest,
599 1845 636 1905 ut
665 1843 758 1923 patet
789 1860 831 1904 ex
858 1860 1013 1922 responso
1044 1839 1073 1907 d.
1099 1839 1129 1905 d.
1155 1842 1172 1904 7
1198 1839 1291 1907 Febr.
1319 1843 1417 1908 1894.
1464 1841 1496 1906 Si

176 1934 272 1994 extra
295 1949 431 2010 regnum
455 1928 646 1994 Borrussiae
670 1928 800 2010 quidem
822 1927 1044 2011 possessiones
1074 1927 1158 1995 sitae
1183 1934 1276 2005 sunt,
1307 1933 1344 1995 at
1374 1950 1418 1994 ex
1447 1929 1495 2005 iis,

176 2039 260 2100 quae
289 2017 349 2082 sub
372 2017 618 2101 perturbatione
642 2017 767 2082 Gallica
790 2037 810 2082 a
833 2016 989 2098 gubernio
1019 2023 1199 2100 occupatae
1226 2017 1308 2095 sint,
1339 2018 1497 2103 imprimis

174 2107 279 2172 videri
295 2106 402 2185 debet,
427 2128 502 2170 num
526 2106 649 2173 fuerint
672 2126 774 2188 usque
797 2106 839 2170 ad
858 2105 987 2171 151ulii
1005 2107 1088 2171 1801
1113 2106 1177 2170 iam
1194 2111 1391 2190 occupatae:
1417 2108 1497 2174 alias

175 2195 369 2262 condonatio
399 2217 463 2261 non
487 2195 636 2271 exsist't,
667 2195 729 2259 nisi
753 2194 838 2260 torte
868 2215 926 2277 per
949 2194 1217 2260 condonationem
1241 2195 1274 2259 in
1298 2197 1494 2263 concordate

176 2307 248 2350 cum
271 2285 454 2368 respective
479 2305 580 2366 regno
605 2305 625 2348 a
648 2284 680 2349 S.
706 2284 789 2349 Sede
815 2283 896 2349 inito
920 2284 1058 2367 amplior
1082 2284 1276 2351 condonatio
1300 2285 1494 2362 continetur,

176 2375 267 2439 cuius
290 2378 386 2439 tenor
408 2373 526 2456 respici
551 2373 656 2439 debet.

265 2480 303 2544 R.
338 2482 367 2545 2.
415 2479 449 2544 Si
481 2500 540 2562 per
569 2479 756 2560 generalem
788 2479 1057 2544 condonationem
1086 2501 1140 2544 res
1170 2501 1229 2563 pro
1259 2479 1353 2545 finita
1384 2480 1494 2547 haberi

175 2568 361 2724 itidest’esde
390 2568 614 2652 persolvendis
644 2568 705 2652 piis
729 2568 881 2633 oneribus
911 2589 952 2632 ex
977 2589 1076 2652 supra
1099 2568 1195 2634 dictis
1222 2568 1397 2652 scrupulus
1420 2571 1493 2634 sub-

264 2755 303 2820 R.
329 2757 359 2820 3.
406 2754 439 2819 si
464 2775 541 2818 vero
565 2754 651 2819 bona
674 2775 694 2818 a
717 2754 864 2819 Conrado
895 2776 1046 2837 possessa
1071 2777 1110 2821 ea
1133 2754 1215 2832 sint,
1247 2756 1287 2820 ad
1313 2776 1398 2837 quae
1422 2777 1495 2820 con·

176 2844 307 2909 donatio
339 2865 402 2907 non
433 2843 637 2921 extenditur,
669 2865 820 2908 recursus
850 2844 963 2908 haberi
988 2844 1084 2911 debet
1115 2846 1156 2909 ad
1181 2845 1213 2911 S.
1237 2844 1354 2910 Sedem
1380 2845 1422 2927 (si
1445 2866 1494 2909 res

176 2933 286 3015 agitur
318 2932 350 2996 in
383 2932 629 3008 confessionali,
669 2954 819 2997 recursus
851 2933 921 2997 fieri
955 2938 1065 3015 potest
1096 2955 1155 3016 per
1187 2933 1423 2999 confessarium
1455 2934 1493 2998 ad

177 3023 208 3088 S.
242 3021 549 3099 Paenitentiariam‚
586 3043 669 3102 quae
704 3021 829 3102 reliqua
861 3021 1078 3104 providebit),
1114 3028 1148 3089 et
1180 3028 1334 3089 accurate
1368 3044 1408 3088 ea
1440 3024 1493 3087 ob·

176 3111 338 3177 servanda
362 3116 466 3187 erunt,
492 3131 575 3194 quae
599 3111 703 3174 Roma
727 3110 918 3176 scribentur.

265 3201 373 3283 Atque
397 3199 554 3283 imprimis
571 3199 727 3263 eiusmodi
751 3220 903 3263 recursus
923 3199 1128 3264 necessarius
1144 3200 1216 3278 erit,
1242 3201 1372 3281 quando
1390 3200 1493 3283 agitur

176 3289 216 3353 de
239 3290 363 3354 recenti
387 3311 493 3353 rerum
519 3288 814 3354 ecclesiasticarum
839 3288 1051 3371 occupatione
1075 3289 1127 3354 vel
1152 3289 1377 3371 acquisitione,
1402 3293 1438 3354 ut
1457 3289 1492 3352 de

176 3399 224 3455 ea,
253 3378 392 3460 quaein
416 3379 512 3443 Italia
536 3377 658 3443 ultimis
682 3377 845 3442 decenniis
868 3377 958 3442 facta
981 3378 1089 3443 fuerit.
1136 3379 1252 3460 Neque
1275 3379 1324 3443 ita
1347 3379 1492 3444 absolute

176 3470 210 3531 et
233 3467 302 3532 aine
324 3466 409 3532 omni
434 3467 584 3531 cautione
608 3467 687 3531 lraec
712 3466 905 3531 condonatio
926 3471 1024 3547 atque
1041 3488 1060 3532 a
1077 3469 1222 3532 censuris
1246 3468 1410 3534 absolutio
1426 3465 1491 3531 dari

176 3557 270 3633 solet,
295 3577 336 3620 ne
360 3561 590 3637 usurpatorum
615 3555 752 3620 audacia
776 3555 870 3619 nimis
894 3559 1030 3621 crescat.
