3106 5168
287 291 437 363 Praecepta
454 291 595 348 Ecclesiae
613 292 772 348 communia.
792 323 825 332 -
844 292 1025 363 Praeceptum
1044 293 1225 346 abstinentiae.
1351 296 1414 361 501

92 467 211 550 Neque
239 472 352 534 tamen
382 467 533 535 existimo
571 467 642 535 sine
672 468 915 553 dispensatione
950 467 1014 533 iam
1050 466 1166 532 adesse
1196 487 1328 532 causam
1358 489 1417 534 ex·

93 561 274 637 sustentem,
299 558 439 640 eoquod
462 577 566 641 grave
587 557 825 623 incommodum
848 578 913 623 non
936 560 1004 623 tam
1028 577 1071 620 ex
1086 557 1159 638 lege
1183 555 1417 637 ecclesiastica,

93 647 153 712 sed
177 667 219 711 cx
242 646 489 730 praeconceptis
511 644 669 729 falsisque
692 646 895 730 opinionibus
918 646 980 710 viri
1004 644 1177 711 acatholici
1201 645 1334 712 oriatur.

184 735 222 800 ld
244 740 373 802 tantum
398 735 461 800 dici
483 739 612 818 potest:
643 735 670 799 si
694 735 894 819 dispensatio
917 734 1018 800 fuerit
1046 733 1271 817 impossibilis,
1303 755 1418 801 carnes

95 828 216 902 autem,
240 845 324 906 quae
339 824 576 901 ministrentur,
599 844 738 889 renuere
752 823 848 888 nimis
864 824 1047 902 molestum,
1072 823 1247 888 Belletium
1262 824 1334 889 loco
1351 824 1417 890 dia·

94 913 298 998 pausationis
320 934 380 997 per
403 913 544 997 epikiam
568 933 664 996 posse
687 912 847 978 excusari.

185 1019 225 1086 R.
249 1023 280 1085 4.
322 1019 359 1084 ln
383 1019 531 1084 omnibus
554 1018 692 1097 casibus,
716 1018 749 1083 in
773 1018 887 1100 quibus
911 1018 1109 1084 consortium
1132 1038 1205 1083 cum
1228 1017 1419 1084 acatholicis

95 1107 183 1174 ratio
206 1112 267 1187 est,
291 1129 349 1173 cur
364 1108 543 1174 catholicus
562 1109 671 1190 alege
694 1107 912 1173 abstinentiae
935 1112 1111 1173 excusetur
1125 1107 1179 1171 vel
1195 1107 1417 1190 dispensetur:

96 1196 201 1262 videri
224 1197 337 1276 debet,
361 1218 438 1261 num
461 1197 546 1262 ratio
569 1196 716 1262 scandali
738 1197 899 1280 postulet,
926 1199 964 1261 ut
986 1195 1114 1280 publice
1138 1197 1283 1262 declaret
1306 1196 1419 1262 catho-

96 1286 180 1351 licus
210 1306 245 1350 se
274 1285 307 1350 in
337 1286 425 1351 hisce
455 1285 709 1352 circumstantiis
738 1286 812 1368 lege
842 1305 921 1350 suae
953 1285 1120 1350 Ecclesiae
1149 1307 1215 1351 non
1248 1285 1418 1367 adstringi.

97 1374 240 1452 Quodsi
270 1374 448 1440 timendum
473 1378 540 1452 eat,
571 1374 750 1440 declaratio
779 1376 839 1440 fiat
868 1378 1014 1457 oportet:
1046 1373 1189 1457 alioquin
1213 1395 1285 1440 eam
1308 1374 1420 1440 facere
1481 1393 1483 1397 ’

85 1464 287 1547 'plerumque
303 1465 420 1530 saltem
437 1463 621 1529 consultum
637 1468 699 1530 est.
738 1462 823 1528 Nam
837 1463 1031 1555 (acatholici,
1056 1463 1111 1544 qui
1133 1464 1225 1546 leges
1241 1463 1421 1529 catholicas

97 1553 216 1632 sciunt,
243 1575 308 1617 non
331 1574 406 1618 raro
429 1555 561 1619 tentant
584 1551 735 1618 catholici
757 1551 853 1617 amici
876 1552 1018 1617 animum
1043 1556 1143 1634 atque
1166 1552 1252 1618 male
1274 1552 1424 1618 sentiunt

97 1643 139 1707 de
163 1663 212 1720 eo,
237 1642 300 1724 qni,
326 1663 399 1707 oum
421 1641 545 1724 ligatus
568 1641 622 1720 sit,
646 1662 703 1707 eas
725 1641 816 1724 leges
838 1641 1066 1725 parvipendat.
