3106 5168
448 278 528 334 Fides
547 278 653 333 divina:
672 278 736 333 fidei
754 277 923 334 confitendae
940 276 1079 346 obligatio.

221 496 531 565 DISSIMULATIO
556 496 675 562 FIDEI
698 496 755 562 ΕΤ
779 498 945 565 STATUS
969 498 1302 568 SACERDOTALIS.

665 671 777 742 ersus.
803 680 861 750 (52)

189 833 348 894 cerinthus
368 833 525 906 sacerdos,
551 853 589 892 ne
609 833 640 893 in
663 834 895 894 acatholicorum
914 834 1036 910 regione
1058 853 1158 894 eorum
1179 834 1313 893 ludibriis
1334 840 1365 893 et
1384 833 1426 892 in·

97 915 183 976 iuriis
197 919 373 991 exponatur,
395 914 526 974 studiose
545 914 677 974 occultat
698 934 781 975 suam
796 914 1014 987 condicionem
1036 915 1124 974 immo
1146 914 1303 990 aliquando
1325 919 1428 991 aperte

97 997 301 1071 interrogatus
323 995 359 1054 de
379 1013 435 1053 sua
455 993 598 1071 religione
622 993 714 1067 ,Num
735 995 803 1072 quid
824 998 901 1067 est‘,
928 995 986 1064 ait,
1017 995 1111 1072 ,quod
1132 994 1218 1055 vobis
1244 994 1275 1053 in
1302 1014 1348 1053 me
1370 994 1427 1054 dis·

97 1075 231 1154 plioeat?
272 1074 401 1214 Ηοῧθεὲί
421 1073 478 1133 viri
500 1075 534 1134 de
555 1074 700 1150 religione
721 1075 868 1135 neminem
888 1075 1055 1153 inquirunt;
1078 1080 1125 1135 est
1144 1076 1219 1133 haec
1239 1094 1288 1134 res
1308 1073 1427 1152 privata

97 1157 298 1216 intermeat
347 1156 439 1214 eum.“

191 1243 292 1316 Alias,
321 1262 387 1303 cum
415 1248 519 1302 eontra
548 1243 712 1303 catholicos
740 1249 879 1320 ageretur
905 1243 1088 1321 persecutio,
1117 1243 1148 1303 in
1175 1242 1283 1302 iudicio
1311 1243 1346 1302 de
1369 1243 1427 1302 lide

99 1324 250 1385 catholica
270 1330 301 1383 et
321 1327 404 1383 statu
425 1322 603 1382 sacerdotali
624 1323 843 1399 interrogatus,
870 1328 904 1384 ut
931 1342 1027 1402 poena
1055 1323 1111 1383 sibi
1132 1323 1355 1394 decerneretur,
1385 1324 1427 1383 ita

99 1405 245 1482 loquitur:
274 1403 347 1466 (lum
374 1422 429 1481 pro
457 1402 578 1463 crimine
606 1403 677 1463 mihi
697 1408 834 1464 vertatur
853 1404 927 1464 fides
949 1403 1096 1464 catholica
1123 1408 1154 1462 et
1175 1407 1272 1463 status
1293 1403 1428 1462 sacerdo·

98 1486 181 1556 talis,
203 1484 359 1561 dequibus
379 1483 520 1560 inquiror,
542 1484 659 1561 postulo
673 1485 771 1561 plane,
793 1489 826 1543 ut
845 1484 993 1544 iudicialis
1007 1484 1078 1544 ordo
1099 1484 1206 1559 ubique
1227 1484 1428 1560 praescriptus

98 1566 279 1634 retineatur,
301 1568 336 1624 ut
355 1563 495 1623 videlicet
514 1564 649 1641 probatio
671 1565 871 1625 accusationis
891 1566 1073 1642 proferatur;
1094 1564 1259 1624 inauditum
1281 1563 1359 1622 enim
1382 1570 1429 1623 est

99 1665 184 1706 reum
205 1644 270 1704 sine
290 1645 352 1703 ulla
372 1645 548 1721 probatione
569 1644 657 1703 fateri
679 1644 793 1705 debere.
835 1644 899 1714 Quo
921 1645 1029 1704 dimitti
1050 1645 1190 1717 debebat,
1220 1663 1285 1703 cum
1307 1644 1427 1715 indicia,

99 1745 176 1803 quae
206 1724 450 1802 proferebantur,
479 1728 539 1784 tam
568 1724 648 1784 levia
669 1730 784 1796 essent,
812 1730 846 1784 ut
867 1724 1006 1785 Cerintho
1027 1730 1171 1801 arguente
1198 1743 1293 1800 neque
1317 1730 1428 1784 statum

99 1805 318 1866 sacerdotalem
338 1824 434 1882 neque
455 1803 542 1863 fidem
564 1804 741 1864 catholicam
761 1807 931 1882 probarent.

99 1918 280 1989 Quannrrna
302 1919 330 1977 1⁰
356 1917 433 1977 sitne
455 1923 553 1978 statue
574 1918 769 1978 sacerdotalis
791 1924 822 1979 et
841 1918 908 1977 fidei
930 1918 1096 1977 catholicae
1122 1918 1305 1995 profitendae
1327 1919 1428 1977 eadem

356 1998 508 2074 obligatio,
530 1998 760 2058 dissimulandae
781 1999 884 2058 eadem
905 1998 1034 2058 licentia.

301 2096 331 2154 2ο
357 2096 426 2172 quid
447 2097 482 2156 de
503 2095 596 2156 variis
619 2095 863 2157 corinthiacus
884 2096 1047 2158 dicendum.

699 2287 834 2355 Solutio.

192 2442 246 2506 Au
268 2460 460 2516 ouansmuu
485 2442 524 2503 1¹¹
546 2438 584 2506 R.
622 2439 713 2506 Siout
735 2438 872 2522 singulis
895 2460 954 2523 per
976 2460 1012 2506 se
1036 2438 1193 2521 obligatio
1216 2461 1282 2505 non
1304 2439 1489 2510 mcum-187

101 2530 150 2596 bit
173 2528 360 2595 assumendi
391 2533 514 2596 statum
537 2528 791 2608 sacerdotalem,
822 2528 872 2594 ita
901 2527 1001 2594 etiam
1031 2550 1104 2594 eum
1133 2532 1259 2595 statum
1287 2529 1429 2613 positive

100 2618 276 2704 profitendi
305 2640 364 2702 per
392 2638 429 2684 se
461 2639 525 2682 non
555 2617 728 2694 incumbit,
758 2617 816 2682 sed
844 2637 1005 2682 summum
1035 2638 1093 2702 per
1116 2617 1276 2684 accidens.
1323 2618 1430 2696 Quare

102 2727 280 2790 numquam
305 2709 414 2773 eodem
438 2706 594 2789 obligatio
619 2706 725 2789 quoad
747 2706 964 2789 profitendum
992 2709 1076 2774 hunc
1100 2707 1336 2774 sacerdotalem
1360 2711 1430 2773 sta·

101 2803 174 2864 tum
198 2796 302 2874 adest,
327 2816 410 2878 quae
433 2795 607 2878 aliquando
631 2795 725 2862 adest
747 2795 921 2879 profitendi
943 2796 1050 2863 fidem.
1089 2795 1322 2862 Dissimulandi
1345 2797 1429 2863 ratio

102 2878 217 2969 igitur'
228 2885 325 2966 longe
348 2883 476 2950 facilius
492 2885 608 2949 adesse
623 2889 743 2967 potest,
768 2885 913 2967 adeoque
930 2885 1029 2950 etiam
1045 2906 1117 2951 eum
1135 2907 1207 2950 cum
1223 2885 1430 2951 restrictione

102 2977 173 3040 late
195 2974 332 3040 mentali
355 2973 513 3056 negandi:
544 2972 642 3038 immo
672 2973 698 3037 si
723 2994 795 3038 cum
826 2973 995 3039 mendacio
1019 2980 1168 3057 negatur,
1199 2996 1263 3039 non
1287 2974 1349 3041 erit
1372 2996 1431 3058 per

103 3085 139 3129 se
164 3084 267 3145 grave
289 3068 460 3147 peccatum
485 3061 580 3128 sicuti
610 3062 644 3126 in
673 3061 748 3127 fidei
772 3062 1004 3146 denegatione,
1035 3064 1093 3129 sed
1121 3086 1181 3149 per
1204 3085 1237 3129 ee
1260 3068 1429 3147 peccatum

103 3152 233 3218 veniale
256 3156 395 3219 tantum.
446 3153 503 3218 Th.
527 3175 568 3218 m.
594 3151 618 3230 l,
644 3154 718 3217 292.

195 3278 248 3342 An
270 3297 462 3353 onaasmuu
486 3280 526 3340 2m
548 3275 587 3342 R.
611 3279 638 3342 1.
685 3275 821 3353 Quando
845 3275 983 3359 positive
1012 3276 1216 3359 profitendae
1244 3275 1318 3341 fidei
1349 3275 1493 3351 obli-138

104 3366 197 3449 gatio
221 3387 286 3431 non
310 3371 377 3444 est,
408 3365 519 3431 licebit
541 3387 600 3449 per
622 3386 658 3431 se
681 3365 778 3430 fidem
801 3365 980 3444 occultare,
1011 3365 1157 3430 simodo
1180 3365 1213 3430 id
1236 3367 1295 3432 fiat
1317 3364 1432 3432 mediis

105 3456 138 3520 in
162 3475 199 3520 se
221 3455 336 3534 licitis,
368 3475 472 3537 neque
495 3455 671 3537 quidquam
695 3455 929 3531 committatur,
960 3475 1023 3535 quo
1046 3454 1120 3519 fidei
1145 3454 1249 3520 falsae
1272 3455 1432 3539 professio

105 3543 320 3628 exprimatur.
366 3543 533 3610 Eiusmodi
562 3565 615 3608 res
645 3564 710 3608 non
739 3543 874 3609 illicitae
903 3549 1115 3609 enumeratae
1144 3544 1211 3609 iam
1233 3548 1333 3610 antea
1355 3550 1432 3611 sunt

106 3633 200 3714 (casu
218 3636 269 3711 12,
286 3654 317 3700 n.
335 3635 376 3698 41
390 3633 486 3716 sqq),
503 3632 590 3699 scil:
615 3631 747 3698 omissio
762 3654 894 3717 precum
911 3634 951 3699 ad
969 3654 1114 3699 mensam
1131 3632 1184 3698 vel
1200 3633 1331 3699 omissio
1347 3633 1432 3716 signi

106 3721 212 3789 crucis
242 3726 319 3788 ante
349 3742 463 3806 preces
492 3721 693 3800 suadendam
724 3720 752 3788 si
781 3743 860 3788 vero
889 3722 974 3788 ratio
1005 3722 1118 3805 gravis
1148 3729 1255 3789 metus
1285 3723 1431 3803 accedat,

105 3811 198 3877 licita
221 3811 321 3878 etiam
344 3813 382 3877 fit
404 3811 534 3876 omissio
558 3811 605 3876 rei
629 3810 772 3893 alioquin
795 3812 869 3894 lege
884 3811 1026 3895 positiva
1042 3810 1210 3877 Ecclesiae
1225 3816 1431 3896 praeceptae,

105 3922 139 3967 v.
159 3921 191 3983 g.
216 3900 436 3966 abstinentiae
458 3899 549 3965 feriis
568 3900 615 3965 VI
638 3905 702 3967 etc.

197 4013 236 4080 a.
257 4016 287 4080 2.
327 4013 418 4091 Quod
441 4013 483 4079 ad
506 4034 698 4097 responsum
714 4012 835 4079 attinet
850 4013 929 4092 eius,
954 4013 1009 4095 qui
1025 4013 1065 4079 de
1083 4033 1143 4078 sua
1158 4012 1316 4095 religione
1331 4013 1432 4079 inter·

107 4108 252 4185 rogetur,
277 4102 340 4168 dici
364 4103 461 4169 debet
483 4102 648 4186 privatam
665 4103 704 4167 de
722 4101 786 4167 fide
801 4102 1092 4184 interrogationem
1109 4102 1250 4167 nondum
1266 4101 1433 4187 imponere

107 4193 343 4276 obligationem
372 4191 447 4258 fidei
476 4192 618 4276 positive
640 4191 852 4275 profitendae.
898 4191 989 4269 Quod
1012 4191 1114 4273 igitur
1137 4191 1309 4259 Corinthus
1341 4214 1432 4258 arro·

108 4282 256 4366 gantiam
271 4281 499 4363 inquisitorum
513 4280 691 4348 retundens
706 4301 897 4364 responsum
913 4280 1063 4359 declinet,
1087 4281 1228 4346 nondum
1246 4281 1308 4346 dici
1324 4285 1434 4366 potest

107 4371 379 4456 peccaminosum.
426 4369 697 4437 Circumstantiae
727 4375 839 4436 tamen
868 4369 1116 4454 perpendendas
1145 4375 1232 4437 sunt.
1284 4369 1319 4435 Si
1348 4369 1433 4434 enim

109 4459 376 4527 circumstantiae
392 4459 548 4524 eiusmodi
565 4458 640 4537 sint,
666 4463 702 4525 ut
717 4449 843 4541 ‘aliquis
867 4480 909 4524 ex
932 4458 1134 4525 auditoribus
1152 4459 1227 4524 inde
1242 4458 1433 4524 scandalum

109 4553 219 4616 sumat
242 4552 277 4615 et
306 4548 339 4612 in
367 4569 477 4614 errore
500 4570 559 4614 suo
583 4551 793 4615 confirmetur
815 4548 869 4613 vel
891 4548 924 4612 in
947 4568 1091 4613 errorem
1113 4548 1296 4626 inducatur,
1320 4546 1434 4629 gravis

109 4638 214 4705 oritur
237 4635 394 4720 obligatio
426 4636 565 4722 ingenue
590 4638 785 4705 catholicam
807 4637 904 4703 fidem
926 4635 1109 4720 profitendi.
1160 4637 1217 4701 Th.
1241 4658 1282 4701 m.
1307 4634 1331 4713 Ι,
1357 4638 1433 4704 293.
