3106 5168
161 307 226 370 486
300 301 340 356 De
359 302 507 356 virtutibus
525 305 554 355 et
571 301 668 356 officiis
686 319 752 371 erga
771 302 899 356 homines.
917 331 954 340 —
972 301 1024 356 off.
1043 302 1116 356 eirca
1134 303 1204 356 bena
1222 306 1345 357 externa.

161 479 215 543 vel
238 477 302 543 alio
327 481 475 559 tempore
500 482 664 544 narratur.
694 477 725 543 Si
750 482 802 544 est
825 477 925 542 solius
949 478 1030 544 facti
1054 477 1239 561 publicitus,
1264 478 1297 544 in
1322 481 1389 545 alio
1414 481 1483 545 loco

161 568 194 632 id
224 587 359 647 narrare
390 566 488 632 etiam
518 567 730 649 probabiliter
763 587 827 631 non
857 570 908 631 est
940 571 1056 633 contra
1084 566 1244 632 iustitiam
1276 567 1333 648 (cf.
1367 570 1483 652 Lugo

162 657 182 722 l.
208 678 235 722 c.
261 656 290 721 d.
319 660 368 732 14,
394 676 424 720 n.
450 657 508 730 80;
542 656 572 721 S.
599 656 711 739 Alph.
736 656 799 735 111,
825 656 920 736 974);
946 655 1009 720 alio
1033 661 1196 739 tempore,
1222 677 1364 739 queres
1389 660 1484 742 plane

162 750 235 810 erat
258 745 443 820 obliterata,
469 745 500 808 id
525 744 629 809 denuo
653 765 806 810 narrasse
829 749 983 810 censetur
1006 749 1121 809 contra
1143 745 1313 813 iustitiam.

252 835 374 899 Verum
406 832 506 898 etiam
536 834 666 915 quando
697 855 760 898 non
784 834 926 899 laeditur
948 834 1091 911 iustitia,
1116 835 1201 899 laedi
1225 840 1337 917 potest
1361 837 1485 902 caritas

161 944 221 1007 per
244 921 501 1004 divulgationem
531 922 564 986 in
593 923 656 987 alio
680 922 751 988 loco
781 923 921 999 factam,
952 923 980 986 si
1011 922 1093 987 alias
1124 922 1213 987 fama
1240 924 1285 987 ibi
1308 925 1485 991 mansisset

161 1012 293 1088 illaesa,
325 1011 468 1075 maxime
500 1011 527 1075 si
558 1017 690 1095 praeter
720 1013 828 1076 famae
860 1011 1091 1078 detrimentum
1121 1012 1188 1077 alia
1218 1012 1339 1078 damna
1369 1014 1485 1096 gravia

162 1101 287 1166 oritura
310 1101 386 1165 sint.
433 1100 480 1165 Cf.
506 1101 537 1165 S.
561 1099 681 1183 Alplr.
706 1101 726 1166 l.
752 1122 778 1166 c.

99 1233 151 1287 956
250 1224 303 1288 An
320 1244 511 1300 cuxasrruu
528 1227 566 1289 3„
590 1224 628 1289 R.
648 1227 676 1289 1.
724 1224 758 1289 si
786 1245 855 1288 rem
886 1224 927 1288 ab
952 1223 1083 1289 Aetolia
1112 1227 1282 1289 narratam
1313 1224 1347 1288 in
1372 1246 1409 1289 se
1431 1229 1495 1290 su·'

161 1313 290 1390 mimus,
314 1312 347 1377 id
371 1313 456 1394 quod
480 1314 612 1378 Aeneae
636 1313 791 1390 obicitur,
823 1334 902 1378 sane
933 1318 984 1378 est
1014 1311 1163 1393 graviter
1186 1311 1380 1391 diffamans,
1413 1336 1483 1378 curn

161 1425 226 1467 non
250 1405 370 1485 agatur
393 1403 433 1466 de
456 1402 591 1479 iuvene,
617 1402 671 1483 qui
695 1407 863 1484 tamquam
887 1401 970 1466 levis
993 1402 1136 1466 moribus
1159 1405 1260 1483 atque
1284 1401 1485 1485 depravatus

162 1496 259 1556 notus
283 1491 343 1568 sit;
368 1494 467 1572 atque
491 1512 529 1555 eo
553 1490 687 1572 gravius
711 1491 780 1555 eius
804 1490 893 1556 fama
916 1490 1067 1567 laeditur,
1093 1489 1180 1571 quod
1202 1492 1262 1556 fiat
1278 1511 1337 1574 per
1361 1492 1483 1556 calum-

161 1581 266 1645 niam:
292 1579 372 1644 facti
396 1582 480 1643 enim
505 1580 629 1662 species
645 1581 741 1663 plane
757 1580 967 1664 pervertitur,
992 1579 1150 1661 siquidem
1173 1580 1305 1644 Aeneas
1328 1601 1394 1645 nou
1418 1585 1483 1646 tam

162 1670 304 1733 duellum
330 1688 425 1749 quam
450 1667 499 1732 sui
523 1668 744 1733 defensionem
760 1673 876 1734 contra
891 1689 1117 1749 aggressorem
1135 1668 1290 1733 iniustum
1314 1670 1484 1735 commisit.

162 1797 206 1805 —-
238 1756 394 1822 Similiter
422 1757 529 1822 iudica
559 1779 618 1840 per
645 1778 680 1822 se
711 1758 751 1823 de
780 1757 836 1834 iis,
868 1779 951 1839 quae
982 1758 1021 1822 de
1044 1757 1188 1822 Berthae
1218 1757 1381 1824 ebrietate
1411 1780 1485 1823 nar·

161 1850 287 1911 rantur.

250 1952 289 2017 lt.
315 1955 344 2018 2.
391 1951 483 2029 Quod
505 1952 638 2018 Aetolia
661 1953 819 2020 Bertham
842 1953 1003 2018 mendacii
1028 1951 1192 2019 commissi
1216 1958 1364 2030 accusat,
1390 1953 1432 2018 ad
1454 1953 1484 2017 id

162 2041 339 2107 notandum
365 2046 417 2106 est
440 2041 580 2123 aliquem
604 2043 703 2107 etiam
720 2043 850 2126 saepius
867 2042 1026 2107 mendacii
1042 2063 1132 2107 reum
1157 2042 1397 2125 deprehensum
1415 2063 1485 2106 esse

162 2130 269 2196 dicere
292 2131 482 2214 plerumque
506 2153 569 2195 non
594 2131 750 2197 denotare
774 2152 908 2214 gravem
925 2133 1033 2196 famae
1055 2131 1231 2204 iacturam
1256 2130 1365 2196 minus
1389 2132 1486 2197 etiam

162 2220 194 2284 id
219 2220 258 2284 de
281 2219 472 2302 particulari
497 2220 605 2300 aliquo
629 2220 798 2285 mendacio
822 2220 939 2287 dicere.
987 2220 1020 2286 Si
1051 2221 1122 2302 quis
1152 2224 1263 2285 autem
1287 2220 1486 2303 singularem

164 2309 253 2375 vitae
285 2308 496 2374 sanctitatem
532 2330 611 2392 prae
643 2331 679 2374 se
712 2309 794 2387 fert,
827 2309 880 2374 vel
910 2308 1103 2392 praeprimis
1135 2309 1329 2374 veracitatis
1365 2309 1486 2374 famam

162 2398 407 2479 integerrimam
440 2398 560 2462 habere
597 2398 666 2463 eius
696 2419 901 2481 summopere
934 2398 1088 2464 interest:
1129 2418 1202 2461 eum
1238 2418 1298 2480 pro
1338 2398 1486 2463 mendaci

162 2487 335 2552 traducere
359 2508 422 2549 non
446 2507 521 2550 raro
544 2507 680 2568 gravem
704 2489 812 2552 famae
836 2487 1012 2552 laesionem
1040 2492 1138 2568 atque
1154 2487 1294 2552 mortale
1315 2494 1486 2569 peccatum

164 2575 353 2640 continebit.

101 2694 153 2748 957
252 2681 290 2746 R.
317 2685 346 2746 3.
379 2681 454 2758 Res,
480 2685 516 2746 ut
540 2681 617 2757 dixi,
643 2681 684 2746 ab
701 2682 831 2747 Aetolia
854 2684 1009 2747 narratae
1033 2680 1249 2762 gravissimae
1273 2685 1362 2759 sunt,
1389 2690 1486 2764 atque

165 2770 264 2836 etiarn
288 2769 485 2834 narrationis
509 2771 623 2834 modus
647 2771 701 2833 ille
725 2776 792 2845 est,
823 2793 887 2852 quo
918 2771 1087 2836 audientes
1118 2771 1159 2834 ad
1183 2775 1310 2836 certum
1333 2771 1487 2835 iudicium

165 2861 204 2924 de
228 2860 356 2924 macula
381 2859 517 2923 aliorum
542 2864 744 2925 moveantur.
778 2860 982 2943 Quapropter
1006 2881 1047 2924 ex
1072 2859 1208 2923 levitate
1233 2863 1266 2923 et
1289 2861 1486 2941 garrulitate

164 2949 314 3014 Aetoliae
339 2948 461 3012 directe
485 2953 519 3013 et
542 2969 600 3029 per
629 2971 664 3012 se
688 2949 773 3014 ratio
797 2949 853 3012 vix
877 2949 960 3013 sumi
985 2952 1109 3031 potest,
1142 2969 1225 3029 quae
1255 2969 1328 3012 eam
1352 2970 1374 3012 a
1397 2952 1488 3034 proci

165 3043 299 3121 peccato
324 3042 475 3108 excuset;
501 3039 642 3101 sortasse
667 3038 822 3103 indirecte
847 3060 888 3102 ex
913 3060 960 3114 eo,
984 3037 1068 3119 quod
1086 3037 1196 3103 debita
1213 3037 1424 3103 advertentis
1448 3039 1486 3102 ad

164 3149 267 3209 grave
291 3133 460 3210 peccatum
484 3127 635 3191 abfuerit.

254 3217 287 3280 Si
312 3237 389 3279 vero
420 3238 473 3279 res
503 3216 594 3297 ipsae
625 3220 778 3280 narratae
807 3215 1014 3280 mediocriter
1038 3215 1166 3296 quidem
1190 3235 1310 3296 graves
1338 3215 1487 3290 fuissent,

165 3327 269 3387 neque
300 3310 409 3370 tamen
435 3326 589 3386 expresse
614 3305 706 3385 quasi
730 3326 771 3368 ex
796 3305 868 3368 visu
892 3326 963 3367 cum
990 3304 1063 3368 aliis
1086 3305 1360 3376 communicatae;
1393 3304 1488 3368 facile

165 3394 300 3458 dixerim
332 3400 466 3476 propter
489 3393 639 3458 Aetoliae
669 3393 898 3475 garrulitatem
928 3394 1057 3475 plenam
1087 3394 1182 3456 fidem
1215 3392 1372 3457 eiusmodi
1405 3393 1489 3457 illius

166 3483 408 3548 narrationibus
432 3504 495 3546 non
520 3483 728 3546 consuevisse
753 3482 914 3559 adhiberi,
942 3486 1040 3562 atque
1065 3486 1240 3564 propterea
1263 3502 1327 3545 non
1352 3503 1488 3562 gravem

166 3571 419 3636 diffamationem
437 3593 541 3652 neque
554 3577 722 3653 peccatum
736 3570 895 3636 obiective
911 3592 1013 3652 grave
1026 3592 1098 3635 esse
1111 3571 1327 3636 commissum.
1354 3571 1489 3636 Poterat

166 3660 373 3723 nihilominus
390 3660 521 3723 Aetolia
545 3660 714 3725 etiamtum
732 3661 880 3741 graviter
902 3680 1038 3742 peccare
1062 3660 1192 3724 exodio
1210 3660 1262 3723 vel
1279 3681 1321 3723 ex
1339 3661 1489 3744 propriae

167 3749 384 3813 conscientiae
410 3749 595 3814 dictamine.

256 3855 294 3919 R.
320 3858 350 3918 4.
398 3855 473 3919 Alia
498 3861 607 3919 tamen
633 3856 801 3919 excusatio
826 3877 846 3919 a
867 3859 961 3940 praui
991 3859 1126 3937 peccato
1157 3854 1189 3918 in
1214 3855 1377 3920 enarratis
1409 3856 1490 3920 casi-

167 3947 227 4008 bus
263 3944 421 4007 exsistere
454 3949 563 4025 potest
596 3966 636 4007 ex
673 3967 729 4020 ee,
767 3946 851 4025 quod
885 3944 1015 4008 Aetolia
1046 3944 1286 4026 inculpabiliter
1323 3945 1489 4027 putaverit

167 4034 312 4097 Aeneam
350 4055 462 4095 verum
497 4033 695 4097 commisisse
728 4035 886 4110 duellum,
924 4034 1081 4097 Bertham
1116 4033 1316 4096 commisisse
1349 4055 1386 4097 re
1421 4035 1489 4117 ipsu

168 4122 337 4187 ebrietatis
366 4125 534 4203 peccatum
567 4122 663 4201 idque
693 4123 819 4204 publico
850 4127 959 4186 actum
991 4143 1071 4186 esse.
1128 4122 1165 4184 ln
1199 4144 1238 4185 ea
1268 4124 1490 4205 suppositione

167 4213 299 4275 Aetolia
323 4211 470 4274 narrarit
495 4233 546 4274 res
563 4212 708 4292 publicas
724 4212 775 4275 vel
793 4233 869 4275 mox
886 4211 1107 4293 publicandas,
1133 4232 1237 4290 neque
1261 4212 1370 4275 lamae
1387 4213 1489 4277 adhuc

168 4302 317 4382 integrae
348 4300 495 4381 graviter
523 4299 685 4376 detraxit,
718 4301 774 4363 sed
805 4302 925 4363 famam
956 4301 1019 4363 iam
1053 4301 1232 4364 detractam
1266 4301 1404 4366 ulterius
1434 4323 1489 4384 pu·

169 4389 285 4453 blicam
310 4391 398 4454 fecit.
431 4391 557 4453 choat
582 4393 690 4452 tamon
715 4389 746 4452 in
765 4411 803 4452 ea
820 4389 1042 4471 suppositione
1066 4393 1141 4471 post
1158 4410 1303 4454 errorem
1327 4413 1420 4455 suum
1439 4391 1490 4455 de·

169 4482 291 4542 tectum
318 4500 389 4541 eum
415 4479 587 4560 corrigere.
