3106 5168
181 281 246 345 332
320 276 362 331 De
380 277 528 332 virtutibus
546 280 575 331 et
592 277 690 339 officiis
709 295 775 348 erga
792 278 923 333 homines
942 308 977 318 -
996 278 1048 334 ΟΕ
1066 279 1140 334 cirea
1156 279 1227 334 bona
1245 282 1369 334 externa.

181 454 325 520 valorem
341 452 472 536 quidem
492 474 588 536 quem
612 452 710 520 debet
732 453 888 519 solvendo
911 453 993 520 satis
1016 454 1229 520 restituturus
1251 458 1314 520 est.
1353 454 1509 522 Debitum

181 543 284 624 igitur
305 542 424 609 saltem
448 542 654 624 exstinguet,
685 542 713 607 si
736 543 846 608 solvat
874 543 1016 626 pretium
1039 544 1130 608 uituli
1152 564 1226 608 cum
1248 543 1417 609 ordinario
1441 544 1510 609 eius

180 631 293 697 fenore
309 652 427 699 annuo.
466 631 552 697 Nam
576 637 613 698 ut
635 632 707 697 loco
730 631 810 715 ipsis
832 631 880 696 rei
901 632 1053 697 sublatae
1074 632 1185 698 solvat
1200 631 1269 698 eius
1284 632 1428 716 pretium
1452 654 1509 699 seu

181 721 327 786 valorem
349 721 435 787 ratio
458 720 625 787 sufficiens
648 724 709 797 est,
733 741 774 786 ne
797 741 833 786 se
856 722 976 803 prodat
997 719 1187 802 furtumque
1210 721 1330 787 debeat
1351 720 1465 789 fateri.

269 809 365 876 Unde
386 813 491 894 patet,
514 809 643 887 Iulium,
666 809 696 875 si
718 811 800 876 nibil
817 810 960 876 voluerit
982 830 1041 893 pro
1057 809 1160 876 vitulo
1176 810 1362 889 restituere,
1387 811 1509 877 malam

180 897 298 964 fecisse
320 898 597 982 computationem
623 897 749 981 sibique
778 898 874 963 nimis
903 898 1088 966 indulsisse.
1117 938 1162 949 -
1191 899 1293 964 lmmo
1324 899 1353 965 si
1383 899 1508 965 furtum

180 986 304 1054 factum
321 993 410 1055 esset
425 990 541 1054 contra
563 1008 740 1071 pauperem
764 987 952 1070 agricolam,
976 987 1031 1071 qui
1047 989 1181 1055 volebat
1196 988 1336 1056 vitulum
1351 989 1508 1066 enutrire,

180 1076 238 1142 sed
254 1076 310 1159 qui
332 1081 409 1160 post
423 1075 548 1143 furtum
571 1076 710 1142 similem
733 1076 871 1142 vitulum
894 1076 955 1141 sibi
980 1097 1088 1142 emere
1111 1098 1176 1143 nou
1198 1077 1315 1161 potuit,
1339 1078 1508 1144 restitutio

181 1166 278 1248 longe
300 1165 406 1231 maior
420 1165 492 1230 fieri
507 1165 658 1243 deberet;
683 1165 841 1247 siquidem
864 1165 1010 1247 agricola
1032 1165 1087 1231 ille
1103 1166 1257 1232 damnum
1281 1167 1380 1248 longe
1404 1167 1508 1233 maius

179 1254 267 1321 tulit.
306 1254 359 1319 Illi
382 1254 467 1320 enim
490 1253 638 1320 homines
661 1253 731 1320 sine
753 1253 866 1319 multis
889 1255 1043 1337 expensis
1066 1255 1160 1321 novis
1183 1255 1304 1321 animal
1328 1256 1507 1333 enutriunt,

178 1346 215 1408 et
237 1343 366 1409 labores
389 1364 466 1408 suos
488 1344 628 1410 libenter
650 1342 850 1427 impendunt,
875 1363 956 1426 quos
976 1343 1074 1409 aliter
1089 1365 1162 1410 cum
1184 1345 1276 1410 lucro
1299 1344 1508 1428 impendendi

180 1431 384 1498 occasionem
409 1452 473 1497 non
496 1432 628 1498 habent.

550 1639 790 1707 cessasses
814 1640 981 1706 nusmu
1005 1641 1133 1707 nium.

737 1797 848 1864 Casus.
876 1805 953 1875 (200)

272 1940 297 1996 1.
325 1936 449 1996 Fulvius
478 1936 628 1997 aurifaber
649 1937 721 1996 emit
747 1940 785 1996 ab
812 1937 929 1997 bomine
955 1957 1040 2015 quem
1067 1938 1172 1997 habuit
1198 1957 1251 2015 pro
1279 1958 1340 1998 non
1367 1946 1505 2018 suspecto

180 2037 255 2076 vasa
276 2037 367 2076 aurea
388 2023 419 2076 et
439 2023 597 2093 argentea3
625 2021 731 2094 postea
753 2037 818 2076 curn
839 2018 956 2077 audiret
977 2019 1013 2077 de
1036 2018 1116 2077 furto
1137 2017 1281 2077 eiusmodi
1309 2039 1411 2079 rerum
1432 2039 1505 2079 com·

117 2122 120 2127 ·
180 2097 270 2157 misso
292 2097 462 2173 suspicatur
489 2102 520 2156 et
547 2097 632 2156 timet
658 2117 696 2157 ne
720 2098 824 2158 emerit
845 2099 964 2158 furtiva.
1006 2098 1063 2157 Sed
1091 2105 1125 2158 ut
1152 2117 1185 2157 se
1213 2100 1372 2159 subtrahat
1399 2101 1505 2160 incom-

156 2178 275 2237 modis
295 2184 326 2237 et
347 2177 446 2236 damni
466 2177 634 2236 incurrendi
655 2177 809 2254 periculis,
830 2198 904 2237 vasa
925 2179 977 2237 illa
999 2180 1122 2250 conflat,
1143 2197 1198 2237 nec
1220 2179 1347 2257 amplius
1368 2187 1505 2240 constare

179 2263 289 2335 potest,
311 2264 410 2317 utrum
431 2258 487 2316 hae
508 2276 557 2316 res
578 2257 690 2317 fuerint
710 2258 838 2317 furtivae
860 2278 962 2318 necne.

271 2341 298 2398 2.
319 2336 448 2408 Amalia,
469 2357 629 2397 oeconoma
650 2337 728 2415 apud
749 2338 870 2396 divitem
890 2338 1045 2408 familiam,
1067 2338 1125 2398 sibi
1146 2357 1194 2397 res
1215 2338 1359 2415 quasdam
1381 2339 1504 2400 assumit

181 2423 241 2477 tum
256 2418 343 2478 titulo
365 2417 614 2495 compensationis
635 2423 756 2495 propter
776 2420 942 2478 mercedem
962 2419 1043 2477 iusto
1065 2419 1206 2478 minorem
1228 2425 1290 2478 tum
1304 2419 1394 2478 titulo
1415 2420 1504 2497 parsi·

181 2499 306 2569 moniae,
329 2497 455 2573 eoquod
476 2497 542 2574 ipsa
563 2517 629 2556 cum
652 2517 706 2556 sua
722 2498 835 2558 familia
855 2499 922 2576 plus
937 2518 1111 2558 consumere
1131 2498 1263 2575 potuerit
1276 2498 1305 2557 vi
1323 2505 1503 2572 contractus,

181 2596 268 2654 quam
289 2597 322 2637 re
342 2578 408 2655 ipsa
428 2578 541 2636 factum
558 2578 605 2638 sit.
622 2612 656 2621 -
680 2578 740 2638 Res
761 2578 805 2638 sio
826 2578 882 2637 sibi
903 2583 1072 2656 assumptas
1087 2579 1174 2637 offert
1188 2579 1370 2638 Anastasiae
1392 2580 1425 2639 in
1446 2581 1503 2639 offi-

182 2658 249 2716 cina
276 2657 453 2717 mercatoria
480 2658 608 2717 famulae
636 2658 784 2719 emendas.
832 2659 914 2730 Quae
944 2662 982 2718 ab
1009 2659 1194 2733 interrogata
1221 2658 1340 2718 domina
1368 2661 1503 2720 officinae

180 2757 355 2814 responsum
376 2738 498 2815 accipit,
522 2738 557 2797 de
577 2738 705 2797 veritate
726 2738 768 2797 rei
790 2739 1078 2815 responsabilitatem
1099 2739 1209 2797 habere
1229 2739 1393 2812 Amaliam;
1416 2760 1502 2816 quare

180 2819 254 2877 nibil
277 2821 405 2890 obstare,
427 2818 496 2894 quin
517 2839 566 2877 res
588 2819 657 2877 illae
677 2819 811 2878 modesto
832 2820 928 2895 pretio
950 2825 1093 2878 emantur.
1135 2818 1217 2887 Quod
1238 2819 1281 2878 ita
1302 2820 1344 2880 fit.

180 2925 357 2996 Qunnmrua
379 2928 408 2982 1ο
433 2943 507 3000 quae
529 2925 589 2984 sint
610 2924 806 3000 obligationes
828 2925 1008 3002 possessoris
1030 2925 1135 2984 dubiae
1156 2925 1232 2984 fidei.

378 3014 408 3071 2ο
434 3014 501 3090 quid
530 3014 567 3072 ad
589 3033 676 3073 casus
702 3014 742 3073 sit
763 3014 931 3085 dicendum3
960 3014 1009 3090 qui
1037 3032 1094 3090 quo
1120 3015 1186 3074 loco
1215 3033 1268 3073 seu
1290 3014 1394 3074 ordins
1422 3016 1502 3075 resti·

434 3099 516 3152 tuere
539 3093 673 3153 debeant.

775 3211 910 3277 Salutio.

118 3366 169 3420 656
268 3353 321 3418 An
337 3373 527 3429 quaesrruu
546 3355 583 3417 1¹¹²
599 3353 638 3418 R.
659 3356 686 3418 1.
719 3352 778 3429 Qui
795 3356 970 3434 antequam
987 3352 1163 3436 possideat,
1183 3351 1301 3419 dubius
1317 3359 1378 3432 est,
1396 3361 1502 3422 utrum

180 3464 232 3508 res
256 3464 352 3525 quam
377 3442 463 3507 alter
485 3441 640 3525 possidet,
664 3440 759 3506 huius
783 3442 890 3508 sitan
916 3463 985 3519 sua,
1010 3463 1082 3506 eam
1106 3442 1253 3507 sibinen
1278 3448 1391 3526 potest
1414 3465 1503 3510 assu-

179 3552 268 3596 mere
291 3531 529 3614 possidendam,
555 3531 659 3595 altero
683 3530 803 3606 invit03
828 3531 970 3612 alioquin
994 3537 1082 3597 esset
1105 3553 1273 3615 possessor
1293 3535 1399 3599 mulae
1421 3533 1502 3599 fidoi.

179 3621 296 3701 Neque
319 3620 347 3684 si
371 3620 485 3684 dubius
509 3625 573 3696 est,
601 3623 711 3684 utrum
734 3619 777 3684 sit
801 3641 854 3684 res
877 3619 934 3685 illa
957 3621 1090 3703 propria
1113 3621 1324 3704 possidentis,
1349 3643 1392 3688 an
1417 3622 1503 3688 tertii

179 3709 316 3774 alicuius
345 3708 457 3784 inviti,
491 3729 564 3773 eam
593 3713 703 3792 potest
734 3729 754 3773 a
783 3708 970 3791 possidente
1004 3710 1187 3790 acquirere,
1220 3710 1282 3774 nisi
1315 3710 1403 3777 forte
1434 3732 1503 3778 cum

179 3799 288 3863 animo
312 3818 381 3862 rem
405 3798 486 3862 bene
510 3797 645 3879 gerendi
667 3818 725 3880 pro
752 3818 829 3863 vero
853 3798 981 3863 domino
1006 3798 1112 3866 dubio.

269 3905 307 3970 R.
340 3908 369 3968 2.
426 3903 459 3968 Si
490 3903 647 3968 eiusmodi
678 3904 808 3968 dubium
839 3909 917 3969 ante
947 3904 1110 3988 inceptam
1140 3905 1380 3987 possessionem
1413 3909 1504 3973 sdest

180 3994 265 4060 circa
290 4013 375 4069 rem,
401 3993 540 4073 quaein
564 3992 685 4056 nullius
708 3994 787 4057 reali
812 3993 1016 4076 possessione
1040 3994 1219 4070 invenitur,
1248 3999 1359 4060 utrum
1382 3997 1504 4061 scilicet

179 4083 312 4148 messit
335 4103 377 4146 an
394 4081 510 4156 aliena,
534 4081 605 4147 eius
621 4081 749 4162 quidem
765 4082 1003 4166 possessionem
1026 4082 1167 4164 incipere
1190 4105 1333 4167 possum,
1358 4089 1502 4151 attamen

179 4193 243 4237 non
275 4192 348 4236 oum
379 4172 530 4235 absoluta
560 4170 742 4235 intentione
766 4171 897 4235 dominii
921 4172 1109 4249 exercendi,
1141 4173 1198 4236 sed
1222 4194 1295 4237 cum
1323 4174 1436 4241 animo
1458 4175 1503 4239 in·

180 4261 328 4344 quirendi
352 4263 386 4324 et
409 4280 478 4323 rem
503 4265 592 4325 certo
617 4259 746 4324 domino
770 4260 929 4325 tradendi.

268 4368 307 4433 R.
324 4370 354 4431 3.
393 4364 454 4443 Qui
478 4369 552 4448 post
575 4365 738 4448 inceptam
761 4366 999 4448 possessionem
1017 4367 1154 4444 dubitat,
1179 4372 1288 4433 utrum
1306 4390 1361 4434 res
1384 4369 1504 4436 suasit

180 4478 221 4522 an
238 4456 354 4532 aliena,
380 4459 437 4520 aut
454 4456 508 4537 qui
532 4455 708 4519 secundum
733 4456 827 4520 modo
844 4455 932 4520 dicta
948 4455 1044 4519 dubio
1069 4456 1249 4522 exsistente
1273 4460 1411 4542 lepitimc
1433 4481 1504 4543 pos·

178 4546 357 4611 sessionem
386 4544 524 4627 incepit,
556 4552 678 4609 tenetur
702 4546 872 4628 inquirere.
920 4545 1040 4620 Quodsi
1071 4546 1279 4626 inquisitione
1307 4548 1396 4614 seria
1420 4549 1504 4615 facta

179 4634 310 4699 dubium
344 4655 407 4698 non
440 4634 597 4710 solvitur,
631 4653 801 4716 possessor
833 4633 873 4696 de
906 4655 940 4698 re
973 4641 1140 4715 tamquam
1171 4634 1211 4699 de
1245 4656 1305 4700 sua
1336 4636 1504 4721 disponere
