<?xml version="1.0" encoding="UTF-8"?>
<!DOCTYPE html PUBLIC "-//W3C//DTD XHTML 1.0 Transitional//EN"
    "http://www.w3.org/TR/xhtml1/DTD/xhtml1-transitional.dtd">
<html xmlns="http://www.w3.org/1999/xhtml" xml:lang="en" lang="en">
 <head>
  <title>
</title>
<meta http-equiv="Content-Type" content="text/html;charset=utf-8" />
  <meta name='ocr-system' content='tesseract 3.04.00' />
  <meta name='ocr-capabilities' content='ocr_page ocr_carea ocr_par ocr_line ocrx_word'/>
</head>
<body>
  <div class='ocr_page' id='page_1' title='image "./casusconscienti01lehmgoog_0292.png"; bbox 0 0 3106 5168; ppageno 0'>
   <div class='ocr_carea' id='block_1_1' title="bbox 162 284 1297 354">
    <p class='ocr_par' dir='ltr' id='par_1_1' title="bbox 162 284 1297 354">
     <span class='ocr_line' id='line_1_1' title="bbox 162 284 1297 354; baseline -0.004 -12"><span class='ocrx_word' id='word_1_1' title='bbox 162 291 229 354; x_wconf 86' lang='lat'>276</span> <span class='ocrx_word' id='word_1_2' title='bbox 353 285 393 341; x_wconf 89' lang='lat' dir='ltr'>De</span> <span class='ocrx_word' id='word_1_3' title='bbox 411 285 560 341; x_wconf 82' lang='lat' dir='ltr'>virtutibus</span> <span class='ocrx_word' id='word_1_4' title='bbox 578 288 606 340; x_wconf 87' lang='lat' dir='ltr'>et</span> <span class='ocrx_word' id='word_1_5' title='bbox 623 285 721 340; x_wconf 74' lang='lat' dir='ltr'>officiis</span> <span class='ocrx_word' id='word_1_6' title='bbox 738 302 804 354; x_wconf 88' lang='lat' dir='ltr'>erga</span> <span class='ocrx_word' id='word_1_7' title='bbox 822 285 952 339; x_wconf 87' lang='lat' dir='ltr'>homiues.</span> <span class='ocrx_word' id='word_1_8' title='bbox 971 314 1006 323; x_wconf 95' lang='lat'><em>-</em></span> <span class='ocrx_word' id='word_1_9' title='bbox 1025 285 1129 339; x_wconf 88' lang='lat' dir='ltr'>Beuum</span> <span class='ocrx_word' id='word_1_10' title='bbox 1147 284 1297 354; x_wconf 89' lang='lat' dir='ltr'>coniugale.</span> 
     </span>
    </p>
   </div>
   <div class='ocr_carea' id='block_1_2' title="bbox 482 495 1167 730">
    <p class='ocr_par' dir='ltr' id='par_1_2' title="bbox 482 495 1167 730">
     <span class='ocr_line' id='line_1_2' title="bbox 482 495 1167 564; baseline -0.001 0"><span class='ocrx_word' id='word_1_11' title='bbox 482 497 678 564; x_wconf 82' lang='lat' dir='ltr'><strong>PECCATA</strong></span> <span class='ocrx_word' id='word_1_12' title='bbox 701 496 928 564; x_wconf 81' lang='lat' dir='ltr'>LUXURIAE</span> <span class='ocrx_word' id='word_1_13' title='bbox 955 495 1167 563; x_wconf 82' lang='lat' dir='ltr'>INTERNA.</span> 
     </span>
     <span class='ocr_line' id='line_1_3' title="bbox 717 655 932 730; baseline -0.019 -9"><span class='ocrx_word' id='word_1_14' title='bbox 717 655 828 722; x_wconf 80' lang='grc'><strong>005115.</strong></span> <span class='ocrx_word' id='word_1_15' title='bbox 856 662 932 730; x_wconf 85' lang='grc'><strong>(100)</strong></span> 
     </span>
    </p>
   </div>
   <div class='ocr_carea' id='block_1_3' title="bbox 160 792 1489 1175">
    <p class='ocr_par' dir='ltr' id='par_1_3' title="bbox 160 792 1489 1175">
     <span class='ocr_line' id='line_1_4' title="bbox 252 792 1489 871; baseline 0 -18"><span class='ocrx_word' id='word_1_16' title='bbox 252 795 359 871; x_wconf 85' lang='lat' dir='ltr'>Lysias</span> <span class='ocrx_word' id='word_1_17' title='bbox 380 794 497 853; x_wconf 87' lang='lat' dir='ltr'>iuvenis</span> <span class='ocrx_word' id='word_1_18' title='bbox 518 794 641 854; x_wconf 86' lang='lat' dir='ltr'>lascivis</span> <span class='ocrx_word' id='word_1_19' title='bbox 656 794 886 870; x_wconf 80' lang='lat' dir='ltr'>cogitationibus</span> <span class='ocrx_word' id='word_1_20' title='bbox 908 800 938 854; x_wconf 92' lang='lat' dir='ltr'>et</span> <span class='ocrx_word' id='word_1_21' title='bbox 956 794 1110 854; x_wconf 83' lang='lat' dir='ltr'>desideriis</span> <span class='ocrx_word' id='word_1_22' title='bbox 1132 813 1220 869; x_wconf 89' lang='lat' dir='ltr'>saepe</span> <span class='ocrx_word' id='word_1_23' title='bbox 1239 792 1380 868; x_wconf 80' lang='lat' dir='ltr'>indulget.</span> <span class='ocrx_word' id='word_1_24' title='bbox 1417 794 1489 853; x_wconf 87' lang='lat' dir='ltr'>Cum</span> 
     </span>
     <span class='ocr_line' id='line_1_5' title="bbox 161 873 1488 952; baseline -0.002 -18"><span class='ocrx_word' id='word_1_25' title='bbox 161 875 243 935; x_wconf 86' lang='lat' dir='ltr'>videt</span> <span class='ocrx_word' id='word_1_26' title='bbox 263 876 378 952; x_wconf 87' lang='lat' dir='ltr'>puellas</span> <span class='ocrx_word' id='word_1_27' title='bbox 392 874 440 934; x_wconf 90' lang='lat' dir='ltr'>vel</span> <span class='ocrx_word' id='word_1_28' title='bbox 462 875 552 934; x_wconf 88' lang='lat' dir='ltr'>etiam</span> <span class='ocrx_word' id='word_1_29' title='bbox 568 875 714 934; x_wconf 84' lang='lat' dir='ltr'>formosos</span> <span class='ocrx_word' id='word_1_30' title='bbox 735 895 852 951; x_wconf 89' lang='lat' dir='ltr'>pueros,</span> <span class='ocrx_word' id='word_1_31' title='bbox 873 875 904 933; x_wconf 93' lang='lat' dir='ltr'>in</span> <span class='ocrx_word' id='word_1_32' title='bbox 925 880 1027 951; x_wconf 90' lang='lat' dir='ltr'>turpes</span> <span class='ocrx_word' id='word_1_33' title='bbox 1042 874 1254 933; x_wconf 74' lang='lat' dir='ltr'>delectationes</span> <span class='ocrx_word' id='word_1_34' title='bbox 1274 873 1388 943; x_wconf 83' lang='lat' dir='ltr'>incidit,</span> <span class='ocrx_word' id='word_1_35' title='bbox 1411 873 1488 932; x_wconf 87' lang='grc'><strong>51011-</strong></span> 
     </span>
     <span class='ocr_line' id='line_1_6' title="bbox 161 954 1488 1031; baseline -0.002 -16"><span class='ocrx_word' id='word_1_36' title='bbox 161 956 231 1015; x_wconf 83' lang='grc'><strong>11101</strong></span> <span class='ocrx_word' id='word_1_37' title='bbox 246 955 278 1014; x_wconf 88' lang='grc'>10</span> <span class='ocrx_word' id='word_1_38' title='bbox 292 954 520 1015; x_wconf 87' lang='lat' dir='ltr'>conversatione</span> <span class='ocrx_word' id='word_1_39' title='bbox 534 974 600 1014; x_wconf 89' lang='lat' dir='ltr'>cum</span> <span class='ocrx_word' id='word_1_40' title='bbox 615 955 692 1026; x_wconf 85' lang='lat' dir='ltr'>aliis,</span> <span class='ocrx_word' id='word_1_41' title='bbox 714 956 740 1014; x_wconf 90' lang='grc'>51</span> <span class='ocrx_word' id='word_1_42' title='bbox 755 955 871 1031; x_wconf 85' lang='lat' dir='ltr'>quaudo</span> <span class='ocrx_word' id='word_1_43' title='bbox 884 957 1037 1014; x_wconf 85' lang='lat' dir='ltr'>verbulum</span> <span class='ocrx_word' id='word_1_44' title='bbox 1060 955 1147 1031; x_wconf 91' lang='lat' dir='ltr'>paulo</span> <span class='ocrx_word' id='word_1_45' title='bbox 1168 954 1290 1013; x_wconf 86' lang='lat' dir='ltr'>liberius</span> <span class='ocrx_word' id='word_1_46' title='bbox 1310 955 1488 1030; x_wconf 84' lang='lat' dir='ltr'>proferatur.</span> 
     </span>
     <span class='ocr_line' id='line_1_7' title="bbox 160 1034 1487 1112; baseline -0.002 -17"><span class='ocrx_word' id='word_1_47' title='bbox 160 1036 198 1095; x_wconf 90' lang='lat' dir='ltr'>Iu</span> <span class='ocrx_word' id='word_1_48' title='bbox 218 1035 405 1095; x_wconf 84' lang='lat' dir='ltr'>confessione</span> <span class='ocrx_word' id='word_1_49' title='bbox 427 1055 459 1094; x_wconf 87' lang='lat' dir='ltr'>se</span> <span class='ocrx_word' id='word_1_50' title='bbox 481 1042 613 1106; x_wconf 86' lang='lat' dir='ltr'>accusat,</span> <span class='ocrx_word' id='word_1_51' title='bbox 635 1036 711 1111; x_wconf 92' lang='lat' dir='ltr'>quod</span> <span class='ocrx_word' id='word_1_52' title='bbox 726 1035 855 1112; x_wconf 83' lang='lat' dir='ltr'>quotidie</span> <span class='ocrx_word' id='word_1_53' title='bbox 877 1035 995 1095; x_wconf 88' lang='lat' dir='ltr'>circiter</span> <span class='ocrx_word' id='word_1_54' title='bbox 1013 1035 1112 1094; x_wconf 84' lang='lat' dir='ltr'>sexies</span> <span class='ocrx_word' id='word_1_55' title='bbox 1133 1034 1235 1111; x_wconf 86' lang='lat' dir='ltr'>pravis</span> <span class='ocrx_word' id='word_1_56' title='bbox 1256 1034 1487 1109; x_wconf 83' lang='lat' dir='ltr'>cogitationibus</span> 
     </span>
     <span class='ocr_line' id='line_1_8' title="bbox 160 1114 331 1175; baseline 0.006 -1"><span class='ocrx_word' id='word_1_57' title='bbox 160 1114 331 1175; x_wconf 85' lang='lat' dir='ltr'>inhaeserit.</span> 
     </span>
    </p>
   </div>
   <div class='ocr_carea' id='block_1_4' title="bbox 160 1229 1486 1370">
    <p class='ocr_par' dir='ltr' id='par_1_4' title="bbox 160 1229 1486 1370">
     <span class='ocr_line' id='line_1_9' title="bbox 160 1229 1486 1370; baseline -0.002 -79"><span class='ocrx_word' id='word_1_58' title='bbox 160 1229 338 1301; x_wconf 72' lang='lat' dir='ltr'>Quaaamun</span> <span class='ocrx_word' id='word_1_59' title='bbox 367 1232 396 1288; x_wconf 88' lang='lat'>1⁰</span> <span class='ocrx_word' id='word_1_60' title='bbox 426 1231 569 1370; x_wconf 82' lang='lat' dir='ltr'>quomodo</span> <span class='ocrx_word' id='word_1_61' title='bbox 600 1230 822 1306; x_wconf 88' lang='lat' dir='ltr'>distinguantur</span> <span class='ocrx_word' id='word_1_62' title='bbox 855 1250 976 1290; x_wconf 91' lang='lat' dir='ltr'>numero</span> <span class='ocrx_word' id='word_1_63' title='bbox 1012 1236 1042 1290; x_wconf 90' lang='lat' dir='ltr'>et</span> <span class='ocrx_word' id='word_1_64' title='bbox 1073 1230 1175 1307; x_wconf 73' lang='lat' dir='ltr'>‚specie</span> <span class='ocrx_word' id='word_1_65' title='bbox 1209 1235 1333 1308; x_wconf 89' lang='lat' dir='ltr'>peccata</span> <span class='ocrx_word' id='word_1_66' title='bbox 1368 1229 1486 1288; x_wconf 89' lang='lat' dir='ltr'>interna</span> 
     </span>
     <span class='ocr_line' id='line_1_10' title="bbox 440 1329 571 1369; baseline 0 0"><span class='ocrx_word' id='word_1_67' title='bbox 440 1329 571 1369; x_wconf 81' lang='lat' dir='ltr'>uxunae.</span> 
     </span>
    </p>
   </div>
   <div class='ocr_carea' id='block_1_5' title="bbox 365 1408 1272 1487">
    <p class='ocr_par' dir='ltr' id='par_1_5' title="bbox 365 1408 1272 1487">
     <span class='ocr_line' id='line_1_11' title="bbox 365 1408 1272 1487; baseline 0 -19"><span class='ocrx_word' id='word_1_68' title='bbox 365 1411 395 1468; x_wconf 85' lang='lat'>2⁰</span> <span class='ocrx_word' id='word_1_69' title='bbox 424 1428 493 1469; x_wconf 90' lang='lat' dir='ltr'>num</span> <span class='ocrx_word' id='word_1_70' title='bbox 515 1409 622 1485; x_wconf 87' lang='lat' dir='ltr'>Lysias</span> <span class='ocrx_word' id='word_1_71' title='bbox 642 1416 767 1487; x_wconf 85' lang='lat' dir='ltr'>peccata</span> <span class='ocrx_word' id='word_1_72' title='bbox 788 1430 842 1469; x_wconf 87' lang='lat' dir='ltr'>sua</span> <span class='ocrx_word' id='word_1_73' title='bbox 864 1409 1046 1470; x_wconf 88' lang='lat' dir='ltr'>sufficienter</span> <span class='ocrx_word' id='word_1_74' title='bbox 1067 1408 1272 1469; x_wconf 90' lang='lat' dir='ltr'>declaraverit.</span> 
     </span>
    </p>
   </div>
   <div class='ocr_carea' id='block_1_6' title="bbox 755 1601 891 1669">
    <p class='ocr_par' dir='ltr' id='par_1_6' title="bbox 755 1601 891 1669">
     <span class='ocr_line' id='line_1_12' title="bbox 755 1601 891 1669; baseline 0 0"><span class='ocrx_word' id='word_1_75' title='bbox 755 1601 891 1669; x_wconf 84' lang='lat' dir='ltr'>Salutio.</span> 
     </span>
    </p>
   </div>
   <div class='ocr_carea' id='block_1_7' title="bbox 96 1742 1484 2540">
    <p class='ocr_par' dir='ltr' id='par_1_7' title="bbox 96 1742 1484 2540">
     <span class='ocr_line' id='line_1_13' title="bbox 96 1742 1484 1829; baseline -0.003 -16"><span class='ocrx_word' id='word_1_76' title='bbox 96 1761 147 1815; x_wconf 84' lang='lat'>541</span> <span class='ocrx_word' id='word_1_77' title='bbox 249 1742 302 1807; x_wconf 85' lang='lat' dir='ltr'>An</span> <span class='ocrx_word' id='word_1_78' title='bbox 318 1763 510 1820; x_wconf 78' lang='grc'><strong>0010510011</strong></span> <span class='ocrx_word' id='word_1_79' title='bbox 528 1745 565 1808; x_wconf 78' lang='lat' dir='ltr'>1m</span> <span class='ocrx_word' id='word_1_80' title='bbox 581 1744 620 1810; x_wconf 85' lang='lat' dir='ltr'>R.</span> <span class='ocrx_word' id='word_1_81' title='bbox 641 1747 668 1809; x_wconf 90' lang='lat'>1.</span> <span class='ocrx_word' id='word_1_82' title='bbox 700 1742 792 1820; x_wconf 87' lang='lat' dir='ltr'>Quod</span> <span class='ocrx_word' id='word_1_83' title='bbox 815 1749 944 1829; x_wconf 88' lang='lat' dir='ltr'>spectat</span> <span class='ocrx_word' id='word_1_84' title='bbox 968 1744 1210 1820; x_wconf 89' lang='lat' dir='ltr'>adnumerum,</span> <span class='ocrx_word' id='word_1_85' title='bbox 1235 1747 1325 1808; x_wconf 83' lang='lat' dir='ltr'>certe</span> <span class='ocrx_word' id='word_1_86' title='bbox 1347 1748 1484 1827; x_wconf 89' lang='lat' dir='ltr'>peccata</span> 
     </span>
     <span class='ocr_line' id='line_1_14' title="bbox 159 1831 1484 1915; baseline -0.001 -18"><span class='ocrx_word' id='word_1_87' title='bbox 159 1853 293 1897; x_wconf 91' lang='lat' dir='ltr'>numero</span> <span class='ocrx_word' id='word_1_88' title='bbox 319 1832 474 1898; x_wconf 89' lang='lat' dir='ltr'>distincta</span> <span class='ocrx_word' id='word_1_89' title='bbox 497 1837 574 1898; x_wconf 90' lang='lat' dir='ltr'>suut</span> <span class='ocrx_word' id='word_1_90' title='bbox 597 1853 639 1898; x_wconf 86' lang='lat' dir='ltr'>ex</span> <span class='ocrx_word' id='word_1_91' title='bbox 663 1833 817 1900; x_wconf 88' lang='lat' dir='ltr'>distincto</span> <span class='ocrx_word' id='word_1_92' title='bbox 841 1855 975 1899; x_wconf 89' lang='lat' dir='ltr'>numero</span> <span class='ocrx_word' id='word_1_93' title='bbox 998 1834 1202 1915; x_wconf 82' lang='lat' dir='ltr'>obiectorum,</span> <span class='ocrx_word' id='word_1_94' title='bbox 1233 1831 1329 1898; x_wconf 91' lang='lat' dir='ltr'>videl.</span> <span class='ocrx_word' id='word_1_95' title='bbox 1355 1834 1484 1914; x_wconf 89' lang='lat' dir='ltr'>quando</span> 
     </span>
     <span class='ocr_line' id='line_1_15' title="bbox 159 1920 1484 2006; baseline -0.002 -19"><span class='ocrx_word' id='word_1_96' title='bbox 159 1922 201 1987; x_wconf 96' lang='lat' dir='ltr'>ab</span> <span class='ocrx_word' id='word_1_97' title='bbox 229 1942 293 1986; x_wconf 92' lang='lat' dir='ltr'>uuo</span> <span class='ocrx_word' id='word_1_98' title='bbox 321 1922 546 2005; x_wconf 87' lang='lat' dir='ltr'>peccaminoso</span> <span class='ocrx_word' id='word_1_99' title='bbox 570 1921 697 1989; x_wconf 90' lang='lat' dir='ltr'>obiecto</span> <span class='ocrx_word' id='word_1_100' title='bbox 722 1923 763 1988; x_wconf 90' lang='lat' dir='ltr'>ad</span> <span class='ocrx_word' id='word_1_101' title='bbox 787 1923 876 1989; x_wconf 91' lang='lat' dir='ltr'>aliud</span> <span class='ocrx_word' id='word_1_102' title='bbox 899 1922 1063 1989; x_wconf 90' lang='lat' dir='ltr'>obiectum</span> <span class='ocrx_word' id='word_1_103' title='bbox 1085 1922 1183 2006; x_wconf 89' lang='lat' dir='ltr'>plane</span> <span class='ocrx_word' id='word_1_104' title='bbox 1207 1920 1371 1986; x_wconf 88' lang='lat' dir='ltr'>diversum</span> <span class='ocrx_word' id='word_1_105' title='bbox 1396 1922 1484 2004; x_wconf 85' lang='lat' dir='ltr'>cogi·</span> 
     </span>
     <span class='ocr_line' id='line_1_16' title="bbox 159 2010 1484 2094; baseline -0.002 -16"><span class='ocrx_word' id='word_1_106' title='bbox 159 2011 294 2078; x_wconf 89' lang='lat' dir='ltr'>tandum</span> <span class='ocrx_word' id='word_1_107' title='bbox 313 2015 348 2077; x_wconf 93' lang='lat' dir='ltr'>et</span> <span class='ocrx_word' id='word_1_108' title='bbox 371 2015 408 2076; x_wconf 94' lang='lat' dir='ltr'>ut</span> <span class='ocrx_word' id='word_1_109' title='bbox 430 2011 498 2076; x_wconf 91' lang='lat' dir='ltr'>tale</span> <span class='ocrx_word' id='word_1_110' title='bbox 517 2011 767 2094; x_wconf 85' lang='lat' dir='ltr'>&#39;approbandum</span> <span class='ocrx_word' id='word_1_111' title='bbox 783 2033 875 2077; x_wconf 89' lang='lat' dir='ltr'>mans</span> <span class='ocrx_word' id='word_1_112' title='bbox 897 2011 1076 2088; x_wconf 87' lang='lat' dir='ltr'>transierit,</span> <span class='ocrx_word' id='word_1_113' title='bbox 1100 2011 1178 2076; x_wconf 92' lang='lat' dir='ltr'>licet</span> <span class='ocrx_word' id='word_1_114' title='bbox 1194 2010 1336 2075; x_wconf 90' lang='lat' dir='ltr'>eiusdem</span> <span class='ocrx_word' id='word_1_115' title='bbox 1354 2011 1484 2076; x_wconf 92' lang='lat' dir='ltr'>omnino</span> 
     </span>
     <span class='ocr_line' id='line_1_17' title="bbox 158 2098 1484 2184; baseline 0 -20"><span class='ocrx_word' id='word_1_116' title='bbox 158 2099 203 2166; x_wconf 90' lang='grc'>511</span> <span class='ocrx_word' id='word_1_117' title='bbox 233 2099 362 2183; x_wconf 88' lang='lat' dir='ltr'>speciei.</span> <span class='ocrx_word' id='word_1_118' title='bbox 408 2098 532 2178; x_wconf 82' lang='lat' dir='ltr'>Aliter,</span> <span class='ocrx_word' id='word_1_119' title='bbox 563 2100 608 2178; x_wconf 93' lang='lat' dir='ltr'>si,</span> <span class='ocrx_word' id='word_1_120' title='bbox 639 2099 693 2182; x_wconf 93' lang='lat' dir='ltr'>qui</span> <span class='ocrx_word' id='word_1_121' title='bbox 723 2101 948 2184; x_wconf 86' lang='lat' dir='ltr'>peccaminosa</span> <span class='ocrx_word' id='word_1_122' title='bbox 976 2121 1011 2166; x_wconf 90' lang='lat' dir='ltr'>se</span> <span class='ocrx_word' id='word_1_123' title='bbox 1035 2099 1178 2166; x_wconf 88' lang='lat' dir='ltr'>delectat</span> <span class='ocrx_word' id='word_1_124' title='bbox 1201 2100 1241 2165; x_wconf 91' lang='lat' dir='ltr'>de</span> <span class='ocrx_word' id='word_1_125' title='bbox 1265 2098 1484 2184; x_wconf 87' lang='lat' dir='ltr'>compluribus</span> 
     </span>
     <span class='ocr_line' id='line_1_18' title="bbox 159 2187 1484 2273; baseline -0.002 -19"><span class='ocrx_word' id='word_1_126' title='bbox 159 2189 287 2271; x_wconf 91' lang='lat' dir='ltr'>quidem</span> <span class='ocrx_word' id='word_1_127' title='bbox 305 2187 450 2268; x_wconf 90' lang='lat' dir='ltr'>obiectis,</span> <span class='ocrx_word' id='word_1_128' title='bbox 467 2210 507 2254; x_wconf 89' lang='lat' dir='ltr'>ea</span> <span class='ocrx_word' id='word_1_129' title='bbox 523 2210 587 2254; x_wconf 90' lang='lat' dir='ltr'>non</span> <span class='ocrx_word' id='word_1_130' title='bbox 603 2190 819 2273; x_wconf 84' lang='lat' dir='ltr'>apprehendit</span> <span class='ocrx_word' id='word_1_131' title='bbox 834 2195 872 2256; x_wconf 94' lang='lat' dir='ltr'>ut</span> <span class='ocrx_word' id='word_1_132' title='bbox 887 2190 1015 2256; x_wconf 88' lang='lat' dir='ltr'>obiecta</span> <span class='ocrx_word' id='word_1_133' title='bbox 1032 2189 1197 2266; x_wconf 82' lang='lat' dir='ltr'>distincta,</span> <span class='ocrx_word' id='word_1_134' title='bbox 1213 2188 1271 2254; x_wconf 89' lang='lat' dir='ltr'>sed</span> <span class='ocrx_word' id='word_1_135' title='bbox 1288 2189 1484 2255; x_wconf 87' lang='lat' dir='ltr'>abstrahens</span> 
     </span>
     <span class='ocr_line' id='line_1_19' title="bbox 158 2277 1483 2364; baseline 0.001 -22"><span class='ocrx_word' id='word_1_136' title='bbox 158 2278 262 2343; x_wconf 91' lang='lat' dir='ltr'>solum</span> <span class='ocrx_word' id='word_1_137' title='bbox 285 2277 327 2355; x_wconf 95' lang='lat' dir='ltr'>id,</span> <span class='ocrx_word' id='word_1_138' title='bbox 353 2278 439 2360; x_wconf 93' lang='lat' dir='ltr'>quod</span> <span class='ocrx_word' id='word_1_139' title='bbox 463 2299 630 2344; x_wconf 90' lang='lat' dir='ltr'>commuue</span> <span class='ocrx_word' id='word_1_140' title='bbox 654 2279 803 2344; x_wconf 89' lang='lat' dir='ltr'>omuibus</span> <span class='ocrx_word' id='word_1_141' title='bbox 827 2284 888 2357; x_wconf 88' lang='lat' dir='ltr'>est,</span> <span class='ocrx_word' id='word_1_142' title='bbox 912 2278 1127 2364; x_wconf 83' lang='lat' dir='ltr'>apprehendit</span> <span class='ocrx_word' id='word_1_143' title='bbox 1150 2278 1183 2344; x_wconf 92' lang='lat' dir='ltr'>iu</span> <span class='ocrx_word' id='word_1_144' title='bbox 1199 2299 1302 2360; x_wconf 90' lang='lat' dir='ltr'>eoque</span> <span class='ocrx_word' id='word_1_145' title='bbox 1318 2277 1379 2342; x_wconf 90' lang='lat' dir='ltr'>sibi</span> <span class='ocrx_word' id='word_1_146' title='bbox 1396 2300 1483 2343; x_wconf 90' lang='lat' dir='ltr'>eom·</span> 
     </span>
     <span class='ocr_line' id='line_1_20' title="bbox 157 2367 1483 2452; baseline 0.001 -21"><span class='ocrx_word' id='word_1_147' title='bbox 157 2367 283 2450; x_wconf 87' lang='lat' dir='ltr'>placet:</span> <span class='ocrx_word' id='word_1_148' title='bbox 314 2367 346 2430; x_wconf 93' lang='lat' dir='ltr'>in</span> <span class='ocrx_word' id='word_1_149' title='bbox 377 2387 440 2449; x_wconf 92' lang='lat' dir='ltr'>quo</span> <span class='ocrx_word' id='word_1_150' title='bbox 471 2388 548 2433; x_wconf 90' lang='lat' dir='ltr'>casu</span> <span class='ocrx_word' id='word_1_151' title='bbox 578 2367 700 2433; x_wconf 82' lang='lat' dir='ltr'>sufficit</span> <span class='ocrx_word' id='word_1_152' title='bbox 730 2369 877 2435; x_wconf 88' lang='lat' dir='ltr'>confiteri</span> <span class='ocrx_word' id='word_1_153' title='bbox 902 2368 1154 2434; x_wconf 82' lang='lat' dir='ltr'>delectationem</span> <span class='ocrx_word' id='word_1_154' title='bbox 1177 2372 1306 2452; x_wconf 88' lang='lat' dir='ltr'>captam</span> <span class='ocrx_word' id='word_1_155' title='bbox 1332 2367 1371 2432; x_wconf 90' lang='lat' dir='ltr'>de</span> <span class='ocrx_word' id='word_1_156' title='bbox 1396 2388 1483 2432; x_wconf 89' lang='lat' dir='ltr'>com·</span> 
     </span>
     <span class='ocr_line' id='line_1_21' title="bbox 157 2455 787 2540; baseline 0.005 -20"><span class='ocrx_word' id='word_1_157' title='bbox 157 2456 302 2540; x_wconf 86' lang='lat' dir='ltr'>pluribus</span> <span class='ocrx_word' id='word_1_158' title='bbox 324 2455 395 2521; x_wconf 87' lang='lat' dir='ltr'>sine</span> <span class='ocrx_word' id='word_1_159' title='bbox 418 2457 620 2523; x_wconf 82' lang='lat' dir='ltr'>accuratiore</span> <span class='ocrx_word' id='word_1_160' title='bbox 643 2478 787 2523; x_wconf 91' lang='lat' dir='ltr'>numero.</span> 
     </span>
    </p>
   </div>
   <div class='ocr_carea' id='block_1_8' title="bbox 93 2562 1482 3447">
    <p class='ocr_par' dir='ltr' id='par_1_8' title="bbox 245 2562 1482 2650">
     <span class='ocr_line' id='line_1_22' title="bbox 245 2562 1482 2650; baseline 0.001 -24"><span class='ocrx_word' id='word_1_161' title='bbox 245 2562 284 2628; x_wconf 87' lang='lat' dir='ltr'>R.</span> <span class='ocrx_word' id='word_1_162' title='bbox 315 2565 344 2628; x_wconf 85' lang='lat'>2.</span> <span class='ocrx_word' id='word_1_163' title='bbox 391 2562 556 2627; x_wconf 87' lang='lat' dir='ltr'>Numerus</span> <span class='ocrx_word' id='word_1_164' title='bbox 588 2562 800 2646; x_wconf 87' lang='lat' dir='ltr'>distinguitur</span> <span class='ocrx_word' id='word_1_165' title='bbox 832 2563 932 2630; x_wconf 87' lang='lat' dir='ltr'>etiam</span> <span class='ocrx_word' id='word_1_166' title='bbox 965 2585 1007 2629; x_wconf 84' lang='lat' dir='ltr'>ex</span> <span class='ocrx_word' id='word_1_167' title='bbox 1039 2563 1188 2648; x_wconf 88' lang='lat' dir='ltr'>repetitis</span> <span class='ocrx_word' id='word_1_168' title='bbox 1220 2564 1341 2629; x_wconf 79' lang='lat' dir='ltr'>actibus</span> <span class='ocrx_word' id='word_1_169' title='bbox 1371 2586 1482 2650; x_wconf 82' lang='lat' dir='ltr'>pecca·</span> 
     </span>
    </p>

    <p class='ocr_par' dir='ltr' id='par_1_9' title="bbox 93 2650 1480 2737">
     <span class='ocr_line' id='line_1_23' title="bbox 93 2650 1480 2737; baseline 0.001 -23"><span class='ocrx_word' id='word_1_170' title='bbox 93 2682 96 2694; x_wconf 80' lang='lat'><em>=</em></span> <span class='ocrx_word' id='word_1_171' title='bbox 156 2653 297 2733; x_wconf 83' lang='lat' dir='ltr'>minoeia,</span> <span class='ocrx_word' id='word_1_172' title='bbox 322 2651 384 2716; x_wconf 77' lang='lat' dir='ltr'>etsi</span> <span class='ocrx_word' id='word_1_173' title='bbox 400 2650 563 2719; x_wconf 90' lang='lat' dir='ltr'>obiectum</span> <span class='ocrx_word' id='word_1_174' title='bbox 577 2653 664 2718; x_wconf 88' lang='lat' dir='ltr'>idem</span> <span class='ocrx_word' id='word_1_175' title='bbox 679 2653 846 2720; x_wconf 84' lang='lat' dir='ltr'>manserit.</span> <span class='ocrx_word' id='word_1_176' title='bbox 879 2653 932 2718; x_wconf 84' lang='lat' dir='ltr'>Ex</span> <span class='ocrx_word' id='word_1_177' title='bbox 956 2674 1019 2735; x_wconf 93' lang='lat' dir='ltr'>quo</span> <span class='ocrx_word' id='word_1_178' title='bbox 1043 2653 1150 2737; x_wconf 90' lang='lat' dir='ltr'>capite</span> <span class='ocrx_word' id='word_1_179' title='bbox 1174 2656 1344 2736; x_wconf 89' lang='lat' dir='ltr'>peccatum</span> <span class='ocrx_word' id='word_1_180' title='bbox 1361 2674 1480 2718; x_wconf 90' lang='lat' dir='ltr'>novum</span> 
     </span>
    </p>

    <p class='ocr_par' dir='ltr' id='par_1_10' title="bbox 156 2740 1480 2826">
     <span class='ocr_line' id='line_1_24' title="bbox 156 2740 1480 2826; baseline 0.002 -23"><span class='ocrx_word' id='word_1_181' title='bbox 156 2760 290 2804; x_wconf 91' lang='lat' dir='ltr'>numero</span> <span class='ocrx_word' id='word_1_182' title='bbox 307 2740 496 2805; x_wconf 89' lang='lat' dir='ltr'>distinctum</span> <span class='ocrx_word' id='word_1_183' title='bbox 513 2746 601 2808; x_wconf 91' lang='lat' dir='ltr'>certe</span> <span class='ocrx_word' id='word_1_184' title='bbox 617 2742 841 2817; x_wconf 86' lang='lat' dir='ltr'>committitur,</span> <span class='ocrx_word' id='word_1_185' title='bbox 858 2742 987 2825; x_wconf 89' lang='lat' dir='ltr'>quaudo</span> <span class='ocrx_word' id='word_1_186' title='bbox 1004 2743 1076 2825; x_wconf 91' lang='lat' dir='ltr'>quis</span> <span class='ocrx_word' id='word_1_187' title='bbox 1088 2763 1108 2807; x_wconf 89' lang='lat' dir='ltr'>a</span> <span class='ocrx_word' id='word_1_188' title='bbox 1120 2741 1345 2826; x_wconf 87' lang='lat' dir='ltr'>peccaminoso</span> <span class='ocrx_word' id='word_1_189' title='bbox 1362 2744 1480 2807; x_wconf 84' lang='lat' dir='ltr'>affectu</span> 
     </span>
    </p>

    <p class='ocr_par' dir='ltr' id='par_1_11' title="bbox 156 2829 1480 2915">
     <span class='ocr_line' id='line_1_25' title="bbox 156 2829 1480 2915; baseline 0.003 -23"><span class='ocrx_word' id='word_1_190' title='bbox 156 2832 341 2895; x_wconf 87' lang='lat' dir='ltr'>retractans</span> <span class='ocrx_word' id='word_1_191' title='bbox 366 2829 508 2895; x_wconf 87' lang='lat' dir='ltr'>cessavit</span> <span class='ocrx_word' id='word_1_192' title='bbox 532 2835 566 2896; x_wconf 91' lang='lat' dir='ltr'>et</span> <span class='ocrx_word' id='word_1_193' title='bbox 589 2830 662 2895; x_wconf 91' lang='lat' dir='ltr'>dein</span> <span class='ocrx_word' id='word_1_194' title='bbox 687 2831 791 2896; x_wconf 92' lang='lat' dir='ltr'>denuo</span> <span class='ocrx_word' id='word_1_195' title='bbox 815 2831 906 2896; x_wconf 91' lang='lat' dir='ltr'>illum</span> <span class='ocrx_word' id='word_1_196' title='bbox 927 2833 1112 2915; x_wconf 87' lang='lat' dir='ltr'>approbans</span> <span class='ocrx_word' id='word_1_197' title='bbox 1128 2831 1282 2906; x_wconf 81' lang='lat' dir='ltr'>assumit3</span> <span class='ocrx_word' id='word_1_198' title='bbox 1307 2830 1480 2896; x_wconf 89' lang='lat' dir='ltr'>sedetiam</span> 
     </span>
    </p>

    <p class='ocr_par' dir='ltr' id='par_1_12' title="bbox 156 2918 1482 3090">
     <span class='ocr_line' id='line_1_26' title="bbox 156 2918 1482 3004; baseline 0.002 -22"><span class='ocrx_word' id='word_1_199' title='bbox 156 2918 285 2999; x_wconf 89' lang='lat' dir='ltr'>quaudo</span> <span class='ocrx_word' id='word_1_200' title='bbox 317 2922 493 3000; x_wconf 87' lang='lat' dir='ltr'>utcumque</span> <span class='ocrx_word' id='word_1_201' title='bbox 526 2919 712 2986; x_wconf 86' lang='lat' dir='ltr'>voluntarie</span> <span class='ocrx_word' id='word_1_202' title='bbox 744 2942 764 2985; x_wconf 89' lang='lat' dir='ltr'>a</span> <span class='ocrx_word' id='word_1_203' title='bbox 795 2920 1022 3004; x_wconf 90' lang='lat' dir='ltr'>peccaminoso</span> <span class='ocrx_word' id='word_1_204' title='bbox 1054 2922 1175 2986; x_wconf 86' lang='lat' dir='ltr'>affectu</span> <span class='ocrx_word' id='word_1_205' title='bbox 1207 2919 1350 2986; x_wconf 90' lang='lat' dir='ltr'>cessavit</span> <span class='ocrx_word' id='word_1_206' title='bbox 1382 2924 1482 3002; x_wconf 89' lang='lat' dir='ltr'>atque</span> 
     </span>
     <span class='ocr_line' id='line_1_27' title="bbox 156 3011 540 3090; baseline 0.008 -19"><span class='ocrx_word' id='word_1_207' title='bbox 156 3012 272 3090; x_wconf 89' lang='lat' dir='ltr'>postea</span> <span class='ocrx_word' id='word_1_208' title='bbox 295 3029 367 3072; x_wconf 91' lang='lat' dir='ltr'>eum</span> <span class='ocrx_word' id='word_1_209' title='bbox 392 3011 540 3074; x_wconf 89' lang='lat' dir='ltr'>renovat.</span> 
     </span>
    </p>

    <p class='ocr_par' dir='ltr' id='par_1_13' title="bbox 245 3095 1481 3181">
     <span class='ocr_line' id='line_1_28' title="bbox 245 3095 1481 3181; baseline 0.002 -21"><span class='ocrx_word' id='word_1_210' title='bbox 245 3095 305 3173; x_wconf 89' lang='lat' dir='ltr'>Qui</span> <span class='ocrx_word' id='word_1_211' title='bbox 328 3117 408 3162; x_wconf 88' lang='lat' dir='ltr'>vero</span> <span class='ocrx_word' id='word_1_212' title='bbox 431 3096 618 3162; x_wconf 84' lang='lat' dir='ltr'>virtualiter</span> <span class='ocrx_word' id='word_1_213' title='bbox 647 3097 768 3163; x_wconf 89' lang='lat' dir='ltr'>mansit</span> <span class='ocrx_word' id='word_1_214' title='bbox 797 3097 829 3162; x_wconf 93' lang='grc'>10</span> <span class='ocrx_word' id='word_1_215' title='bbox 861 3098 974 3163; x_wconf 89' lang='lat' dir='ltr'>eadem</span> <span class='ocrx_word' id='word_1_216' title='bbox 1004 3098 1232 3181; x_wconf 88' lang='lat' dir='ltr'>peccaminosa</span> <span class='ocrx_word' id='word_1_217' title='bbox 1259 3097 1481 3181; x_wconf 89' lang='lat' dir='ltr'>dispositione,</span> 
     </span>
    </p>

    <p class='ocr_par' dir='ltr' id='par_1_14' title="bbox 156 3185 1481 3270">
     <span class='ocr_line' id='line_1_29' title="bbox 156 3185 1481 3270; baseline 0.002 -21"><span class='ocrx_word' id='word_1_218' title='bbox 156 3185 214 3250; x_wconf 87' lang='lat' dir='ltr'>vix</span> <span class='ocrx_word' id='word_1_219' title='bbox 230 3185 413 3251; x_wconf 88' lang='lat' dir='ltr'>accuratius</span> <span class='ocrx_word' id='word_1_220' title='bbox 432 3191 568 3269; x_wconf 89' lang='lat' dir='ltr'>peccata</span> <span class='ocrx_word' id='word_1_221' title='bbox 584 3207 672 3252; x_wconf 91' lang='lat' dir='ltr'>mere</span> <span class='ocrx_word' id='word_1_222' title='bbox 688 3186 818 3252; x_wconf 88' lang='lat' dir='ltr'>interna</span> <span class='ocrx_word' id='word_1_223' title='bbox 834 3187 976 3251; x_wconf 88' lang='lat' dir='ltr'>eiusdem</span> <span class='ocrx_word' id='word_1_224' title='bbox 993 3187 1041 3251; x_wconf 88' lang='lat' dir='ltr'>rei</span> <span class='ocrx_word' id='word_1_225' title='bbox 1057 3186 1224 3252; x_wconf 88' lang='lat' dir='ltr'>declarare</span> <span class='ocrx_word' id='word_1_226' title='bbox 1240 3191 1360 3270; x_wconf 89' lang='lat' dir='ltr'>potest,</span> <span class='ocrx_word' id='word_1_227' title='bbox 1385 3209 1481 3270; x_wconf 90' lang='lat' dir='ltr'>quam</span> 
     </span>
    </p>

    <p class='ocr_par' dir='ltr' id='par_1_15' title="bbox 155 3274 1481 3360">
     <span class='ocr_line' id='line_1_30' title="bbox 155 3274 1481 3360; baseline 0.003 -22"><span class='ocrx_word' id='word_1_228' title='bbox 155 3274 329 3340; x_wconf 89' lang='lat' dir='ltr'>indicando</span> <span class='ocrx_word' id='word_1_229' title='bbox 345 3279 484 3358; x_wconf 91' lang='lat' dir='ltr'>tempus,</span> <span class='ocrx_word' id='word_1_230' title='bbox 509 3275 577 3341; x_wconf 92' lang='lat' dir='ltr'>scil.</span> <span class='ocrx_word' id='word_1_231' title='bbox 591 3276 669 3353; x_wconf 90' lang='lat' dir='ltr'>dies,</span> <span class='ocrx_word' id='word_1_232' title='bbox 685 3275 907 3341; x_wconf 90' lang='lat' dir='ltr'>hebdomadas</span> <span class='ocrx_word' id='word_1_233' title='bbox 924 3281 996 3351; x_wconf 82' lang='lat' dir='ltr'>etc,</span> <span class='ocrx_word' id='word_1_234' title='bbox 1015 3297 1077 3358; x_wconf 94' lang='lat' dir='ltr'>quo</span> <span class='ocrx_word' id='word_1_235' title='bbox 1095 3276 1187 3358; x_wconf 86' lang='lat' dir='ltr'>quasi</span> <span class='ocrx_word' id='word_1_236' title='bbox 1200 3276 1353 3341; x_wconf 88' lang='lat' dir='ltr'>continue</span> <span class='ocrx_word' id='word_1_237' title='bbox 1369 3278 1481 3360; x_wconf 86' lang='lat' dir='ltr'>pravis</span> 
     </span>
    </p>

    <p class='ocr_par' dir='ltr' id='par_1_16' title="bbox 156 3363 1481 3447">
     <span class='ocr_line' id='line_1_31' title="bbox 156 3363 1481 3447; baseline 0.002 -19"><span class='ocrx_word' id='word_1_238' title='bbox 156 3363 327 3429; x_wconf 87' lang='lat' dir='ltr'>affectibus</span> <span class='ocrx_word' id='word_1_239' title='bbox 356 3365 545 3431; x_wconf 89' lang='lat' dir='ltr'>inhaeserit.</span> <span class='ocrx_word' id='word_1_240' title='bbox 593 3366 645 3430; x_wconf 84' lang='lat' dir='ltr'>Ex</span> <span class='ocrx_word' id='word_1_241' title='bbox 676 3386 738 3447; x_wconf 92' lang='lat' dir='ltr'>quo</span> <span class='ocrx_word' id='word_1_242' title='bbox 771 3365 991 3431; x_wconf 86' lang='lat' dir='ltr'>confessarius</span> <span class='ocrx_word' id='word_1_243' title='bbox 1020 3365 1177 3431; x_wconf 91' lang='lat' dir='ltr'>iudicabit</span> <span class='ocrx_word' id='word_1_244' title='bbox 1199 3386 1265 3430; x_wconf 93' lang='lat' dir='ltr'>non</span> <span class='ocrx_word' id='word_1_245' title='bbox 1289 3367 1376 3431; x_wconf 90' lang='lat' dir='ltr'>ultra</span> <span class='ocrx_word' id='word_1_246' title='bbox 1401 3367 1481 3432; x_wconf 87' lang='lat' dir='ltr'>duas</span> 
     </span>
    </p>
   </div>
   <div class='ocr_carea' id='block_1_9' title="bbox 156 3453 1481 3624">
    <p class='ocr_par' dir='ltr' id='par_1_17' title="bbox 156 3453 1481 3624">
     <span class='ocr_line' id='line_1_32' title="bbox 156 3453 1481 3539; baseline 0.005 -24"><span class='ocrx_word' id='word_1_247' title='bbox 156 3453 209 3517; x_wconf 90' lang='lat' dir='ltr'>vel</span> <span class='ocrx_word' id='word_1_248' title='bbox 237 3457 306 3518; x_wconf 90' lang='lat' dir='ltr'>tres</span> <span class='ocrx_word' id='word_1_249' title='bbox 336 3453 434 3518; x_wconf 87' lang='lat' dir='ltr'>horas</span> <span class='ocrx_word' id='word_1_250' title='bbox 464 3475 562 3518; x_wconf 91' lang='lat' dir='ltr'>unum</span> <span class='ocrx_word' id='word_1_251' title='bbox 587 3453 736 3535; x_wconf 89' lang='lat' dir='ltr'>idemque</span> <span class='ocrx_word' id='word_1_252' title='bbox 760 3460 930 3537; x_wconf 88' lang='lat' dir='ltr'>peccatum</span> <span class='ocrx_word' id='word_1_253' title='bbox 955 3455 1123 3520; x_wconf 88' lang='lat' dir='ltr'>moraliter</span> <span class='ocrx_word' id='word_1_254' title='bbox 1146 3458 1311 3537; x_wconf 90' lang='lat' dir='ltr'>sumptum</span> <span class='ocrx_word' id='word_1_255' title='bbox 1335 3456 1481 3539; x_wconf 89' lang='lat' dir='ltr'>potuisse</span> 
     </span>
     <span class='ocr_line' id='line_1_33' title="bbox 156 3541 740 3624; baseline 0.003 -18"><span class='ocrx_word' id='word_1_256' title='bbox 156 3541 344 3624; x_wconf 89' lang='lat' dir='ltr'>perdurare.</span> <span class='ocrx_word' id='word_1_257' title='bbox 392 3542 440 3608; x_wconf 86' lang='lat' dir='ltr'>Cf.</span> <span class='ocrx_word' id='word_1_258' title='bbox 469 3545 524 3609; x_wconf 81' lang='lat' dir='ltr'>Tb.</span> <span class='ocrx_word' id='word_1_259' title='bbox 550 3565 589 3609; x_wconf 85' lang='lat' dir='ltr'>m.</span> <span class='ocrx_word' id='word_1_260' title='bbox 614 3544 640 3620; x_wconf 92' lang='lat' dir='ltr'>I,</span> <span class='ocrx_word' id='word_1_261' title='bbox 666 3545 740 3609; x_wconf 80' lang='lat'>241.</span> 
     </span>
    </p>
   </div>
   <div class='ocr_carea' id='block_1_10' title="bbox 94 3649 1481 4179">
    <p class='ocr_par' dir='ltr' id='par_1_18' title="bbox 94 3649 1481 4179">
     <span class='ocr_line' id='line_1_34' title="bbox 94 3649 1481 3734; baseline 0.004 -22"><span class='ocrx_word' id='word_1_262' title='bbox 94 3660 146 3713; x_wconf 76' lang='lat'>542</span> <span class='ocrx_word' id='word_1_263' title='bbox 246 3649 283 3714; x_wconf 88' lang='lat' dir='ltr'>R.</span> <span class='ocrx_word' id='word_1_264' title='bbox 308 3652 337 3714; x_wconf 90' lang='lat'>3.</span> <span class='ocrx_word' id='word_1_265' title='bbox 370 3650 482 3726; x_wconf 85' lang='lat' dir='ltr'>Quoad</span> <span class='ocrx_word' id='word_1_266' title='bbox 506 3651 688 3734; x_wconf 88' lang='lat' dir='ltr'>specificam</span> <span class='ocrx_word' id='word_1_267' title='bbox 714 3651 954 3717; x_wconf 88' lang='lat' dir='ltr'>distinctionem</span> <span class='ocrx_word' id='word_1_268' title='bbox 978 3650 1139 3716; x_wconf 89' lang='lat' dir='ltr'>desideria</span> <span class='ocrx_word' id='word_1_269' title='bbox 1163 3673 1183 3715; x_wconf 90' lang='lat' dir='ltr'>a</span> <span class='ocrx_word' id='word_1_270' title='bbox 1205 3651 1284 3716; x_wconf 91' lang='lat' dir='ltr'>solis</span> <span class='ocrx_word' id='word_1_271' title='bbox 1307 3652 1481 3733; x_wconf 88' lang='lat' dir='ltr'>cogitatio·</span> 
     </span>
     <span class='ocr_line' id='line_1_35' title="bbox 156 3737 1481 3823; baseline 0.002 -21"><span class='ocrx_word' id='word_1_272' title='bbox 156 3737 250 3802; x_wconf 91' lang='lat' dir='ltr'>nibus</span> <span class='ocrx_word' id='word_1_273' title='bbox 274 3760 346 3803; x_wconf 88' lang='lat' dir='ltr'>curn</span> <span class='ocrx_word' id='word_1_274' title='bbox 375 3760 477 3821; x_wconf 90' lang='lat' dir='ltr'>prava</span> <span class='ocrx_word' id='word_1_275' title='bbox 501 3740 718 3807; x_wconf 90' lang='lat' dir='ltr'>delectatione</span> <span class='ocrx_word' id='word_1_276' title='bbox 742 3740 897 3823; x_wconf 86' lang='lat' dir='ltr'>distingui</span> <span class='ocrx_word' id='word_1_277' title='bbox 921 3741 1051 3807; x_wconf 89' lang='lat' dir='ltr'>debent.</span> <span class='ocrx_word' id='word_1_278' title='bbox 1096 3741 1182 3804; x_wconf 89' lang='lat' dir='ltr'>Nam</span> <span class='ocrx_word' id='word_1_279' title='bbox 1207 3740 1369 3805; x_wconf 88' lang='lat' dir='ltr'>desideria</span> <span class='ocrx_word' id='word_1_280' title='bbox 1393 3747 1481 3807; x_wconf 89' lang='grc'><strong>00110</strong></span> 
     </span>
     <span class='ocr_line' id='line_1_36' title="bbox 156 3827 1481 3914; baseline 0.002 -23"><span class='ocrx_word' id='word_1_281' title='bbox 156 3827 265 3911; x_wconf 89' lang='lat' dir='ltr'>specie</span> <span class='ocrx_word' id='word_1_282' title='bbox 289 3827 543 3909; x_wconf 88' lang='lat' dir='ltr'>distinguuntur,</span> <span class='ocrx_word' id='word_1_283' title='bbox 568 3851 632 3893; x_wconf 91' lang='lat' dir='ltr'>non</span> <span class='ocrx_word' id='word_1_284' title='bbox 657 3830 760 3894; x_wconf 91' lang='lat' dir='ltr'>solum</span> <span class='ocrx_word' id='word_1_285' title='bbox 785 3834 881 3914; x_wconf 85' lang='lat' dir='ltr'>prout</span> <span class='ocrx_word' id='word_1_286' title='bbox 905 3829 1023 3894; x_wconf 88' lang='lat' dir='ltr'>diversi</span> <span class='ocrx_word' id='word_1_287' title='bbox 1049 3834 1153 3906; x_wconf 80' lang='lat' dir='ltr'>actua,</span> <span class='ocrx_word' id='word_1_288' title='bbox 1178 3829 1331 3913; x_wconf 92' lang='lat' dir='ltr'>completi</span> <span class='ocrx_word' id='word_1_289' title='bbox 1355 3836 1414 3896; x_wconf 90' lang='lat' dir='ltr'>aut</span> <span class='ocrx_word' id='word_1_290' title='bbox 1433 3832 1481 3894; x_wconf 92' lang='lat' dir='ltr'>in·</span> 
     </span>
     <span class='ocr_line' id='line_1_37' title="bbox 157 3916 1479 4002; baseline 0.003 -22"><span class='ocrx_word' id='word_1_291' title='bbox 157 3916 319 3999; x_wconf 90' lang='lat' dir='ltr'>completi,</span> <span class='ocrx_word' id='word_1_292' title='bbox 344 3917 579 3995; x_wconf 87' lang='lat' dir='ltr'>desiderantur,</span> <span class='ocrx_word' id='word_1_293' title='bbox 605 3920 662 3984; x_wconf 90' lang='lat' dir='ltr'>sed</span> <span class='ocrx_word' id='word_1_294' title='bbox 686 3919 785 3984; x_wconf 87' lang='lat' dir='ltr'>etiarn</span> <span class='ocrx_word' id='word_1_295' title='bbox 808 3919 946 3983; x_wconf 88' lang='lat' dir='ltr'>induunt</span> <span class='ocrx_word' id='word_1_296' title='bbox 962 3919 1145 4002; x_wconf 87' lang='lat' dir='ltr'>specificam</span> <span class='ocrx_word' id='word_1_297' title='bbox 1163 3920 1321 3984; x_wconf 90' lang='lat' dir='ltr'>malitiam</span> <span class='ocrx_word' id='word_1_298' title='bbox 1339 3921 1479 3984; x_wconf 87' lang='lat' dir='ltr'>omniurn</span> 
     </span>
     <span class='ocr_line' id='line_1_38' title="bbox 157 4005 1480 4089; baseline 0.002 -19"><span class='ocrx_word' id='word_1_299' title='bbox 157 4005 474 4072; x_wconf 88' lang='lat' dir='ltr'>circumstantiarum</span> <span class='ocrx_word' id='word_1_300' title='bbox 509 4008 641 4084; x_wconf 89' lang='lat' dir='ltr'>obiecti,</span> <span class='ocrx_word' id='word_1_301' title='bbox 675 4008 702 4072; x_wconf 90' lang='lat' dir='ltr'>si</span> <span class='ocrx_word' id='word_1_302' title='bbox 735 4009 821 4089; x_wconf 93' lang='lat' dir='ltr'>quod</span> <span class='ocrx_word' id='word_1_303' title='bbox 854 4008 1015 4073; x_wconf 89' lang='lat' dir='ltr'>obiectum</span> <span class='ocrx_word' id='word_1_304' title='bbox 1048 4008 1246 4073; x_wconf 86' lang='lat' dir='ltr'>individuale</span> <span class='ocrx_word' id='word_1_305' title='bbox 1270 4009 1303 4073; x_wconf 91' lang='lat' dir='ltr'>in</span> <span class='ocrx_word' id='word_1_306' title='bbox 1328 4014 1480 4074; x_wconf 90' lang='lat' dir='ltr'>concreto</span> 
     </span>
     <span class='ocr_line' id='line_1_39' title="bbox 157 4095 1262 4179; baseline 0.005 -20"><span class='ocrx_word' id='word_1_307' title='bbox 157 4099 256 4177; x_wconf 91' lang='lat' dir='ltr'>atque</span> <span class='ocrx_word' id='word_1_308' title='bbox 280 4095 545 4163; x_wconf 88' lang='lat' dir='ltr'>circumstantiae</span> <span class='ocrx_word' id='word_1_309' title='bbox 569 4097 645 4162; x_wconf 90' lang='lat' dir='ltr'>illae</span> <span class='ocrx_word' id='word_1_310' title='bbox 668 4103 843 4179; x_wconf 87' lang='lat' dir='ltr'>utcumque</span> <span class='ocrx_word' id='word_1_311' title='bbox 866 4098 968 4162; x_wconf 82' lang='lat' dir='ltr'>ruenti</span> <span class='ocrx_word' id='word_1_312' title='bbox 992 4099 1262 4164; x_wconf 87' lang='lat' dir='ltr'>obversabantur.</span> 
     </span>
    </p>
   </div>
   <div class='ocr_carea' id='block_1_11' title="bbox 156 4201 1482 4731">
    <p class='ocr_par' dir='ltr' id='par_1_19' title="bbox 156 4201 1482 4731">
     <span class='ocr_line' id='line_1_40' title="bbox 245 4201 1480 4286; baseline 0.006 -20"><span class='ocrx_word' id='word_1_313' title='bbox 245 4202 284 4266; x_wconf 87' lang='lat' dir='ltr'>R.</span> <span class='ocrx_word' id='word_1_314' title='bbox 309 4204 340 4266; x_wconf 83' lang='lat'>4.</span> <span class='ocrx_word' id='word_1_315' title='bbox 387 4201 421 4265; x_wconf 84' lang='lat' dir='ltr'>Si</span> <span class='ocrx_word' id='word_1_316' title='bbox 445 4201 605 4267; x_wconf 88' lang='lat' dir='ltr'>demeris</span> <span class='ocrx_word' id='word_1_317' title='bbox 630 4203 881 4283; x_wconf 84' lang='lat' dir='ltr'>cogitationibus</span> <span class='ocrx_word' id='word_1_318' title='bbox 905 4225 977 4268; x_wconf 84' lang='lat' dir='ltr'>curn</span> <span class='ocrx_word' id='word_1_319' title='bbox 1002 4204 1088 4286; x_wconf 91' lang='lat' dir='ltr'>turpi</span> <span class='ocrx_word' id='word_1_320' title='bbox 1120 4203 1337 4269; x_wconf 85' lang='lat' dir='ltr'>delectatione</span> <span class='ocrx_word' id='word_1_321' title='bbox 1361 4204 1480 4286; x_wconf 81' lang='lat' dir='ltr'>agitur.</span> 
     </span>
     <span class='ocr_line' id='line_1_41' title="bbox 156 4290 1481 4375; baseline 0.002 -21"><span class='ocrx_word' id='word_1_322' title='bbox 156 4311 236 4355; x_wconf 89' lang='lat' dir='ltr'>sane</span> <span class='ocrx_word' id='word_1_323' title='bbox 265 4290 341 4355; x_wconf 88' lang='lat' dir='ltr'>illae</span> <span class='ocrx_word' id='word_1_324' title='bbox 372 4290 638 4356; x_wconf 88' lang='lat' dir='ltr'>circumstantiae</span> <span class='ocrx_word' id='word_1_325' title='bbox 668 4292 700 4355; x_wconf 91' lang='lat' dir='ltr'>in</span> <span class='ocrx_word' id='word_1_326' title='bbox 724 4293 908 4375; x_wconf 87' lang='lat' dir='ltr'>specificam</span> <span class='ocrx_word' id='word_1_327' title='bbox 932 4293 1091 4359; x_wconf 88' lang='lat' dir='ltr'>malitiam</span> <span class='ocrx_word' id='word_1_328' title='bbox 1115 4294 1270 4369; x_wconf 90' lang='lat' dir='ltr'>influunt,</span> <span class='ocrx_word' id='word_1_329' title='bbox 1302 4294 1481 4375; x_wconf 86' lang='lat' dir='ltr'>dequibus</span> 
     </span>
     <span class='ocr_line' id='line_1_42' title="bbox 156 4378 1482 4465; baseline 0.004 -22"><span class='ocrx_word' id='word_1_330' title='bbox 156 4380 235 4462; x_wconf 86' lang='lat' dir='ltr'>ipsis</span> <span class='ocrx_word' id='word_1_331' title='bbox 266 4378 440 4444; x_wconf 87' lang='lat' dir='ltr'>delectatio</span> <span class='ocrx_word' id='word_1_332' title='bbox 465 4380 602 4463; x_wconf 91' lang='lat' dir='ltr'>capitur.</span> <span class='ocrx_word' id='word_1_333' title='bbox 651 4381 712 4446; x_wconf 83' lang='lat' dir='ltr'>Sed</span> <span class='ocrx_word' id='word_1_334' title='bbox 737 4381 763 4445; x_wconf 93' lang='lat' dir='ltr'>si</span> <span class='ocrx_word' id='word_1_335' title='bbox 788 4382 916 4448; x_wconf 89' lang='lat' dir='ltr'>sistitur</span> <span class='ocrx_word' id='word_1_336' title='bbox 939 4383 971 4446; x_wconf 92' lang='lat' dir='ltr'>iu</span> <span class='ocrx_word' id='word_1_337' title='bbox 996 4404 1034 4447; x_wconf 91' lang='lat' dir='ltr'>ea</span> <span class='ocrx_word' id='word_1_338' title='bbox 1058 4382 1291 4458; x_wconf 87' lang='lat' dir='ltr'>delectatione,</span> <span class='ocrx_word' id='word_1_339' title='bbox 1323 4388 1482 4465; x_wconf 89' lang='lat' dir='ltr'>quaeest</span> 
     </span>
     <span class='ocr_line' id='line_1_43' title="bbox 157 4468 1481 4556; baseline 0.005 -24"><span class='ocrx_word' id='word_1_340' title='bbox 157 4468 335 4533; x_wconf 88' lang='grc'><strong>0001100015</strong></span> <span class='ocrx_word' id='word_1_341' title='bbox 360 4468 516 4534; x_wconf 90' lang='lat' dir='ltr'>eiusmodi</span> <span class='ocrx_word' id='word_1_342' title='bbox 540 4470 792 4551; x_wconf 85' lang='lat' dir='ltr'>cogitationibus</span> <span class='ocrx_word' id='word_1_343' title='bbox 816 4476 850 4537; x_wconf 92' lang='lat' dir='ltr'>et</span> <span class='ocrx_word' id='word_1_344' title='bbox 869 4472 1236 4555; x_wconf 71' lang='lat' dir='ltr'>repraesentationibus</span> <span class='ocrx_word' id='word_1_345' title='bbox 1261 4472 1383 4538; x_wconf 88' lang='lat' dir='ltr'>sufficit</span> <span class='ocrx_word' id='word_1_346' title='bbox 1408 4495 1481 4556; x_wconf 93' lang='lat' dir='ltr'>pro-</span> 
     </span>
     <span class='ocr_line' id='line_1_44' title="bbox 157 4557 1480 4645; baseline 0.007 -24"><span class='ocrx_word' id='word_1_347' title='bbox 157 4557 309 4622; x_wconf 88' lang='lat' dir='ltr'>babiliter</span> <span class='ocrx_word' id='word_1_348' title='bbox 332 4580 533 4623; x_wconf 87' lang='lat' dir='ltr'>communem</span> <span class='ocrx_word' id='word_1_349' title='bbox 554 4559 643 4624; x_wconf 89' lang='lat' dir='ltr'>illam</span> <span class='ocrx_word' id='word_1_350' title='bbox 660 4560 819 4626; x_wconf 86' lang='lat' dir='ltr'>malitiam</span> <span class='ocrx_word' id='word_1_351' title='bbox 834 4562 1017 4645; x_wconf 88' lang='lat' dir='ltr'>specificam</span> <span class='ocrx_word' id='word_1_352' title='bbox 1034 4563 1066 4626; x_wconf 91' lang='lat' dir='ltr'>in</span> <span class='ocrx_word' id='word_1_353' title='bbox 1084 4561 1286 4626; x_wconf 88' lang='lat' dir='ltr'>confessione</span> <span class='ocrx_word' id='word_1_354' title='bbox 1302 4562 1480 4632; x_wconf 86' lang='lat' dir='ltr'>declarare.</span> 
     </span>
     <span class='ocr_line' id='line_1_45' title="bbox 157 4646 1480 4731; baseline 0.005 -21"><span class='ocrx_word' id='word_1_355' title='bbox 157 4667 240 4727; x_wconf 90' lang='lat' dir='ltr'>quae</span> <span class='ocrx_word' id='word_1_356' title='bbox 256 4646 321 4711; x_wconf 89' lang='lat' dir='ltr'>illis</span> <span class='ocrx_word' id='word_1_357' title='bbox 338 4648 472 4713; x_wconf 91' lang='lat' dir='ltr'>obiectis</span> <span class='ocrx_word' id='word_1_358' title='bbox 489 4648 644 4731; x_wconf 84' lang='lat' dir='ltr'>cogitatis</span> <span class='ocrx_word' id='word_1_359' title='bbox 659 4649 817 4716; x_wconf 87' lang='lat' dir='ltr'>inhaeret.</span> <span class='ocrx_word' id='word_1_360' title='bbox 844 4651 938 4716; x_wconf 92' lang='lat' dir='ltr'>Unde</span> <span class='ocrx_word' id='word_1_361' title='bbox 954 4652 1111 4717; x_wconf 88' lang='lat' dir='ltr'>Reuter</span> <span class='ocrx_word' id='word_1_362' title='bbox 1132 4653 1187 4717; x_wconf 80' lang='lat' dir='ltr'>Tb.</span> <span class='ocrx_word' id='word_1_363' title='bbox 1206 4675 1244 4717; x_wconf 86' lang='grc'>01.</span> <span class='ocrx_word' id='word_1_364' title='bbox 1263 4651 1304 4723; x_wconf 88' lang='grc' dir='ltr'>ΙΙ,</span> <span class='ocrx_word' id='word_1_365' title='bbox 1322 4673 1352 4716; x_wconf 89' lang='grc'>0,</span> <span class='ocrx_word' id='word_1_366' title='bbox 1368 4656 1443 4730; x_wconf 83' lang='lat'>209,</span> <span class='ocrx_word' id='word_1_367' title='bbox 1461 4658 1480 4717; x_wconf 78' lang='lat'>4</span> 
     </span>
    </p>
   </div>
   <div class='ocr_carea' id='block_1_12' title="bbox 0 0 1558 5168">
    <p class='ocr_par' dir='ltr' id='par_1_20' title="bbox 0 0 1558 5168">
     <span class='ocr_line' id='line_1_46' title="bbox 0 0 1558 5168; baseline 0 1"><span class='ocrx_word' id='word_1_368' title='bbox 0 0 1558 5168; x_wconf 95' lang='lat' dir='ltr'> </span> 
     </span>
    </p>
   </div>
  </div>
 </body>
</html>
