3106 5168
310 295 434 351 Virtutes
452 313 513 350 cum
532 296 623 350 debito
641 296 738 364 legali:
756 299 854 365 Itetua,
873 296 992 351 officium
1010 298 1138 363 filioram.
1320 302 1384 365 239

61 494 127 538 non
151 493 250 537 ausus
271 471 335 537 sim
357 473 539 555 imponere,
567 472 644 556 quia
665 473 824 539 bonorum
850 473 1081 558 temporalium
1104 474 1178 542 iura
1199 473 1273 556 lege
1297 474 1385 539 civili

60 566 222 643 reguntur
244 581 348 643 eaque
370 561 436 627 filio
459 583 523 626 non
546 562 699 644 legaliter
720 563 834 646 agnito
857 563 908 628 ius
931 563 1027 629 civile
1049 585 1114 629 non
1137 563 1261 629 tribuit.
1306 561 1384 629 Om-

60 651 137 717 nino
161 655 272 717 autem
296 650 404 716 curari
426 649 534 723 debet,
558 658 605 730 ut,
629 672 713 734 quae
736 653 913 718 secundum
936 673 1036 737 supra
1057 653 1145 718 dicta
1167 652 1218 718 ius
1233 653 1384 718 naturale

60 740 217 824 postulat,
241 740 404 806 exsistant
427 740 572 823 impleta.

150 845 189 911 R.
214 848 245 912 4.
292 844 383 912 Sitne
407 847 654 925 consulendum,
686 852 722 914 ut
752 851 828 931 post
857 851 988 913 auctam
1018 851 1191 931 parentum
1217 846 1383 912 fortunam

60 934 210 1001 educatio
234 934 320 999 illius
343 934 400 1000 lilii
424 935 562 1000 nobilior
585 937 644 1002 fiat
667 936 800 1019 eiusque
823 940 932 1002 status
955 936 1064 1014 altior,
1089 957 1130 1001 an
1154 935 1187 1000 in
1203 937 1384 1019 primaeua

61 1023 251 1089 condicione
274 1023 359 1088 filius
375 1025 574 1100 retinendae,
598 1046 641 1090 ex
657 1025 876 1109 compluribus
892 1026 1004 1106 causis
1016 1025 1186 1111 dependet.
1222 1024 1384 1109 Imprimis

59 1112 161 1194 igitur
184 1112 287 1178 videri
311 1113 417 1191 debet,
441 1135 517 1178 num
542 1114 691 1181 educatio
715 1115 781 1180 iam
805 1114 849 1180 sit
871 1114 964 1181 finita
980 1119 1152 1196 statusque
1168 1113 1258 1179 vitae
1274 1118 1384 1179 certus

59 1202 124 1266 iam
155 1207 329 1285 susceptus
359 1202 412 1266 vel
441 1202 629 1280 inchoatus;
660 1225 736 1268 num
768 1203 924 1269 eiusmodi
955 1204 1092 1270 mutatio
1120 1203 1220 1269 filium
1245 1223 1280 1267 re
1303 1223 1384 1268 vera

59 1290 237 1355 feliciorem
261 1290 394 1362 reddat;
419 1293 561 1357 maxime
584 1297 692 1358 utrum
716 1292 786 1358 eius
809 1294 893 1359 bono
916 1293 1079 1376 spirituali
1095 1298 1314 1373 aeternaeque
1329 1312 1384 1357 sa·

58 1380 119 1445 luti
150 1380 266 1445 melius
296 1381 349 1446 vel
380 1400 483 1462 aeque
506 1382 589 1447 bene
620 1382 824 1461 consulatur,
857 1404 898 1448 an
922 1382 1029 1466 potius
1053 1382 1199 1467 pericula
1221 1384 1382 1447 creentur.

59 1470 244 1535 Secundum
266 1469 327 1535 hae
343 1469 489 1536 rationes
505 1470 683 1554 prudenter
698 1492 877 1554 perpensas
893 1472 1104 1537 statuendum
1119 1475 1181 1549 est,
1205 1471 1282 1554 quid
1297 1490 1383 1535 nunc

59 1558 170 1624 facere
194 1558 358 1642 expediat.

272 1766 428 1833 PIETAS
450 1766 634 1833 FlLlALIS
654 1803 694 1811 -
719 1765 925 1834 OFFICIUM
947 1767 1169 1834 FlLIORUM.

616 1915 728 1985 Casus.
754 1924 830 1992 (132)

148 2056 292 2115 Rudoliue
313 2075 386 2132 puer
400 2056 556 2114 confitetur
578 2075 610 2114 se
625 2057 797 2132 parentibus
812 2057 930 2133 saepius
951 2058 1184 2117 inoboedientem
1206 2058 1309 2129 fuisse,
1331 2078 1382 2117 eos

58 2136 204 2206 irrisisse,
233 2137 269 2194 ad
297 2136 371 2195 iram
399 2142 428 2194 et
455 2136 595 2195 lacrimas
614 2156 810 2213 provocasse;
840 2157 905 2195 cum
926 2144 1021 2196 muter
1041 2139 1146 2213 punire
1167 2139 1273 2210 vellet,
1301 2159 1333 2198 se
1355 2140 1382 2197 ei

58 2216 206 2275 restitisse
228 2217 311 2292 eique
332 2216 440 2275 malum
460 2222 589 2292 optasse.

58 2322 237 2393 Quasmrua
259 2326 288 2381 1⁰
312 2343 387 2398 quae
409 2323 469 2381 sint
490 2323 589 2381 oflicia
609 2322 734 2381 filiorum
757 2342 828 2398 erga
849 2332 996 2399 parentes.

257 2414 288 2470 2ο
313 2413 456 2487 quomodo
477 2411 621 2471 Rudolfus
642 2413 821 2489 peccaverit.

654 2593 788 2661 Salutio.

147 2737 201 2800 An
217 2756 409 2811 ouaasrrmr
428 2741 464 2801 1¹²¹
487 2735 525 2802 R.
545 2740 574 2802 1.
611 2735 761 2801 Officium
784 2735 934 2813 filiorum,
959 2736 1045 2819 quod
1069 2736 1229 2801 communi
1253 2737 1381 2802 nomine
1390 2747 1443 2802 468

58 2828 186 2910 prietatis
209 2824 337 2903 dicitur,
362 2825 508 2891 continet
530 2824 704 2908 specialem
727 2830 946 2908 reverentiam,
970 2848 1116 2907 alborem,
1142 2826 1379 2892 oboedientiam.

149 2913 290 2979 Ratione
313 2918 506 2980 reuerentiae
528 2914 742 2998 praecipitur,
767 2918 900 2998 praeter
921 2915 1084 2980 internam
1107 2914 1379 2992 aestimationem,

59 3025 117 3086 pro
141 3009 290 3086 tempore
313 3008 347 3068 et
370 3025 460 3068 more
484 3003 584 3068 etiam
607 3008 780 3069 externum
803 3003 933 3068 honoris
949 3003 1094 3085 signum3
1118 3003 1307 3086 prohibetur
1330 3003 1379 3069 in-

59 3101 172 3158 ternus
196 3095 412 3175 contemptae,
438 3097 576 3158 externa
600 3092 804 3158 contumelia.

147 3182 287 3247 Ratione
325 3185 444 3247 (tricoria
481 3181 682 3265 praecipitur
716 3181 864 3246 internus
894 3181 1031 3246 affectus
1064 3179 1313 3247 benevolentiae
1346 3184 1380 3246 et

59 3276 199 3337 externa
223 3270 255 3334 in
279 3270 486 3336 necessitatis
502 3292 579 3336 casu
604 3270 777 3354 opitulatio
800 3274 870 3335 tum
895 3269 1073 3353 corporalis
1096 3273 1166 3335 tum
1189 3269 1378 3353 spiritualis,

58 3359 249 3443 prohibetur
279 3359 412 3443 speciali
441 3360 537 3425 modo
568 3359 676 3425 odium
705 3358 862 3424 similisve
894 3359 1075 3426 aversionis
1105 3359 1243 3424 affectus
1279 3366 1378 3442 atque

59 3449 135 3515 mali
158 3448 273 3515 illatio.

147 3538 288 3603 Ratione
312 3538 522 3603 oboedientiae
544 3537 601 3603 filii
623 3536 768 3619 ligantur
791 3558 856 3602 non
876 3536 1127 3620 inperpetuum,
1151 3535 1209 3601 sed
1232 3540 1379 3622 tempore

59 3626 278 3703 subiectionis,
302 3626 399 3709 idque
423 3626 464 3691 ad
491 3626 691 3711 praestanda
721 3647 760 3691 ea
784 3647 867 3708 quae
890 3630 1044 3709 parentes
1067 3625 1152 3690 serio
1176 3626 1380 3711 praecipiunt

58 3717 89 3781 in
114 3716 228 3782 ordine
251 3715 293 3782 ad
316 3716 418 3781 bonos
442 3737 549 3780 mores
572 3716 781 3797 ordinemque
805 3714 1026 3781 domesticum.

146 3823 186 3889 R.
212 3825 242 3888 2.
287 3821 321 3888 Si
344 3823 473 3905 quando
497 3823 578 3888 haec
602 3821 711 3887 officia
733 3821 923 3887 notabiliter
945 3841 1004 3887 seu
1026 3820 1205 3888 deliberate
1229 3826 1263 3887 et
1285 3823 1319 3887 in
1342 3843 1378 3887 re

59 3911 154 3993 gravi
177 3911 362 3989 laeduntur,
386 3916 542 3994 peccatur
564 3911 765 3987 mortaliter;
792 3910 820 3975 si
844 3910 897 3975 vel
919 3909 954 3975 in
975 3931 1013 3975 re
1035 3909 1101 3976 levi
1125 3911 1178 3976 vel
1202 3933 1244 3976 ex
1266 3911 1378 3977 incon-

58 4000 257 4066 sideratione
280 4006 314 4067 et
337 4000 482 4073 levitate,
507 4000 683 4066 venialiter
704 4003 869 4083 peccatur.

151 4090 206 4156 Tb.
232 4113 271 4156 ur.
296 4089 326 4166 I,
351 4092 519 4171 79llsqq.;
550 4090 753 4172 Aertnijs
783 4088 804 4154 l.
830 4091 866 4168 3,
890 4110 922 4155 u.
950 4090 1115 4171 148sqq.;
1147 4088 1312 4154 Noldin
1336 4088 1377 4167 ΙΙ,

58 4201 87 4245 n.
114 4181 176 4244 281
195 4199 283 4261 sqq.;
308 4178 616 4244 Bellen-Palm.
641 4183 683 4246 tr.
709 4184 738 4255 6,
763 4184 842 4244 sect.
868 4180 899 4256 4,
924 4198 954 4244 n.
982 4181 1098 4243 1-20.

146 4293 199 4357 Aa
222 4313 413 4368 ouaasrrun
438 4296 476 4356 2ιιι
500 4292 538 4359 It.
560 4296 586 4358 l.
633 4292 669 4356 In
694 4292 803 4375 pueris
826 4291 928 4357 laesio
951 4291 1094 4373 pietatis,
1120 4291 1180 4355 nisi
1206 4312 1375 4355 excessum
1385 4301 1438 4353 469

58 4382 275 4459 committant,
300 4381 514 4447 communiter
533 4385 583 4447 est
599 4381 753 4457 venialis;
778 4378 992 4447 communiter
1015 4379 1099 4444 enim
1122 4379 1376 4444 inoboedientia

57 4492 110 4536 res
132 4471 215 4536 levis
239 4476 299 4548 est,
324 4477 424 4553 atque
447 4471 480 4535 in
499 4475 571 4537 toto
587 4470 721 4553 pietatis
737 4471 860 4536 ambitu
877 4468 978 4534 laesio
994 4470 1031 4534 fit
1047 4490 1089 4532 ex
1106 4469 1243 4548 quadam
1260 4468 1375 4550 puerili

57 4560 366 4635 inconsideratione;
400 4561 497 4625 aliter
526 4560 673 4625 accidere
702 4565 812 4643 potest
841 4558 874 4623 in
907 4556 980 4622 liliis
1004 4557 1194 4634 maioribus,
1225 4557 1278 4639 qui
1309 4557 1374 4622 iam

57 4650 256 4716 adolescunt.
