3106 5168
152 293 217 358 326
289 287 330 344 De
349 290 496 346 virtutibus
514 291 543 345 et
560 289 657 346 officiis
675 307 742 360 erga
759 291 889 346 homines.
909 322 944 330 -
963 290 1014 346 Off.
1034 291 1107 346 circa
1124 291 1194 346 bona
1212 295 1335 348 externe.

151 467 363 543 solutionem;
394 490 470 534 nam
499 468 616 535 saltem
646 473 819 553 postquam
844 490 909 535 una
932 471 1080 537 alterave
1104 470 1175 536 vice
1199 469 1349 536 Getulius
1376 469 1480 554 tregit

150 557 263 633 fidem,
295 556 406 624 debuit
436 561 514 624 ante
545 559 782 625 absolutionem
811 559 1052 625 restitutionem
1082 580 1119 625 re
1149 560 1299 627 effectam
1323 558 1477 642 exigere;

150 644 248 711 immo
272 645 304 711 id
327 645 392 711 iam
415 645 448 711 in
471 647 577 730 prima
601 647 803 713 confessione
826 648 1006 731 postulavit
1028 648 1213 732 prudentia,
1237 649 1265 713 si
1288 649 1385 714 modo
1403 649 1478 715 red-

150 733 216 800 itus
240 736 282 800 ad
305 734 539 802 confessarium
563 757 627 801 non
652 742 725 802 erat
748 736 829 802 adeo
853 736 995 802 difficilis
1017 741 1053 803 et
1074 737 1242 804 molestus.

502 953 680 1021 DILATIO
707 955 1041 1021 RESTITUTIONIS
1067 955 1119 1035 (l).

707 1104 816 1170 Casus.
846 1112 921 1179 (195)

240 1239 401 1317 Vulpinus,
422 1248 580 1313 mercator,
603 1261 677 1314 cum,
700 1243 725 1302 si
747 1243 845 1302 omnia
866 1243 981 1302 sincere
1002 1248 1127 1313 tractat,
1149 1243 1261 1301 lucrum
1284 1242 1475 1313 conveniens,

150 1321 228 1379 unde
241 1319 335 1392 vivat,
357 1320 467 1380 habere
488 1341 548 1381 non
568 1323 674 1400 possit,
695 1323 805 1399 incepit
825 1324 911 1382 modo
932 1342 980 1383 res
1002 1323 1179 1392 adulterare,
1200 1322 1285 1382 modo
1306 1341 1476 1382 mensuram

150 1405 181 1459 et
201 1401 316 1477 pondus
330 1401 501 1472 diminuere,
523 1407 612 1478 atque
632 1403 714 1461 hisce
736 1404 850 1463 artibus
865 1403 979 1462 demum
994 1422 1135 1462 summam
1151 1402 1263 1478 aliquot
1284 1408 1475 1462 contemtum

149 1499 315 1539 marcarum
338 1481 473 1556 collegit,
502 1501 577 1557 quae
599 1488 680 1541 esset
700 1483 779 1542 filiae
800 1502 871 1542 suae
899 1503 953 1559 pro
975 1483 1058 1553 dote,
1087 1489 1120 1541 ut
1141 1483 1353 1542 convenienter
1373 1489 1477 1559 posset

150 1562 270 1620 nubere.
294 1593 328 1602 —
352 1560 515 1621 Confitetur
539 1562 655 1638 quidem
683 1569 807 1640 peccata
835 1583 889 1622 sua
918 1569 948 1622 et
975 1564 1070 1632 dolet;
1100 1564 1152 1621 sed
1180 1582 1198 1621 a
1226 1562 1416 1622 restitutione
1444 1583 1475 1621 ss

150 1645 237 1717 putat
257 1641 395 1700 excusari
416 1662 520 1718 posse,
549 1648 665 1702 etcum
687 1644 887 1702 confessarius
909 1663 975 1703 eum
995 1643 1127 1718 obligare
1148 1643 1236 1712 velit,
1264 1643 1422 1702 utstatim
1444 1663 1476 1701 se

151 1727 243 1779 exuat
264 1740 377 1780 summa
398 1722 465 1792 illa,
486 1723 572 1798 quasi
591 1723 793 1800 desperandus
815 1724 901 1795 dicit,
932 1724 958 1783 si
980 1723 1022 1782 ita
1044 1742 1093 1782 res
1114 1742 1146 1782 so
1167 1724 1292 1793 habeat,
1324 1722 1382 1782 sibi
1402 1723 1476 1782 nihil

150 1800 294 1876 reliquum
316 1821 391 1872 esse,
414 1802 471 1861 nisi
493 1808 526 1861 ut
546 1803 636 1862 filiam
657 1804 827 1881 prostituat.

151 1902 328 1973 Quaeramus
355 1911 452 1965 utrum
472 1913 554 1966 recte
576 1908 777 1967 confessarius
798 1908 984 1985 praeceperit
1003 1908 1221 1967 restitutionem
1242 1927 1329 1984 quam
1350 1908 1475 1985 primum

354 1986 529 2058 faciendam,
552 2008 590 2046 an
611 1988 758 2065 Vulpinus
779 1995 939 2048 excusetur
961 2009 978 2046 a
999 1988 1197 2047 restitutione.

745 2162 881 2229 Solutio.

88 2304 142 2360 644
241 2297 294 2361 An
318 2317 509 2373 oneremur
532 2297 572 2362 R.
599 2299 626 2363 1.
672 2296 749 2362 Non
779 2297 886 2380 potuit
909 2296 1069 2380 Vulpinus
1096 2296 1146 2361 his
1170 2295 1295 2361 artibus
1318 2296 1383 2374 uti,
1415 2296 1476 2361 uisi

151 2385 293 2469 pretium
320 2406 427 2450 rerum
452 2385 535 2451 alias
559 2384 718 2452 manserit
740 2385 826 2451 infra
855 2385 996 2469 pretium
1019 2386 1138 2450 iustum
1163 2386 1308 2450 infimum
1331 2406 1476 2452 currens.

152 2474 196 2540 Et
219 2475 247 2539 si
270 2475 340 2557 ipse
364 2474 507 2540 fortasse
531 2479 687 2540 nontam
711 2496 813 2558 parvo
837 2474 943 2558 pretio
965 2494 1019 2540 res
1042 2474 1184 2539 vendere
1207 2477 1334 2558 potest,
1360 2480 1397 2541 ut
1422 2475 1476 2540 alii

152 2563 349 2640 venditores,
374 2563 454 2628 haec
477 2567 613 2630 nonest
635 2563 731 2641 ratio,
757 2585 813 2629 cur
831 2564 885 2629 alii
903 2567 1067 2648 emptores
1084 2564 1224 2631 debeant
1247 2563 1320 2647 plus
1336 2564 1476 2629 solvere.

241 2669 278 2736 a.
298 2672 327 2736 2.
359 2669 501 2734 Facilius
525 2670 705 2735 concedunt
728 2670 871 2752 aliquam
895 2669 1167 2736 adulterationem
1183 2669 1350 2735 innoxiam
1367 2691 1476 2735 rerum

151 2759 332 2836 venalium,
363 2760 492 2840 quando
522 2763 651 2842 emptor
673 2759 764 2824 videt
793 2763 827 2824 et
857 2764 992 2840 gustare
1014 2759 1066 2823 vel
1091 2758 1233 2844 experiri
1263 2762 1374 2842 potest
1397 2781 1475 2836 rem,

151 2868 256 2929 neque
286 2847 461 2930 quidquam
493 2853 608 2914 contra
638 2869 707 2913 rem
738 2848 836 2913 obicit
866 2848 923 2913 sed
953 2869 1025 2913 eam
1055 2849 1182 2931 probat.
1231 2847 1263 2912 Si
1294 2848 1380 2913 enim
1408 2849 1477 2914 sine

151 2936 261 3019 aliqua
291 2937 531 3003 adulteratione
555 2959 613 3003 seu
637 2937 794 3004 mixtione
817 2957 925 3002 rerum
950 2937 1119 3019 qualitatis
1141 2936 1305 3002 inferioris
1334 2938 1476 3022 pretium

151 3026 270 3091 iustum
296 3025 434 3092 obtineri
462 3026 590 3109 nequit,
621 3027 686 3091 ista
709 3048 764 3092 ars
787 3030 939 3091 censetur
962 3026 1015 3092 vel
1039 3026 1129 3091 licita
1152 3027 1222 3102 vel,
1253 3026 1281 3090 si
1304 3027 1478 3093 adhibetur

152 3116 372 3193 mendacium,
401 3119 597 3183 tamen-non
620 3119 760 3201 praviter
783 3116 1025 3199 peccaminosa,
1049 3136 1154 3197 neque
1178 3119 1293 3180 contra
1315 3115 1476 3182 iustitiam

153 3205 432 3270 commutativam.

90 3308 141 3363 645
241 3303 280 3368 R.
301 3306 330 3368 3.
364 3303 427 3368 Sed
451 3302 551 3367 etiam
574 3323 616 3367 ox
640 3302 871 3385 suppositione,
896 3303 983 3385 quod
1006 3301 1167 3384 Vulpinus
1190 3301 1337 3382 graviter
1361 3323 1477 3386 pecca·

152 3391 202 3457 vit
225 3396 340 3457 contra
363 3391 540 3467 iustitiam,
566 3391 784 3456 confessarius
807 3391 954 3456 severius
977 3390 1118 3456 iniunxit
1141 3391 1383 3456 restitutionem
1408 3414 1479 3456 aros

152 3481 383 3564 peragendam.
431 3481 632 3561 Quamquam
664 3481 747 3545 enim
772 3501 886 3545 verum
910 3484 961 3545 est
984 3479 1183 3561 generatim,
1214 3480 1385 3546 retinendo
1409 3501 1477 3545 rem

153 3569 293 3634 alienam
316 3570 447 3652 peccari
471 3572 575 3635 eodem
596 3578 720 3654 peccato
743 3574 843 3652 atque
867 3569 1054 3645 auferendo,
1079 3569 1112 3632 id
1135 3573 1246 3635 tamen
1269 3589 1383 3633 verum
1408 3573 1476 3635 tum

152 3662 281 3724 tantum
306 3664 366 3736 est,
392 3659 521 3740 quando
546 3680 588 3723 ex
610 3679 675 3723 una
698 3662 793 3742 parte
817 3679 870 3724 res
893 3658 1005 3724 ablata
1028 3658 1190 3724 retinetur
1213 3657 1415 3741 simpliciter,
1446 3663 1478 3723 et

154 3767 195 3810 ex
227 3748 333 3812 altera
363 3752 457 3830 parte
487 3747 652 3813 restitutio
680 3746 847 3812 moraliter
870 3747 941 3813 fieri
963 3751 1082 3831 potest.
1129 3747 1191 3811 Hic
1215 3768 1293 3812 vero
1318 3747 1479 3831 Vulpinus

155 3841 307 3901 versatur
329 3837 361 3900 in
379 3837 475 3901 valde
491 3837 585 3917 gravi
602 3837 809 3913 necessitate,
834 3858 905 3902 curn
922 3836 956 3900 in
972 3858 1011 3901 eo
1027 3836 1080 3912 sit,
1105 3842 1142 3902 ut
1164 3835 1264 3900 filiam
1287 3836 1477 3918 prostituat,

155 3946 252 4007 quam
284 3925 314 3991 S.
340 3926 456 4007 Alph.
481 3925 543 4001 ΙΙΙ,
576 3927 640 3988 520
671 3947 734 3989 non
765 3925 943 3990 universim
974 3925 1119 4006 quidem,
1151 3925 1325 4006 aliquande
1357 3930 1478 4000 tamen,

154 4013 359 4096 gravioribus
387 4013 549 4081 adiunctis
573 4014 842 4092 circumstantiis,
875 4024 1032 4079 extremae
1061 4013 1249 4080 necessitati
1274 4014 1477 4098 aequiparat.

155 4103 239 4168 Hinc
256 4105 449 4169 concludere
465 4103 550 4179 licet,
575 4103 747 4168 admodum
773 4125 848 4168 rare
865 4104 994 4185 quidem
1017 4104 1158 4180 evenire,
1183 4107 1219 4167 ut
1243 4109 1378 4185 propter
1397 4103 1479 4168 hanc

156 4214 287 4258 causam
312 4198 347 4258 et
369 4193 598 4258 necessitatem
624 4192 741 4274 aliquis
764 4193 868 4277 possit
891 4193 997 4258 aliena
1021 4193 1192 4267 invadere,
1216 4191 1345 4257 facilius
1368 4197 1479 4259 tamen

155 4282 396 4348 restitutionem
421 4282 562 4363 alioquin
587 4282 730 4347 debitam
759 4283 910 4347 omittere
938 4283 1008 4359 vel,
1040 4303 1141 4363 usque
1172 4281 1247 4345 dum
1278 4282 1409 4348 venerit
1440 4281 1480 4347 ad

156 4372 321 4436 meliorem
345 4377 478 4447 sortem,
503 4372 642 4436 differre.

245 4471 283 4535 R..
301 4473 331 4536 4.
364 4470 412 4534 Dc
436 4470 531 4533 modo
555 4474 665 4534 autem
690 4468 882 4534 restituendi
907 4475 1040 4551 propter
1061 4468 1182 4532 similes
1199 4467 1378 4534 iniustitias
1394 4490 1480 4534 com·

156 4559 283 4634 missas,
307 4558 393 4624 infra
416 4579 522 4623 sermo
547 4558 625 4634 erit;
651 4579 691 4622 ex
709 4579 771 4638 quo
788 4559 893 4622 denuo
916 4559 1052 4640 patebit,
1077 4556 1257 4639 legitimum
1286 4557 1480 4623 restituendi

158 4648 285 4713 modum
310 4652 343 4712 in
368 4651 426 4713 tali
447 4671 521 4713 cusu
540 4669 603 4712 non
620 4647 785 4729 requirere
809 4647 882 4711 ilico
906 4649 1042 4712 totalem
1065 4667 1210 4711 summae
1230 4646 1481 4713 abdicationem.
