3106 5168
152 261 217 325 312
290 255 331 310 De
350 254 499 311 virtutibus
517 258 546 310 et
563 254 660 310 officiis
678 270 744 323 erge
762 253 948 309 homines-
966 256 1018 311 Off.
1036 257 1110 312 eires
1127 257 1198 313 bons
1215 261 1337 313 externa

152 434 369 517 decoramen,
393 454 453 517 pro
478 431 696 499 immobilibus
718 433 929 498 trecenncdem
952 437 1073 499 cumtr
1048 432 1190 501 t'tuloi.
1214 455 1242 500 e.
1266 433 1478 521 inscriptione

151 522 185 588 in
208 523 300 588 libris
322 521 461 607 publicis
483 521 668 588 fundorum.
715 520 763 586 Cf.
791 521 849 589 m.
874 543 914 586 m
938 521 963 598 l,
988 524 1174 592 917-927.

89 659 143 713 615
241 645 294 710 An
317 647 571 721 ιιιιιιιιιιιιῖΙΙΙ
594 644 633 710 R.
660 645 688 710 1.
735 643 935 728 supponitur
958 643 1079 710 Paulus
1108 646 1194 711 bona
1223 646 1286 712 fide
1310 647 1477 732 accepisse

150 733 299 816 legatum
327 733 544 800 ettenuisse.
592 732 752 816 Legatum
782 735 892 799 autem
923 731 1041 816 ubique
1068 734 1258 816 agnoscitur
1286 757 1346 820 pro
1376 736 1478 819 legali

151 823 248 890 titulo
271 821 490 888 transferendi
514 821 567 888 vel
594 821 782 925 acquirendi
804 821 946 888 dominii
993 823 1161 907 Completo
1184 824 1286 906 igitur
1308 825 1476 903 decennio,

151 932 181 977 ιι
170 910 333 978 'Iacobus
356 916 452 979 extra
475 910 675 995 provinciam
698 912 816 976 absens
839 931 904 975 non
919 911 1029 990 fuerit,
1054 932 1134 995 ager
1151 933 1188 977 re
1204 933 1284 978 vera
1301 913 1411 980 factus
1427 919 1479 982 est

151 1000 255 1078 Pauli,
279 1000 341 1067 etsi
358 1021 501 1083 eousque
516 999 633 1067 titulus
653 1020 718 1064 non
733 1019 833 1065 verus
851 1000 909 1065 sed
925 1000 1090 1066 coloratus
1106 1005 1195 1067 eret:
1218 1001 1267 1068 ite
1281 1003 1314 1067 in
1329 1002 1370 1068 iis
1385 1003 1477 1080 locis,

151 1088 206 1155 ubi
230 1089 415 1155 decennalis
443 1088 658 1173 praescriptio
681 1088 893 1154 immobilium
916 1088 1016 1171 viget.
1063 1089 1220 1157 Similiter
1242 1090 1294 1155 dic
1317 1091 1358 1157 de
1381 1097 1477 1159 uten-

151 1178 281 1256 silibus;
312 1179 410 1244 immo
438 1178 519 1244 haec
544 1178 655 1262 elapso
679 1176 819 1244 triennio
841 1177 876 1242 in
899 1178 1062 1261 plerisque
1084 1179 1165 1245 locis
1187 1179 1309 1246 Paulus
1332 1180 1397 1247 iem
1421 1202 1477 1248 ac-

151 1265 286 1350 quisivit
307 1272 345 1335 ut
367 1287 437 1333 sua.
469 1266 576 1345 Quare
599 1266 678 1333 nihil
701 1270 832 1332 tenetur
854 1266 991 1332 reddere
1006 1267 1135 1335 Iacobo.
1152 1306 1195 1316 —
1210 1268 1327 1351 Neque
1349 1270 1477 1339 fructus

149 1355 340 1422 ultimorum
363 1376 521 1423 annorum
549 1355 686 1422 reddere
708 1360 849 1423 tenetur.
896 1354 1098 1439 Quamquam
1121 1357 1207 1422 enim
1230 1357 1362 1425 bisunt
1391 1359 1477 1425 bona

149 1445 283 1511 mobilia
298 1444 441 1510 nondum
458 1465 517 1528 por
531 1445 713 1528 legitimum
728 1448 859 1528 tempus
874 1464 1036 1527 possessa,
1061 1451 1161 1528 atque
1176 1446 1206 1511 si
1221 1446 1292 1513 sola
1308 1447 1378 1513 sine
1394 1469 1476 1531 agro

150 1533 408 1618 praescriptione
431 1532 630 1615 acquirenda
653 1538 778 1612 essent,
804 1533 960 1599 deberent
982 1534 1100 1601 saltem
1123 1555 1144 1600 a
1166 1535 1307 1602 triennio
1330 1537 1433 1602 fuisse
1456 1559 1477 1604 a

150 1623 253 1689 Perde
285 1627 456 1707 percepta,
490 1643 575 1687 nunc
606 1643 683 1687 vero
715 1621 812 1687 simul
844 1643 916 1687 cum
947 1643 1026 1704 agro
1057 1623 1270 1706 acquiruntur
1299 1627 1475 1692 secundum

150 1710 297 1778 axioma:
325 1711 571 1791 ,Accessorium
593 1711 741 1794 sequitur
763 1711 971 1795 principale.“

88 1831 142 1886 616
237 1818 278 1884 R.
303 1819 334 1886 2.
379 1817 478 1883 Aliud
501 1821 553 1884 est
575 1817 615 1882 de
638 1817 699 1882 Pet
684 1819 737 1882 tro
760 1816 889 1883 herede.
937 1816 1074 1882 Heredit
1059 1821 1112 1882 tas
1143 1817 1227 1882 enim
1258 1816 1374 1886 titulus
1405 1819 1476 1902 qui-

151 1906 225 1972 dem
255 1911 307 1974 est
335 1906 540 1990 acquirendi;
571 1906 629 1972 sed
659 1905 754 1972 heres
784 1926 857 1971 cum
887 1905 1006 1971 herede
1029 1907 1083 1970 ιιι
1111 1906 1246 1973 iuridice
1276 1929 1374 1974 unam
1401 1930 1476 1992 per-

149 2016 264 2062 sonam
280 2016 443 2078 unumque
458 2015 679 2079 possessorem
696 1994 787 2073 facit,
808 1995 862 2060 vel
878 1994 943 2060 salt
928 1997 995 2060 tem
1011 1995 1175 2063 sustinere
1191 1996 1288 2064 debet
1302 2018 1476 2080 personam

150 2083 368 2161 antecessoris
398 2084 531 2167 eiusque
561 2083 787 2167 obligationes.
834 2083 868 2150 Si
892 2104 970 2166 ergo
993 2084 1081 2149 mala
1103 2084 1184 2150 fides
1207 2084 1308 2152 fuitt
1293 2088 1475 2162 testatoris.

149 2172 268 2240 Petrus
283 2177 419 2257 propter
433 2175 550 2239 bonam
567 2194 660 2239 suam
675 2172 772 2238 fidem
787 2193 853 2238 non
868 2171 1020 2239 liberabit
1005 2178 1069 2252 tur,
1086 2173 1163 2255 quin
1178 2173 1362 2240 indemnem
1374 2175 1478 2241 faciat

149 2262 319 2339 Iacobum,
351 2265 417 2328 nisi
445 2263 531 2345 forte
561 2283 621 2346 per
642 2260 780 2344 triginta
809 2282 912 2328 annos
934 2261 968 2326 in
991 2263 1077 2328 bona
1105 2262 1169 2327 fide
1198 2263 1307 2331 fuerit.
1354 2264 1475 2330 Utrum

150 2351 269 2418 debeat
297 2372 379 2434 ager
407 2351 478 2435 ipse
508 2351 615 2428 reddi,
646 2371 688 2416 an
719 2350 862 2416 sufficiet
884 2350 950 2416 alia
972 2350 1185 2429 indemnitas,
1215 2353 1336 2436 pendet
1359 2354 1402 2419 ab
1426 2375 1474 2428 eo,

149 2445 258 2508 utrum
281 2441 373 2523 leges
396 2461 469 2505 cum
492 2440 562 2506 iure
584 2440 732 2505 Romano
756 2439 907 2505 heredem
932 2460 1005 2504 cum
1031 2443 1193 2507 testatore
1223 2462 1283 2525 pro
1305 2462 1372 2508 una
1401 2464 1475 2527 per-

148 2550 230 2595 sona
252 2527 369 2594 morali
393 2528 617 2607 considerent,
642 2528 690 2595 ιιι
713 2530 750 2594 ut
773 2528 860 2593 mala
883 2527 965 2593 fides
987 2528 1108 2611 aliique
1130 2529 1279 2596 defectus
1301 2532 1476 2598 testatoris

148 2621 321 2685 transeant
344 2616 377 2682 in
399 2617 562 2696 heredem,
587 2638 629 2683 an
654 2638 726 2683 cum
750 2616 824 2682 aliis
846 2615 969 2682 iuribus
992 2617 1026 2683 id
1049 2618 1177 2700 quidem
1202 2624 1333 2702 negent,
1358 2626 1396 2687 at
1417 2622 1475 2687 ob-

148 2708 282 2772 noxium
314 2706 466 2772 heredem
498 2706 623 2773 faciant
661 2706 826 2772 solvendis
862 2707 1010 2771 omnibus
1042 2707 1213 2773 testatoris
1243 2707 1371 2777 debitis.
1428 2710 1477 2775 Re

149 2816 230 2862 vera
259 2816 318 2879 pro
341 2795 474 2861 Andrea
504 2799 666 2862 testatore
695 2816 761 2859 non
791 2795 895 2860 solum
925 2816 989 2860 non
1020 2796 1135 2862 aderet
1160 2796 1275 2862 titulus
1299 2799 1475 2875 coloratus,

149 2885 206 2950 sed
230 2887 272 2951 tit
274 2885 345 2949 ulus
361 2889 435 2951 erat
457 2887 608 2965 citiosue;
631 2887 840 2967 quapropter,
864 2882 892 2948 si
908 2883 1026 2949 Petrus
1042 2906 1115 2949 cum
1131 2885 1264 2952 Andrea
1279 2886 1361 2954 facit
1377 2909 1475 2953 unam

147 2995 320 3058 personam
345 2973 530 3053 iuridicam,
561 2974 641 3039 illud
664 2972 697 3036 vi
698 2972 780 3038 tium
803 2973 844 3040 tit
846 2972 891 3037 uli
914 2972 1014 3039 etiem
1038 2978 1114 3039 cont
1116 2995 1154 3038 ιι
1100 2974 1238 3041 tPet
1224 2980 1310 3041 trum
1334 2977 1476 3043 vertitur

148 3061 222 3144 (ιι.
247 3086 286 3129 m
312 3063 337 3141 ι,
362 3064 451 3144 925)

86 3176 137 3232 617
243 3160 281 3228 R.
307 3164 337 3228 3.
385 3161 434 3226 De
463 3159 537 3225 aliis
566 3158 737 3225 debitist
710 3127 789 3224 rtem
813 3159 924 3313 quaeri
948 3159 1060 3237 debet,
1092 3163 1200 3225 utrum
1223 3164 1366 3228 testator
1389 3164 1477 3229 mela

149 3250 213 3315 fide
243 3271 308 3315 non
338 3249 485 3316 solverit.
532 3248 565 3315 si
596 3248 659 3327 ita,
690 3249 751 3314 Pet
737 3253 809 3314 trus
839 3249 938 3313 etiam
968 3253 1044 3332 post
1067 3249 1178 3314 decem
1204 3270 1307 3316 annos
1330 3254 1365 3317 et
1387 3253 1477 3318 ultre

147 3341 240 3405 tenet
226 3344 280 3405 tur
303 3340 440 3404 solvere.
473 3338 595 3403 Verum
614 3338 703 3403 mala
725 3337 806 3403 fides
828 3336 880 3402 hic
896 3336 1035 3403 difficolt
1020 3342 1072 3403 ter
1088 3338 1191 3405 adest.
1168 3339 1330 3416 tQuere
1346 3339 1475 3418 Petrus,

148 3447 220 3492 cnm
236 3427 337 3493 fuerit
359 3449 418 3511 per
432 3427 614 3509 legitimum
637 3432 767 3510 tempus
791 3427 823 3490 in
846 3426 1033 3509 ignorantia
1048 3426 1231 3492 debitorum
1250 3449 1355 3511 neque
1371 3431 1477 3496 credi-

147 3519 237 3582 tores
261 3538 413 3599 umquam
438 3516 632 3581 solutionem
655 3521 712 3600 pet
698 3515 819 3593 tt,ierin
843 3514 941 3580 facile
964 3536 1086 3598 negare
1108 3522 1167 3599 pot
1153 3521 1220 3583 test
1230 3516 1475 3620 obligationem

148 3606 305 3672 solvendi.
338 3605 541 3688 Quamquam
565 3605 650 3671 enim
669 3604 700 3669 in
725 3604 983 3689 praescriptione
1006 3604 1179 3672 liberatrva
1195 3605 1335 3672 triennio
1352 3608 1477 3674 minore

147 3694 275 3761 liborat'
252 3701 297 3761 tro
320 3695 354 3758 in
378 3695 450 3760 foro
472 3694 622 3761 conscien
624 3694 691 3760 tiae
624 3692 883 3760 tdifficulter
898 3693 1017 3761 admitt
1002 3695 1083 3760 titur
1099 3699 1198 3778 atque
1221 3695 1321 3761 etiam
1337 3696 1405 3761 ab
1396 3697 1477 3782 rpsis

147 3783 274 3866 legibus
297 3787 355 3867 pot
355 3783 406 3849 ius
428 3806 488 3868 pro
512 3783 704 3868 deneganda
729 3782 857 3848 actione
880 3781 1018 3848 iuridica
1037 3805 1133 3865 quem
1157 3805 1216 3866 pro
1235 3783 1314 3849 iuris
1331 3787 1477 3853 exstinc-

147 3872 237 3938 tione
260 3872 359 3938 habet
345 3877 415 3951 t,ur
445 3877 556 3958 potest
578 3879 689 3939 tamen
712 3871 874 3938 admitti
831 3893 898 3936 rm
922 3873 1178 3956 praescriptione
1201 3873 1365 3956 longiore,
1391 3896 1476 3957 quae

147 3961 200 4026 hic
222 3960 328 4026 locum
352 3923 463 4029 habet.

237 4058 275 4124 R.
294 4062 324 4124 4.
356 4058 393 4123 In
415 4058 502 4124 omni
518 4079 595 4123 casu
619 4056 786 4141 probabile
803 4060 864 4133 est,
888 4057 978 4123 Petri
996 4057 1227 4140 obligationem
1244 4060 1476 4127 solvendorum

148 4144 331 4212 debitorum
355 4150 407 4213 ιιι
438 4147 620 4213 indemnem
652 4145 793 4211 faciendi
824 4167 897 4210 eum
923 4146 977 4228 qui
1002 4148 1153 4212 damnum
1184 4169 1301 4230 passus
1325 4149 1385 4227 sit,
1419 4172 1478 4216 ιι-

148 4235 272 4318 stingui
288 4237 543 4320 praescriptione
560 4235 813 4301 extraordinarii
829 4237 996 4318 temporie,
1021 4236 1146 4301 scilicet
1162 4239 1204 4301 30
1218 4258 1386 4316 annorum,
1413 4240 1476 4316 vel,

148 4325 176 4390 si
200 4326 240 4390 de
264 4325 481 4410 privilegiatis
504 4324 623 4407 agitur,
648 4328 700 4401 40,
726 4326 768 4390 60
792 4329 854 4390 ιιι.
881 4346 1048 4391 annorum.
1100 4326 1155 4391 ιιι.
1181 4349 1221 4392 or.
1247 4326 1272 4403 I,
1298 4329 1373 4393 925.

86 4445 139 4498 618
238 4429 277 4496 R.
302 4432 332 4494 5.
369 4430 402 4495 Si
426 4450 510 4494 nunc
534 4429 701 4506 sumimus,
727 4450 837 4493 casum
861 4433 1009 4494 nostrum
1033 4429 1087 4511 agi
1112 4430 1145 4493 in
1170 4429 1354 4509 Germania,
1379 4433 1478 4499 aliter

148 4518 325 4582 solvendus
349 4523 400 4583 est
423 4519 529 4599 quoad
553 4518 624 4601 agri
648 4518 894 4602 usucapionem;
919 4518 1016 4583 immo
1033 4519 1090 4582 ιιι
1114 4518 1267 4601 possibile
1284 4525 1344 4598 est,
1370 4527 1408 4588 ιιι
1424 4544 1476 4588 res

148 4606 198 4672 ιιι
221 4607 385 4673 acciderit.
418 4608 539 4674 Debuit
554 4608 638 4674 enim
661 4629 736 4673 mox
754 4608 824 4672 fieri
845 4607 982 4673 mutatio
1006 4608 1038 4672 in
1063 4608 1184 4673 tabulis
1206 4608 1344 4692 publicis
1369 4614 1477 4694 quoad
