3106 5168
152 261 214 326 144
363 257 404 313 De
422 258 570 313 virtutibus
588 260 617 312 et
635 257 734 313 officiis
751 275 818 327 erga
836 257 931 312 Deum.
948 287 983 296 -
1000 256 1095 313 Virtus
1112 256 1260 328 religionis.

149 437 285 501 obtenta
308 433 362 514 sit,
389 438 489 517 atque
512 432 724 516 distinguitur
744 433 786 498 ab
807 433 881 518 ipsa
903 432 1112 518 perfectione.
1159 433 1325 516 Siquidem
1348 433 1381 498 in
1404 433 1476 517 ipso

149 523 360 607 perfectionis
376 527 467 590 statu
482 526 592 608 potest
607 522 724 606 aliquis
740 543 812 588 esse
827 521 910 588 satis
927 521 1149 607 imperfectae,
1173 527 1208 590 et
1230 528 1328 591 extra
1351 526 1475 589 statum

150 612 362 697 perfectionis
391 612 474 680 satis
502 611 678 696 perfectus.
724 611 802 697 Ipsa
824 611 910 677 enim
936 612 1088 698 perfectio
1115 613 1293 678 christiano
1324 612 1476 690 consistit

150 705 182 768 in
214 702 354 769 caritate
376 701 438 768 Dei
467 705 502 768 et
531 700 671 786 proximi
701 700 834 783 eiusque
863 699 1027 782 frequenti
1057 704 1092 767 et
1120 701 1268 785 perfecto
1298 700 1475 776 exerciti03

150 800 253 858 statas
281 791 487 878 perfectionis
520 789 554 855 in
588 789 697 857 stabili
733 790 822 856 vitae
855 809 977 872 genere
1009 811 1070 875 per
1101 789 1232 857 modum
1266 789 1477 872 obligationis

150 886 337 965 assumpto,
369 901 433 962 quo
462 878 542 945 illud
573 878 766 946 exercitium
794 878 942 945 caritatis
972 882 1206 963 promoveatur
1227 883 1263 946 et
1284 878 1475 947 facilitetur.

152 970 183 1037 S.
209 970 358 1048 Thom,
382 971 415 1035 S.
440 970 482 1035 a.
509 970 539 1047 2,
565 971 595 1044 2,
620 989 650 1051 q.
677 970 750 1034 184.

240 1076 279 1143 R.
308 1079 338 1142 2.
385 1075 500 1141 Status
529 1074 739 1160 perfectionis
768 1073 959 1157 simpliciter
988 1079 1022 1140 et
1050 1095 1163 1158 presse
1193 1074 1300 1141 dictus
1328 1073 1384 1140 ille
1414 1079 1476 1151 est,

151 1165 185 1231 in
208 1186 272 1247 quo
295 1186 355 1248 per
376 1169 457 1231 vota
486 1163 664 1230 assumitur
685 1169 845 1248 perpetua
867 1162 1024 1246 obligatio
1054 1164 1095 1229 ad
1119 1163 1257 1230 consilia
1284 1164 1477 1248 evangelica

151 1254 374 1330 observanda,
398 1257 644 1337 paupertatem,
670 1253 876 1330 castitatem,
900 1253 1139 1319 oboedientiam
1162 1253 1224 1318 sub
1246 1257 1339 1320 certa
1361 1252 1478 1336 regula

152 1348 308 1426 certoque
329 1343 499 1408 instituto:
523 1341 683 1424 siquidem
706 1341 768 1410 tali
783 1341 872 1408 vitae
887 1361 1008 1424 genere
1031 1345 1066 1407 et
1087 1341 1259 1407 obstacula
1273 1342 1477 1409 exercendae

152 1431 301 1499 caritatis
324 1432 485 1497 humanae
508 1436 647 1497 naturae
671 1431 853 1496 communia
877 1430 1085 1507 auferuntur,
1113 1429 1302 1498 adiumenta
1324 1436 1360 1499 et
1381 1452 1477 1498 occa·

152 1521 260 1586 siones
284 1520 437 1587 continuo
468 1520 684 1605 praebentur;
713 1520 812 1585 immo
836 1519 877 1584 ab
901 1518 971 1603 ipso
994 1519 1124 1585 Christo
1147 1520 1285 1585 Domino
1315 1541 1376 1603 pro
1400 1541 1477 1586 eon·

152 1610 279 1676 dicione
302 1609 512 1693 perfectionis
535 1608 721 1675 necessaria
741 1608 915 1675 statuitur:
944 1608 997 1685 ,Si
1012 1607 1063 1674 vis
1085 1609 1251 1692 perfectus
1273 1630 1358 1685 esse,
1381 1610 1478 1687 vade,

153 1700 258 1765 vende
282 1720 365 1782 quae
388 1698 488 1765 habes
512 1749 520 1765 .
546 1750 554 1765 .
580 1749 587 1764 .
611 1703 646 1764 et
669 1697 761 1776 veni,
784 1717 922 1779 sequere
945 1702 1013 1763 me¹‘
1042 1698 1200 1776 (Matth.
1227 1700 1278 1778 19,
1304 1698 1371 1781 21).
1418 1698 1478 1775 Qui

152 1793 262 1856 status
284 1791 422 1854 vocatur
443 1795 546 1854 statuo
568 1789 750 1874 relipioaua,
781 1786 873 1870 isque
901 1807 1015 1870 presse
1037 1790 1204 1872 sumptus,
1234 1788 1263 1853 si
1289 1787 1477 1855 institutum

152 1898 340 1961 supremam
369 1875 638 1960 approbationem
667 1876 709 1942 ab
732 1875 881 1942 Ecclesia
910 1876 986 1942 tulit
1008 1875 1142 1959 eiusque
1168 1880 1351 1944 sectatores
1373 1878 1479 1944 eccle·

154 1965 289 2032 siastica
310 1965 510 2033 auctoritate
534 1965 643 2031 divino
666 1964 802 2032 servitio
825 1969 1067 2031 consecrantur.

243 2082 281 2147 lt.
306 2085 337 2147 3.
390 2081 424 2147 Si
456 2085 566 2148 status
596 2080 806 2163 perfectionis
837 2079 937 2147 latius
968 2080 1125 2160 sumitur,
1158 2082 1293 2148 extendi
1315 2082 1416 2149 debet
1437 2082 1479 2148 ad

154 2170 293 2253 quodvis
315 2171 435 2237 stabile
450 2170 539 2236 vitae
554 2190 668 2253 genus,
692 2189 752 2253 per
766 2170 852 2252 quod
867 2169 1024 2252 obligatio
1044 2171 1086 2236 ad
1101 2171 1316 2254 perfectiores
1331 2171 1480 2238 actiones

154 2260 348 2336 assumitur3
379 2264 479 2341 atque
508 2259 556 2325 ita
585 2264 694 2325 status
723 2258 884 2325 clericalis
914 2259 1062 2325 ordinum
1093 2260 1252 2326 maiorum
1281 2261 1352 2327 sine
1383 2259 1480 2326 dubio

154 2352 262 2414 status
285 2347 417 2431 quidam
441 2348 652 2433 perfectionis
674 2352 735 2427 est,
763 2369 836 2414 cum
859 2369 902 2414 ex
925 2368 961 2415 se
982 2353 1140 2433 perpetuo
1163 2354 1199 2417 et
1220 2349 1480 2417 irrevocabiliter

154 2437 289 2504 clericos
312 2438 431 2504 saltem
454 2438 496 2503 ad
512 2436 681 2503 consilium
704 2436 931 2519 evangelicum
946 2444 1125 2522 perpetuae
1141 2438 1306 2506 castitatis
1329 2438 1377 2521 (in
1393 2439 1479 2505 ccci·

155 2527 277 2593 dentali
301 2526 463 2610 Ecclesia)
486 2526 610 2609 obliget
639 2531 739 2608 atque
766 2548 787 2593 a
814 2526 976 2593 saeculari
1001 2548 1080 2593 cura
1110 2532 1145 2595 et
1167 2534 1306 2610 quaestu
1336 2549 1480 2595 avocans

155 2616 196 2682 ad
220 2616 390 2682 servitium
414 2616 474 2681 Dei
497 2616 687 2682 transferat,

243 2714 351 2796 Magis
367 2714 467 2781 etiam
489 2718 597 2781 status
620 2713 814 2798 episcopalis
837 2712 940 2780 statui
962 2713 1174 2797 perfectionis
1197 2718 1400 2792 accensetur,
1425 2716 1479 2798 qui

156 2802 198 2869 ad
221 2802 456 2868 nobilissimum
480 2803 628 2869 caritatis
652 2802 860 2880 exercitium,
893 2803 998 2868 zelum
1028 2802 1209 2869 animarum
1239 2807 1397 2889 perpetuo
1421 2805 1479 2870 ad-

155 2892 306 2975 stringit,
338 2897 372 2959 et
394 2914 458 2958 non
482 2898 552 2959 tam
575 2890 808 2973 acquirendae,
834 2912 932 2973 quam
956 2895 1130 2978 acquisitae
1151 2892 1357 2977 perfectionis
1379 2901 1479 2959 statas

156 2982 289 3061 dicitur,
321 3003 394 3047 cum
418 3002 460 3046 ex
484 2979 685 3048 abundantia
708 2980 890 3046 dilectionis
913 2980 1043 3045 divinae
1073 2980 1106 3044 in
1136 2980 1357 3064 proximorum
1382 2982 1480 3048 dilec-

156 3070 277 3137 tionem
302 3074 337 3137 et
359 3091 470 3135 curam
495 3070 613 3136 debeat
636 3069 817 3135 intendere.
863 3068 911 3134 Cf.
936 3069 968 3135 S.
993 3069 1125 3135 Tlrom.
1157 3070 1178 3135 l.
1203 3091 1229 3136 c.
1254 3075 1317 3137 art.
1344 3073 1373 3138 7.

94 3202 147 3256 290
245 3188 283 3253 lt.
301 3191 330 3253 4.
371 3186 449 3250 Cum
474 3189 582 3252 status
605 3184 778 3266 religiosus
801 3183 845 3248 sit
867 3186 976 3250 status
998 3183 1210 3267 perfectionis
1232 3184 1425 3268 simpliciter
1448 3190 1480 3251 et

157 3298 268 3360 presse
302 3275 425 3353 dictus,
461 3274 532 3340 iure
562 3273 784 3339 ecclesiastico
815 3294 970 3355 expresse
1000 3277 1163 3339 statutum
1194 3277 1246 3340 est
1279 3274 1480 3358 professione

157 3365 311 3447 religiosa
341 3364 408 3430 alia
437 3367 517 3429 vota
548 3362 759 3447 particularia
788 3361 963 3444 exstingui.
1011 3361 1064 3427 Sic
1094 3365 1114 3426 4
1144 3363 1175 3428 Χ
1206 3366 1242 3438 3,
1274 3365 1316 3429 39
1349 3363 1479 3430 titulum

158 3453 239 3519 fert:
274 3455 393 3533 „Omne
421 3461 522 3517 uotum
549 3454 698 3518 mactabile
722 3459 765 3517 eet
794 3454 828 3516 in
852 3460 956 3516 uotum
979 3452 1174 3535 r⁴etipionia“,
1206 3456 1306 3534 atque
1334 3453 1383 3519 ita
1413 3459 1481 3520 sa-

158 3544 277 3608 tuitur:
311 3544 418 3623 „Beue
445 3542 545 3624 fracti
576 3545 636 3606 croti
663 3544 864 3626 aliquatenus
893 3542 1129 3623 conlaetetur,
1163 3544 1218 3626 qui
1239 3544 1410 3628 temporale
1432 3544 1480 3608 od·

158 3634 301 3717 sequium
334 3635 370 3696 in
401 3639 586 3716 perpetuom
621 3634 762 3695 noscitur
795 3632 959 3715 relipionia
993 3630 1225 3695 observantiam
1259 3632 1476 3698 commutare.“

159 3719 267 3801 Atque
291 3720 361 3785 iure
383 3720 500 3785 merito
524 3720 556 3784 id
579 3719 750 3794 statuitur,
775 3740 849 3783 cum
873 3739 915 3783 ex
938 3723 1057 3784 natura
1080 3718 1128 3784 rei
1152 3718 1304 3784 videatur
1326 3721 1481 3802 quodam·

158 3810 253 3873 modo
277 3810 388 3874 fluere.

248 3906 338 3983 Quod
363 3907 394 3971 S.
412 3904 545 3970 Thom.
570 3908 600 3977 2,
622 3907 652 3980 2,
678 3927 707 3987 q.
726 3907 778 3981 88,
804 3926 832 3970 a.
854 3907 892 3968 12
917 3904 1133 3987 pulcherrime
1157 3905 1318 3988 explicat:
1346 3906 1480 3983 ,Omnia

158 3996 224 4062 alia
248 3999 327 4060 vota
350 3998 428 4059 sunt
447 3993 660 4075 quorumdam
685 3993 930 4077 particularium
955 4014 1105 4076 operum:
1130 3993 1187 4058 sed
1211 4015 1269 4077 per
1291 3994 1480 4077 religionem

158 4086 254 4150 homo
278 4088 382 4149 totam
407 4083 510 4147 vitam
534 4103 625 4147 suam
650 4082 710 4148 Dei
734 4082 888 4163 obsequio
908 4082 1053 4164 deputat.
1089 4082 1293 4148 Particulare
1315 4088 1427 4148 autem
1450 4083 1480 4148 in

159 4174 337 4240 universali
364 4172 549 4237 includitur.
575 4223 581 4236 .
606 4224 643 4238 ..
676 4172 746 4237 Neo
775 4177 886 4236 tamen
917 4171 1106 4252 religionem
1137 4171 1322 4254 ingrediens
1353 4178 1482 4239 tenetur

159 4264 295 4348 implere
319 4268 398 4328 vota
420 4260 622 4337 ieiuniorum,
648 4263 700 4325 vel
724 4261 918 4335 orationum,
943 4260 996 4323 vel
1022 4260 1158 4324 aliorum
1182 4261 1375 4337 huiusmodi,
1401 4283 1481 4344 quae

159 4353 323 4418 exsistens
353 4351 386 4416 in
416 4351 546 4416 saeculo
577 4350 670 4423 fecit,
702 4349 778 4431 quia
801 4349 989 4431 religionem
1014 4349 1200 4430 ingrediens
1223 4349 1362 4415 moritur
1385 4349 1481 4434 priori

160 4443 268 4513 vitae:
307 4446 341 4507 et
378 4440 477 4507 etiam
512 4439 695 4521 singulares
728 4437 956 4503 observantiae
992 4437 1141 4520 religioni
1176 4460 1239 4502 non
1275 4443 1480 4523 competuntz

160 4536 194 4597 et
223 4530 390 4612 religionis
420 4550 501 4594 onus
532 4529 614 4594 satis
644 4528 807 4592 hominem
837 4533 968 4605 onerat,
1003 4531 1039 4592 ut
1072 4527 1137 4592 alia
1168 4528 1387 4611 superaddere
1420 4549 1478 4593 non

160 4623 340 4703 oporteat.“
