3106 5168
322 284 474 356 Praecepta
492 284 630 339 Ecclesiae
648 284 808 339 communia.
827 314 862 324 -
881 286 1061 357 Praeceptum
1079 289 1183 342 ieiunii.
1350 290 1414 355 497

92 459 294 527 abstinentia
310 462 352 526 ab
368 460 439 526 ovis
458 467 492 528 et
514 460 702 537 lacticiniis3
727 465 874 528 attamen
890 462 1061 528 hodiedum
1077 464 1163 528 solet
1186 485 1227 528 ex
1251 467 1417 547 potestate

93 551 135 616 ab
152 549 344 633 Apostolica
360 550 443 616 Sede
465 554 603 634 accepta
621 551 795 632 quotannis
811 551 1010 634 dispensatio
1026 552 1105 630 fieri,
1131 557 1168 618 ut
1188 553 1287 618 certis
1304 552 1417 618 diebus

93 639 273 721 assignatis
296 660 373 704 usus
389 639 535 705 carnium
559 639 602 706 sit
625 639 743 717 licitus,
767 641 873 721 magis
896 641 996 706 etiam
1020 662 1155 706 ovorum
1178 647 1213 708 et
1235 641 1417 707 lacticinio-

93 750 182 807 rum,
214 728 396 811 prohibitus
424 734 535 793 tamen
565 733 697 794 maneat
726 731 928 812 promiscuus
952 751 1028 795 usus
1052 730 1197 795 carnium
1220 735 1255 796 et
1281 730 1416 813 piscium

94 817 129 882 in
152 817 266 882 eadem
289 817 484 895 relectione,
508 817 655 900 exceptis
678 817 734 894 iis,
759 818 901 899 quinon
924 819 958 883 vi
981 818 1114 897 indulti,
1138 820 1195 884 sed
1219 818 1253 883 vi
1275 819 1418 885 necessi·

92 906 175 972 tatis
199 907 240 971 ob
264 907 409 971 morbum
434 906 584 971 carnibus
607 910 794 974 vescuntur.

184 1012 223 1078 R.
248 1014 278 1080 5.
324 1013 388 1078 Pro
412 1013 528 1077 cenula
557 1033 616 1095 per
638 1033 674 1076 sc
703 1012 843 1078 leviores
866 1013 928 1078 cibi
952 1017 1080 1080 tantum
1104 1013 1338 1091 admittuntur,
1368 1014 1418 1079 ita

94 1105 219 1167 utnon
244 1102 348 1166 solum
364 1122 439 1166 esus
455 1100 600 1166 carnium
624 1101 796 1166 sedetiam
814 1123 949 1168 ovorum
973 1107 1035 1169 etc.
1061 1103 1263 1181 excludatur,
1288 1102 1417 1169 etiamsi

94 1191 135 1256 iis
159 1190 207 1257 uti
234 1190 333 1256 liceat
356 1191 397 1256 ad
421 1191 548 1255 unicam
572 1189 793 1259 refectionem.
817 1192 1005 1257 -Verum
1030 1213 1088 1275 pro
1113 1191 1346 1258 consuetudine
1369 1192 1417 1256 di·

94 1300 265 1344 versarum
281 1279 460 1360 regionum,
485 1279 513 1344 si
529 1279 652 1361 excipis
668 1300 793 1356 carnes,
817 1280 935 1362 reliqui
950 1281 1013 1346 cibi
1027 1281 1157 1346 facilius
1173 1281 1416 1363 permittuntur,

94 1369 143 1434 ita
168 1374 204 1434 ut
226 1390 291 1434 non
313 1373 386 1435 tota
407 1369 535 1451 quidem
560 1369 684 1447 cenula,
708 1390 786 1452 pars
809 1373 920 1434 tamen
944 1391 986 1435 ex
1008 1369 1214 1435 solidioribus
1236 1367 1317 1435 cibis
1340 1391 1416 1435 con-

95 1462 186 1523 stare
210 1457 322 1540 possit.

185 1555 224 1620 R.
242 1557 272 1621 6.
313 1554 413 1619 Plena
435 1553 571 1621 refectio
588 1554 766 1620 differenda
785 1561 837 1621 est
860 1577 962 1638 usque
985 1556 1026 1620 ad
1050 1561 1180 1640 tempus
1202 1556 1416 1621 meridianum
1426 1565 1479 1620 976

95 1644 148 1708 vel
183 1643 269 1708 infra
301 1644 414 1709 horam
439 1648 515 1709 ante
538 1642 634 1720 illud;
666 1666 729 1708 non
757 1648 867 1709 tamen
892 1649 1023 1710 constat
1053 1647 1114 1710 hoc
1144 1646 1203 1711 sub
1227 1646 1322 1727 gravi
1346 1666 1417 1710 esse

95 1733 353 1808 observandum
378 1753 420 1797 ex
436 1731 621 1799 rationabili
646 1737 754 1798 autem
771 1753 871 1797 causa
891 1734 1102 1816 permittitur,
1128 1737 1165 1798 ut
1187 1739 1336 1817 tempora
1360 1756 1417 1818 pro

94 1822 213 1887 cenula
236 1827 270 1888 et
292 1843 352 1905 pro
376 1821 472 1905 plena
495 1821 672 1887 refectione
695 1826 937 1905 permutentur,
969 1822 1122 1888 videlicet
1152 1826 1188 1888 ut
1212 1822 1299 1888 circa
1321 1823 1418 1889 meri·

95 1910 181 1975 diem
212 1911 265 1976 vel
297 1911 396 1976 etiam
426 1915 525 1976 antea
556 1915 705 1976 sumatur
735 1911 868 1988 cenula,
902 1912 999 1994 plena
1030 1910 1166 1977 refectio
1197 1932 1343 1994 vespere.
1376 1949 1417 1957 —

96 1998 240 2082 Tempus
263 2005 390 2076 autem,
415 2021 478 2081 quo
502 2000 694 2082 protrahere
717 1999 816 2065 liceat
838 1999 928 2065 illam
951 2001 1081 2083 plenam
1105 2000 1333 2077 refectionem,
1364 2022 1419 2065 as-

95 2088 230 2171 signant
254 2110 351 2173 caque
375 2090 418 2153 cd
441 2091 524 2152 draca
547 2090 644 2152 horca
667 2088 713 2170 (S.
739 2088 854 2171 Alph.
878 2088 935 2166 III,
959 2092 1053 2167 1020,
1077 2087 1113 2164 Q.
1139 2089 1183 2169 5),
1207 2089 1305 2153 immo
1330 2089 1419 2155 cibos

96 2179 227 2243 leviores
249 2177 439 2242 notabiliter
454 2178 542 2242 ultra
564 2177 596 2241 id
620 2181 749 2260 tempus
768 2176 877 2243 afferri
901 2198 1006 2261 possa,
1029 2178 1172 2243 maxime
1188 2177 1216 2242 si
1232 2177 1304 2242 dein
1321 2178 1418 2244 omit·

95 2269 189 2331 tatur
213 2267 338 2343 cenula,
363 2266 395 2331 S.
421 2266 537 2349 Alph.
563 2287 626 2330 non
650 2266 768 2349 probat
791 2266 930 2347 quidem,
955 2267 1012 2331 sed
1036 2287 1140 2349 neque
1163 2266 1326 2349 reprobat.

186 2372 224 2440 R.
251 2374 280 2438 7.
335 2372 405 2438 Ηοο
435 2377 610 2455 praecepto
641 2393 700 2455 per
729 2393 765 2436 se
793 2372 939 2455 ligantur
969 2371 1137 2438 christiani
1166 2371 1345 2454 (catholici)
1376 2372 1418 2437 ab

95 2482 182 2526 anno
200 2460 321 2526 aetatis
338 2464 410 2525 21ωο
427 2462 597 2545 complete,
621 2460 835 2544 probabiliter
849 2483 914 2526 nou
931 2461 1069 2545 amplius
1090 2467 1166 2545 post
1188 2482 1308 2527 annum
1326 2464 1419 2526 60⁰¹¹²⁰

96 2550 215 2616 saltem
238 2550 424 2615 inchoatum
448 2550 494 2633 (S.
520 2550 567 2614 Al
576 2550 635 2634 ph.
660 2572 691 2615 n.
719 2552 813 2616 1035.
842 2551 956 2630 1036);
985 2571 1097 2615 verum
1121 2551 1163 2616 ad
1186 2550 1418 2617 abstinentiam

95 2643 252 2705 tenentur
274 2660 385 2704 omnes
408 2639 441 2704 in
466 2644 576 2705 aetate
601 2660 678 2704 usus
702 2639 838 2704 rationis
861 2639 1069 2706 exsistentes.

187 2753 239 2816 An
263 2773 453 2829 onxnsrrnn
478 2755 517 2816 2¹²
540 2754 578 2820 R.
602 2755 629 2820 1.
669 2753 794 2819 Causae
817 2776 837 2819 a
859 2753 977 2820 ieiunio
1002 2757 1198 2819 excusantes
1221 2759 1419 2820 revocantur
1428 2763 1481 2819 977

97 2841 139 2906 ad
163 2844 317 2919 aetatem,
342 2842 383 2907 ad
407 2843 492 2906 male
516 2845 667 2908 affectam
693 2843 923 2921 valetudinem,
948 2844 989 2908 ad
1014 2844 1142 2908 labores
1165 2864 1296 2925 graves.

187 2929 348 2996 Videlicet
382 2934 407 2996 l.
433 2932 539 3012 quoad
563 2939 694 2996 aetatem
719 2937 918 2997 excusantur
941 2932 981 3009 ii,
1013 2933 1067 3014 qui
1097 2934 1131 3012 a)
1155 2953 1275 2997 annum
1299 2931 1401 2997 aetati

98 3021 173 3084 21um
196 3020 337 3084 nondum
368 3021 629 3103 compleverunt;
664 3019 716 3084 vel
748 3021 781 3102 h)
811 3025 1039 3105 senapesimurn
1069 3021 1253 3102 attigerunt
1282 3041 1340 3084 seu
1369 3019 1419 3084 in·

97 3113 265 3192 ceperunt.
285 3126 302 3171 a

189 3199 219 3262 2.
250 3197 390 3264 Ratione
420 3201 500 3262 rncle
530 3198 661 3280 affectae
690 3199 881 3263 valetudinis
911 3203 1127 3274 excusantur,
1158 3195 1191 3277 a)
1221 3197 1277 3278 qui
1307 3197 1418 3261 morbo

97 3287 294 3351 decumbunt
325 3287 377 3351 vel
408 3288 506 3352 etiam
537 3290 612 3370 post
641 3288 789 3350 morbum
818 3287 851 3351 in
882 3291 972 3352 statu
1002 3286 1321 3352 reconvalescentiae
1344 3306 1419 3349 ver·

96 3380 229 3450 santum
253 3376 288 3457 b)
312 3376 435 3440 viribus
458 3376 505 3440 ita
522 3376 653 3451 debiles,
678 3381 714 3441 ut
737 3396 802 3440 una
824 3375 1004 3441 refectione
1027 3380 1156 3441 tautum
1180 3374 1286 3439 cibum
1302 3394 1420 3456 capere

97 3485 162 3529 non
186 3464 329 3546 possint,
357 3469 515 3547 quantum
539 3466 579 3529 ad
603 3466 836 3530 sustentandas
860 3465 947 3529 vires
971 3464 1163 3546 requiritur3
1196 3465 1227 3545 c)
1258 3484 1300 3528 ex
1323 3462 1420 3527 simili

97 3551 226 3617 ratione
253 3576 411 3639 pauperes
438 3554 588 3618 excusari
618 3558 773 3636 possunt,
805 3576 843 3618 eo
867 3555 951 3635 quod
976 3575 1040 3618 non
1063 3554 1207 3619 habeant
1230 3552 1324 3617 unica
1347 3553 1420 3617 vice

97 3642 219 3706 iustum
249 3643 419 3726 prandium
451 3643 503 3706 vel
536 3643 640 3707 solum
673 3664 789 3726 panem
814 3647 848 3708 et
878 3643 1058 3724 legumiua;
1089 3641 1123 3719 d)
1155 3643 1275 3724 quiex
1301 3641 1420 3707 ieiunio

97 3730 265 3796 notabilem
297 3732 414 3815 capitis
437 3732 490 3795 vel
514 3732 673 3797 stomachi
696 3732 841 3796 dolorem
864 3733 1050 3815 patiuntur3
1081 3730 1112 3809 e)
1142 3730 1295 3796 mulieres
1324 3752 1420 3814 prae-

97 3824 240 3902 gnantes
262 3822 316 3885 vel
339 3822 510 3897 lactantes,
536 3842 628 3901 quae,
653 3820 680 3885 si
704 3820 901 3899 ieiunarent,
926 3821 987 3885 sibi
1010 3821 1064 3886 vel
1087 3821 1170 3905 proli
1194 3821 1347 3885 damnum
1370 3820 1419 3884 in·

97 3912 233 3976 torrent.
279 3910 326 3974 cf.
352 3911 383 3976 S.
409 3909 524 3992 Alph.
549 3909 606 3986 ΙΙΙ,
634 3912 718 3975 1033
734 3931 804 3992 sqq.

189 4016 219 4080 3.
249 4015 390 4080 Ratione
412 4017 531 4080 loboris
555 4022 769 4093 excusantur,
801 4017 835 4097 a)
865 4015 920 4098 qui
944 4037 1002 4099 per
1026 4017 1109 4081 diem
1133 4015 1338 4098 (nouaclum
1361 4034 1420 4096 per

98 4124 197 4169 unam
220 4105 274 4168 vel
297 4105 435 4170 alteram
458 4106 586 4182 horam)
610 4105 738 4169 labores
762 4126 891 4185 graves,
916 4104 935 4171 i.
961 4126 988 4170 e.
1014 4126 1130 4189 corpus
1154 4105 1301 4185 graviter
1324 4123 1419 4167 exer·

99 4196 212 4257 centes
235 4214 293 4258 seu
316 4194 547 4275 defatigantes,
571 4214 726 4259 exercere
749 4195 870 4270 solent,
896 4216 927 4260 v.
952 4215 982 4276 g.
1007 4194 1092 4259 fabri
1116 4193 1254 4268 ferrarii,
1280 4189 1418 4273 lignarii,

97 4281 242 4358 murarii,
267 4282 418 4358 fossores,
445 4283 593 4359 fullones,
619 4282 787 4365 lapicidae,
810 4283 905 4349 multi
926 4284 1075 4365 pistores,
1101 4282 1210 4356 baiuli,
1236 4280 1347 4345 famuli
1364 4279 1419 4360 qui

98 4371 162 4436 huc
184 4370 261 4436 illuc
283 4373 420 4437 multum
445 4393 575 4437 currere
592 4373 711 4436 debent
734 4377 814 4448 etc,
841 4374 873 4454 b)
896 4373 960 4438 iter
976 4372 1127 4455 pedestre
1150 4374 1236 4434 4-5
1253 4370 1418 4435 leucarum

98 4459 275 4537 facientem
300 4461 330 4543 c)
355 4461 606 4536 contionatores‚
632 4461 686 4542 qui
709 4461 827 4525 cotidie
843 4461 913 4525 fere
936 4461 968 4524 iu
986 4460 1188 4524 hebdomada
1211 4480 1283 4523 cnm
1300 4478 1420 4540 magna

99 4549 246 4633 corporis
269 4551 449 4632 agitatione
472 4573 531 4634 per
553 4551 667 4615 horam
690 4549 820 4614 circiter
838 4550 1081 4619 condonantur:
1107 4549 1141 4630 d)
1166 4548 1281 4630 quibus
1304 4569 1420 4612 accen·
1473 4578 1476 4583 ·

98 4641 163 4705 seri
186 4645 324 4723 possunt
346 4641 485 4706 lectores
509 4639 728 4715 scientiarum,
753 4639 780 4702 si
805 4659 924 4720 magna
942 4638 1089 4720 indigent
1112 4637 1362 4721 praeparatione
1386 4640 1422 4702 et

151 4751 320 4800 Lahmkuhl,
335 4752 579 4794 cumconscientiae.
605 4751 623 4794 1.
1174 4743 1208 4796 32
