3106 5168
286 263 383 320 Cultus
401 265 451 319 Dei
470 265 608 335 publicus:
631 268 791 320 abstinentia
810 285 828 320 a
845 269 983 322 laboribus
999 268 1147 322 servilibus.
1313 269 1375 334 177

54 441 185 506 labores
207 440 412 525 interrumpi,
437 440 484 506 ita
507 445 546 508 ut
568 463 610 508 ex
632 442 695 508 hoc
717 442 843 509 oriatur
864 462 965 508 causa
983 461 1145 508 excusans
1161 463 1220 525 pro
1236 441 1377 508 domino.

54 530 88 595 Si
120 529 169 596 ita
198 535 266 608 est,
297 551 377 596 sane
407 530 566 615 operariis
597 532 766 598 conductis
789 531 889 597 etiam
913 530 1041 615 operari
1064 531 1151 598 licet.
1199 530 1321 597 Verum
1343 532 1378 596 in

53 639 134 684 casu
157 619 336 704 proposito,
360 619 424 685 etsi
446 641 611 685 sumamus
634 620 719 686 hanc
740 621 875 686 subesse
897 640 1031 685 causam
1047 625 1258 686 excusantem
1274 620 1380 686 relate

54 708 96 773 ad
127 708 258 773 labores
287 709 440 774 serviles:
473 708 565 775 facta
594 730 657 774 nou
688 714 740 775 est
768 709 856 776 iusta
878 709 1025 774 laborum
1050 708 1245 775 distributio.
1291 708 1378 774 Nam

54 795 186 862 ordines
209 797 430 881 operariorum
453 798 552 864 etiam
575 797 608 862 in
627 797 688 864 tali
703 819 782 864 casu
796 799 845 864 ita
860 797 1011 863 distribui
1026 798 1146 864 debent
1160 835 1204 845 —
1221 802 1379 880 quantum

55 885 210 969 possibile
222 890 273 952 est
286 924 338 963 —‚
356 907 377 951 u
404 886 523 969 singuli
536 887 673 969 singulis
685 887 798 952 diebus
811 886 978 952 dominicis
991 890 1025 952 et
1036 886 1130 952 festis
1143 885 1243 952 Sacro
1259 887 1379 953 saltem

55 974 184 1058 possint
204 975 375 1041 interesse.

147 1062 181 1129 Si
196 1063 298 1146 igitur
312 1063 346 1128 in
362 1063 487 1130 fabrica
502 1063 587 1131 iusto
604 1064 699 1130 modo
715 1064 876 1132 rationem
895 1085 960 1130 non
975 1063 1099 1130 habent
1112 1063 1196 1145 legis
1211 1063 1381 1129 Ecclesiae

56 1150 126 1216 sive
150 1153 258 1234 quoad
281 1153 410 1218 labores
433 1153 569 1218 serviles
592 1154 662 1219 sive
685 1154 791 1236 quoad
815 1153 949 1218 Missam
973 1152 1185 1218 audiendam:
1209 1152 1378 1230 Marcella,

56 1240 84 1306 si
108 1241 274 1324 optionem
298 1243 484 1308 nonhabet
514 1241 685 1310 nisiinter
708 1242 866 1308 fabricam
890 1241 988 1309 istam
1012 1247 1046 1308 et
1068 1263 1163 1307 suum
1185 1242 1381 1308 famulatum

58 1330 239 1408 actualem,
269 1332 354 1396 barac
383 1352 462 1397 sane
493 1336 530 1397 ut
559 1331 665 1397 minus
694 1332 815 1396 malum
842 1335 954 1416 potest
976 1330 1154 1414 praeferre.
1178 1371 1221 1379 -
1246 1330 1280 1396 Si
1302 1352 1381 1397 vero

57 1419 90 1484 in
113 1418 241 1485 fabrica
263 1420 400 1485 serviles
423 1420 552 1486 labores
575 1420 675 1486 etiam
698 1420 939 1502 frequentiores
969 1421 1162 1503 exiguntur,
1193 1424 1230 1485 at
1253 1419 1382 1485 nonnisi

58 1531 127 1573 cam
152 1531 249 1574 causo
266 1516 444 1590 escasautc,
468 1508 501 1573 in
517 1508 678 1576 famulatu
695 1529 773 1574 vero
789 1509 853 1575 isto
869 1513 938 1575 sina
954 1532 1053 1575 caasa
1069 1518 1237 1575 accusante
1252 1509 1382 1574 labores

58 1597 110 1661 vel
128 1597 287 1662 rariores:
308 1597 514 1663 nihilominus
530 1598 623 1663 labor
637 1598 670 1663 iu
687 1598 814 1664 fabrica
828 1599 1063 1682 praeferendus
1079 1599 1138 1663 sub
1154 1598 1215 1664 hoo
1230 1602 1382 1682 respectu

59 1686 131 1752 erit.
172 1687 252 1752 Dico
280 1687 358 1764 ,sub
382 1688 442 1752 hoc
466 1689 655 1772 respectu“;
680 1709 755 1753 nam
779 1687 808 1752 si
831 1687 914 1753 alias
937 1687 970 1752 iu
991 1687 1117 1753 fabrica
1132 1689 1222 1753 bouis
1241 1690 1383 1753 moribus

56 1777 236 1860 periculam
266 1780 410 1852 creetur,
448 1797 513 1841 non
543 1781 653 1842 autem
681 1775 716 1841 in
746 1775 871 1842 familis
899 1776 966 1842 ista
994 1774 1194 1853 acatholica,
1226 1776 1384 1842 Marcella

58 1869 132 1930 tuto
156 1864 323 1947 praeferat
347 1886 440 1930 suum
464 1865 668 1931 fannulatum.
709 1864 799 1941 Quod
822 1864 908 1929 idem
932 1865 1022 1931 valet
1046 1865 1086 1930 de
1108 1865 1227 1949 puella,
1252 1865 1303 1930 cui
1324 1887 1385 1951 pra

60 1954 242 2019 condicione
265 1976 325 2019 sua
345 1957 479 2039 prasius
502 1955 574 2032 erit,
599 1954 632 2020 in
654 1954 780 2020 fabrica
803 1954 964 2019 laborare.

148 2059 188 2124 R.
214 2062 244 2125 5.
292 2059 384 2136 Quod
413 2065 579 2144 postremo
609 2060 757 2139 additur,
788 2060 871 2126 elias
894 2059 1033 2126 feminas
1061 2059 1160 2127 etiam
1184 2059 1256 2144 pias
1277 2059 1384 2127 solere

61 2149 221 2231 quaedam
245 2169 345 2231 opera
369 2147 509 2214 feminea
537 2149 650 2214 diebus
674 2149 842 2215 dominicis
865 2150 991 2214 facere:
1023 2170 1086 2214 uon
1110 2150 1191 2214 haec
1215 2153 1266 2214 est
1288 2148 1384 2225 ratio,

60 2259 118 2303 cur
141 2238 320 2303 Marcellae
348 2237 448 2303 liceat
477 2239 627 2322 proprias
657 2243 767 2305 vestes
797 2240 947 2317 reficere,
978 2238 1036 2303 sed
1066 2238 1151 2304 ratio
1179 2259 1251 2303 esse
1273 2241 1385 2322 potest

62 2328 131 2392 sola
157 2327 289 2410 propria
312 2326 501 2392 necessitas.
548 2328 635 2392 Nam
658 2348 763 2410 neque
794 2327 866 2393 aliis
888 2327 1000 2393 licebit
1023 2326 1141 2392 similia
1164 2327 1291 2403 facere,
1322 2326 1384 2391 nisi

60 2418 196 2500 propria
226 2417 272 2480 ael
302 2418 408 2481 aliano
437 2420 605 2482 necessitas
634 2417 784 2495 accedat,
816 2417 869 2481 vel
893 2416 955 2481 nisi
977 2416 1011 2481 in
1037 2416 1186 2501 operibus
1210 2414 1385 2481 levissimis

63 2504 263 2571 consuetudo
286 2504 393 2586 legem
417 2505 562 2570 nonnihil
586 2506 776 2572 elevaverit.
813 2505 947 2571 Sumere
971 2527 1050 2588 ergo
1074 2505 1168 2571 decet
1183 2505 1383 2575 Marcellam,

61 2593 132 2677 pias
156 2593 231 2658 illas
253 2593 403 2672 feminas,
428 2615 509 2675 quas
532 2594 654 2661 viderit
677 2594 821 2660 nonnihil
844 2595 996 2660 laborare
1019 2595 1132 2660 diebus
1148 2593 1327 2669 dominicis
1352 2592 1385 2658 id

61 2682 179 2748 fecisse
211 2704 271 2767 pro
303 2683 500 2766 pauperibus
523 2684 577 2749 vel
612 2705 670 2767 pro
703 2705 846 2768 paupere
878 2683 988 2766 aliqua
1022 2683 1160 2749 ecclesia
1187 2704 1229 2748 ex
1262 2682 1385 2749 motivo

61 2771 206 2855 pietatis.

237 2943 481 3010 EXCUSATIO
506 2943 535 3009 A
558 2945 674 3010 LEGE
697 2944 878 3023 REQUIEI
901 2944 1117 3010 FESTIVAE
1142 2942 1211 3025 (Π),

627 3101 738 3168 (lusus.
764 3109 822 3178 (aa)

151 3243 256 3301 Benna
278 3241 422 3317 agricola,
445 3241 506 3300 suis
528 3242 662 3316 frugibus
683 3241 805 3312 timens,
828 3248 959 3317 tempore
980 3241 1085 3300 messis
1107 3239 1183 3297 solet
1203 3239 1296 3315 primo
1318 3244 1387 3296 tem·

62 3342 133 3399 pore
156 3329 329 3399 opportuno,
351 3322 467 3380 ratione
489 3341 547 3380 non
568 3323 671 3381 habita
687 3321 798 3380 dierum
819 3322 961 3380 festorum
976 3321 1024 3379 vel
1045 3320 1264 3389 dominicorum,
1286 3319 1387 3393 fruges

63 3409 92 3462 et
114 3404 233 3462 foenum
255 3402 402 3477 colligere.
444 3403 542 3477 Atque
564 3422 629 3460 cum
651 3403 760 3461 calleat
780 3408 844 3460 arte
865 3402 1008 3470 ferraria,
1036 3401 1110 3477 ipsis
1130 3399 1190 3458 illis
1211 3399 1313 3457 diebus
1334 3417 1388 3475 pro

63 3483 130 3542 aliis
152 3483 290 3557 agricolis
312 3483 433 3541 reficere
454 3483 531 3541 solet
551 3501 685 3542 vomeres
707 3489 737 3541 et
757 3481 817 3540 alia
837 3482 1034 3541 instmmenta
1060 3499 1154 3555 neque
1176 3499 1299 3557 parvum
1320 3478 1388 3537 inde

62 3564 175 3622 lucrum
198 3568 307 3639 captat.

63 3666 240 3737 Qussmruu
263 3686 331 3725 num
352 3666 447 3743 possit
472 3666 557 3725 salva
581 3667 648 3742 lege
674 3666 878 3725 ecclesiastica
903 3665 1078 3725 industriam
1101 3684 1186 3724 suam
1207 3665 1388 3724 continuare.

660 3849 795 3915 Salutio.

153 3997 206 4060 An
230 4014 420 4071 qususmuu
437 3993 475 4058 R.
496 3995 523 4058 1.
562 3993 688 4073 Fruges
711 3991 776 4056 iam
792 4012 917 4056 messae
935 3995 968 4056 et
984 3991 1115 4056 foenum
1131 3990 1164 4054 in
1181 4010 1262 4071 agro
1278 3989 1389 4055 iacens
1401 4005 1451 4059 351

62 4084 218 4167 colligere
242 4084 355 4149 diebus
379 4082 548 4147 dominicis
567 4081 688 4158 licebit,
713 4082 842 4163 quando
865 4080 1013 4146 imminet
1036 4083 1218 4162 tempestas
1241 4078 1295 4144 vel
1319 4079 1389 4143 diu·

62 4178 196 4240 turnum
226 4177 356 4256 tempus
385 4172 585 4254 pluviosum,
617 4171 665 4237 ita
695 4174 732 4235 ut
754 4190 869 4234 verum
892 4169 978 4234 adsit
1001 4169 1180 4251 periculum
1202 4167 1388 4233 incurrendi

62 4263 183 4338 damni,
208 4261 270 4327 nisi
287 4261 450 4341 agricolae
465 4262 551 4326 bona
567 4259 723 4343 temporis
739 4258 985 4341 opportunitate
1002 4258 1082 4323 data
1097 4261 1242 4323 utantur.
1267 4256 1389 4320 Verum

63 4353 207 4437 periculo
237 4372 302 4416 non
332 4350 522 4416 imminente
559 4348 712 4430 colligere
743 4347 855 4429 fruges
888 4368 953 4412 nan
984 4346 1112 4424 licebit,
1149 4345 1255 4410 minus
1288 4345 1389 4410 etiam

63 4445 197 4520 metere,
221 4439 380 4522 siquidem
404 4438 527 4503 morale
550 4437 729 4520 periculum
753 4436 863 4501 damni
887 4436 1058 4501 avertendi
1082 4457 1146 4500 non
1171 4434 1273 4500 adest.

151 4530 189 4595 Iu
205 4529 301 4595 dubio
320 4528 439 4594 saltem
456 4528 639 4592 consultum
655 4531 707 4592 est
723 4526 814 4590 adire
833 4526 1020 4608 paramum,
1046 4525 1100 4607 qui
1124 4525 1158 4588 in
1180 4522 1239 4587 tali
1262 4541 1388 4585 recum

62 4619 200 4701 singulis
215 4619 406 4702 dispensare
429 4622 539 4700 potest
555 4616 618 4695 vel,
643 4616 671 4680 si
695 4636 795 4680 causa
818 4614 901 4681 satis
925 4614 1091 4678 sufficiens
1111 4611 1261 4688 adfuerit,
1287 4609 1389 4676 etiarn

116 4729 284 4779 Lehmknhl,
299 4729 370 4772 Casus
385 4729 544 4772 conscientiae.
571 4729 589 4771 1.
1143 4716 1175 4769 12
