3106 5168
136 261 179 326 36
554 256 595 312 De
613 254 709 326 regula
727 257 836 310 actuum
855 254 1043 310 humanorum.

732 431 868 500 Salutio.

90 576 126 631 70
225 566 278 632 An
302 586 493 642 aasumensi
519 569 555 631 l¹l
585 565 624 632 R.
671 565 841 632 Conclusio
872 587 915 632 ex
943 566 1208 651 praesumptione
1239 569 1273 632 et
1302 586 1345 632 ex
1375 588 1464 633 com·

135 654 278 722 muniter
293 654 566 738 contingentibus,
591 653 653 720 nisi
669 655 805 722 accedat
820 655 906 722 ratio
922 655 1065 740 positiva
1081 654 1256 734 contraria,
1276 660 1328 722 est
1344 657 1465 724 saltem

136 745 330 829 probabilis,
361 745 395 810 in
417 744 542 810 minore
571 743 736 810 maioreve
759 744 875 827 gradu.
920 744 1023 810 Immo
1046 745 1074 810 si
1097 745 1243 811 rationes
1266 744 1352 811 aliae
1374 746 1465 830 posi·

135 833 226 900 tivae
241 834 411 913 accedunt,
436 833 576 899 evadere
598 837 710 918 potest
731 833 901 900 moraliter
920 839 1021 900 certa.
1061 833 1146 900 Hinc
1169 832 1364 916 ubicumque
1387 855 1464 919 pro-

134 922 289 988 habilitas
322 922 398 989 tacti
429 922 567 1000 sufficit,
600 923 815 990 communiter
846 923 1111 1005 contingentibus
1141 925 1176 989 ot
1205 923 1463 1008 praesumptioni

135 1011 280 1078 tamdiu
303 1012 457 1078 standum
481 1016 548 1088 est,
573 1012 647 1077 dum
672 1013 870 1078 contrarium
894 1012 1051 1096 probetur
1073 1013 1127 1077 vel
1150 1011 1364 1079 vehementer
1386 1034 1462 1078 sua·

136 1100 270 1177 deatur;
303 1121 409 1183 neque
441 1099 596 1166 convenit
626 1100 792 1166 securiora
820 1095 906 1166 v'elle
936 1121 1110 1184 quaerere,
1145 1122 1217 1167 cum
1250 1101 1311 1167 hoc
1344 1103 1462 1184 agendi

134 1190 231 1255 modo
255 1190 417 1256 anxietati
440 1192 474 1255 et
497 1189 657 1273 scrupulis
680 1189 735 1255 via
757 1193 903 1274 paretur.

224 1278 290 1346 Ubi
312 1299 390 1345 vero
414 1278 575 1345 certitudo
599 1279 792 1360 requiritur:
824 1282 860 1344 ut
890 1277 1147 1363 praesumptioni
1170 1278 1224 1343 vel
1247 1278 1465 1345 communiter

135 1367 399 1450 contingentibus
414 1371 531 1446 stetur,
555 1366 716 1434 accedant
739 1372 869 1451 oportet
891 1368 976 1434 aliae
998 1367 1144 1434 rationes
1167 1367 1354 1446 suadentes,
1379 1389 1464 1451 quae

134 1457 331 1524 rationabile
354 1456 485 1522 dubium
509 1455 662 1523 contrarii
688 1457 873 1523 excludant.

89 1581 123 1635 71
223 1572 277 1637 An
293 1591 485 1647 qoausrrua
509 1574 548 1635 2¹¹²
570 1571 610 1637 R.
630 1574 658 1637 1.
697 1571 733 1635 In
754 1574 928 1656 posteriore
952 1592 1030 1637 casu
1053 1572 1170 1636 saltem
1186 1570 1350 1636 Lucienus
1373 1576 1464 1638 recte

136 1660 221 1742 egit,
245 1660 343 1725 immo
366 1660 452 1726 male
475 1660 613 1743 egisset,
642 1659 670 1724 si
693 1659 903 1744 repetivisset
925 1660 1111 1743 quidquam.
1158 1660 1197 1724 In
1219 1658 1327 1726 officio
1351 1659 1464 1726 divino

135 1748 258 1815 sufficit
281 1749 411 1814 omnino
436 1748 614 1832 persolutio
638 1769 716 1815 vere
739 1749 925 1834 probabilis.
972 1750 1094 1815 Verum
1117 1748 1150 1814 in
1175 1769 1253 1814 oasa
1277 1749 1379 1816 allato
1403 1748 1463 1815 ha·

135 1837 248 1903 bemus
281 1837 338 1902 vix
370 1858 434 1903 non
466 1838 540 1922 plus
573 1858 670 1920 quam
702 1837 903 1923 probabilem
936 1838 1028 1922 pensi
1058 1837 1263 1905 solutionem.
1311 1838 1344 1903 Si
1376 1838 1462 1905 enim

135 1927 317 1993 attenditur
340 1926 601 2005 circumstantia,
633 1927 717 2009 quod
741 1926 903 1992 Lucienus
931 1949 1033 2010 usque
1061 1927 1103 1993 ad
1126 1928 1223 1993 finem
1246 1926 1363 1993 Nonae
1386 1948 1463 2012 per·

31 2018 35 2029 '
134 2016 272 2094 venerit,
298 2016 377 2082 haec
392 2016 547 2081 moralem
565 2016 728 2098 quandam
747 2015 974 2083 certitudinem
991 2017 1128 2101 praebet
1150 2015 1310 2082 recitatae
1327 2016 1462 2096 Sextae,

134 2104 197 2170 nisi
219 2106 305 2172 forte
328 2103 490 2171 Lucianus
519 2104 650 2188 saepius
673 2105 893 2189 deprehensus
916 2105 1016 2172 fuerit
1044 2105 1077 2170 in
1102 2105 1222 2171 omissa
1246 2105 1358 2187 aliqua
1380 2105 1464 2173 hora

133 2194 336 2260 intermedia.
384 2195 431 2261 At
453 2194 581 2261 etiamsi
606 2193 793 2276 aliquoties,
828 2199 939 2260 tamen
968 2216 1044 2261 raro
1069 2215 1141 2260 sese
1164 2194 1213 2261 ita
1236 2193 1462 2278 deprehendit,

133 2283 196 2349 nisi
218 2304 304 2349 nunc
327 2283 479 2367 specialis
509 2283 594 2349 ratio
617 2282 704 2347 dubii
734 2283 886 2361 accedat,
918 2284 1017 2350 etiam
1041 2305 1127 2349 nunc
1156 2287 1270 2349 manet
1296 2285 1463 2369 probabile

133 2373 269 2440 Sextum
293 2393 365 2438 esse
387 2372 569 2439 recitatam.
617 2371 665 2438 uf.
689 2372 882 2455 Aertnijs
910 2373 931 2438 l.
957 2375 993 2450 5,
1018 2394 1049 2441 n.
1074 2376 1127 2452 40,
1152 2372 1189 2450 Q.
1214 2375 1252 2451 6;
1284 2373 1316 2438 S.
1340 2372 1460 2456 Alph.

132 2463 189 2540 IV,
216 2465 296 2539 150;
321 2462 501 2527 Lacroix
523 2463 545 2528 l.
570 2463 601 2539 4,
625 2482 656 2528 n.
684 2464 768 2526 1235
785 2484 833 2545 sq.

88 2577 123 2631 72
222 2568 260 2634 lt.
286 2570 316 2635 2.
350 2568 388 2632 In
409 2571 518 2653 priore
541 2587 620 2632 casu
643 2587 686 2632 ex
708 2587 744 2632 se
768 2567 929 2633 absolutio
954 2567 1032 2633 data
1055 2589 1119 2633 non
1143 2571 1196 2634 est
1217 2570 1319 2646 certa,
1344 2588 1462 2650 quam-

132 2678 229 2739 quam
254 2656 440 2741 probabilis.
487 2655 645 2734 Quoniam
675 2676 753 2721 vero
783 2657 954 2741 paenitens
983 2656 1034 2722 ius
1057 2655 1157 2723 habet
1186 2657 1228 2722 ad
1252 2659 1377 2721 certam
1402 2658 1462 2723 ab·

132 2745 343 2820 solutionem,
375 2766 478 2828 eaque
501 2746 643 2811 fortasse
667 2746 850 2810 necessario
874 2745 1014 2828 indiget,
1046 2767 1105 2830 per
1128 2765 1164 2811 se
1187 2746 1248 2811 sub
1271 2745 1462 2812 condicione

132 2834 312 2919 repetenda
334 2838 408 2900 erat
430 2834 601 2901 absolutio.
649 2834 712 2899 Sed
736 2835 890 2900 accedere
914 2839 1051 2918 possunt
1074 2835 1159 2900 aliae
1183 2835 1461 2913 circumstantiae,

132 2947 163 2991 v.
189 2946 220 3008 g.
252 2923 337 3007 quod
364 2923 527 2989 anianus
556 2922 747 2988 recordetur
776 2925 966 2989 verborum:
1002 2924 1051 3002 ,in
1081 2922 1211 2990 nomine
1234 2923 1343 2989 Patris
1373 2928 1458 2991 eto.“

133 3013 254 3092 Quodsi
285 3012 492 3079 consueverit
519 3012 621 3077 verba
651 3012 863 3079 absolutionis
893 3014 957 3080 rite
986 3013 1217 3097 pronuntiare,
1252 3019 1285 3079 et
1315 3015 1460 3079 solorum

132 3103 319 3169 ultimorum
343 3102 517 3167 verborum
546 3101 753 3168 recordatur:
783 3102 990 3167 nihilominus
1019 3103 1188 3168 moraliter
1211 3107 1321 3168 certus
1344 3106 1396 3168 est
1420 3103 1462 3168 de

132 3192 241 3257 verbis
271 3191 432 3276 prioribus
462 3212 520 3256 seu
550 3190 779 3256 essentialibus
813 3212 893 3273 „ego
925 3196 957 3256 te
988 3192 1123 3257 absolvo
1151 3212 1171 3256 a
1195 3191 1339 3275 peccatis
1371 3191 1457 3257 tuis“

132 3283 231 3348 etiam
256 3280 485 3364 pronuntiatis,
510 3301 570 3345 nec
593 3279 768 3362 quidquam
791 3286 941 3363 repetere
965 3281 1070 3347 debet.
1108 3280 1141 3346 Si
1165 3281 1251 3346 sorte
1275 3285 1396 3362 agatur
1420 3281 1461 3347 de

132 3371 331 3435 absolvendo
355 3370 555 3447 moribundo,
580 3369 612 3433 in
636 3369 696 3434 hoc
720 3390 796 3433 casn
817 3373 963 3434 extremo
988 3391 1036 3448 ea,
1061 3391 1145 3452 quae
1169 3369 1251 3436 alias
1275 3375 1312 3436 ut
1334 3370 1461 3437 leviora

132 3480 193 3524 nec
215 3459 354 3525 fundata
369 3459 467 3525 dubia
489 3458 673 3543 spernenda
696 3461 782 3534 sunt,
807 3459 849 3523 ad
873 3459 1033 3524 cautelam
1058 3460 1201 3542 aliquam
1225 3459 1461 3526 consideratio-

132 3569 206 3613 nem
230 3554 412 3622 merentur:
437 3553 621 3633 propterea,
646 3547 673 3612 si
696 3567 733 3612 re
756 3547 827 3630 ipsa
851 3547 933 3612 levis
956 3547 1098 3614 adfuerit
1121 3548 1206 3615 ratio
1230 3548 1367 3633 putandi
1391 3548 1460 3614 for·

132 3641 222 3703 tasse
254 3638 341 3704 aliud
374 3658 471 3720 quam
504 3638 687 3703 absolvendi
717 3636 852 3701 verbum
886 3637 1117 3720 praemissum,
1153 3638 1317 3703 Lucianus
1352 3643 1459 3704 totam

132 3726 271 3792 formam
295 3732 389 3811 repet
412 3731 436 3793 t.

240 3933 555 4000 PROBABILITAS
579 3931 720 3997 REOTE
743 3931 806 3997 AN
831 3932 967 3998 FALSO
992 3933 1234 4000 APPLIOATA
1263 3933 1348 4019 (111).

461 4089 670 4162 ,STANDUM
691 4090 767 4150 PRO
789 4091 951 4151 VALORE
972 4090 1126 4150 across

695 4242 805 4309 dasus.
834 4251 892 4317 (20)

223 4377 247 4435 1.
270 4374 419 4433 Fabianus
440 4380 610 4450 protestans
632 4375 668 4433 ad
683 4375 769 4433 fidem
791 4376 967 4435 catholicam
988 4395 1126 4436 reversus
1147 4375 1177 4433 in
1192 4375 1288 4434 sinum
1303 4377 1459 4438 Ecclesiae

131 4455 287 4532 recipitur;
315 4455 517 4532 rebaptizatur
543 4457 598 4514 sub
630 4456 810 4515 condicione.
852 4457 960 4515 Verum
992 4457 1055 4516 eius
1084 4477 1160 4516 rixor
1189 4456 1285 4515 noluit
1314 4459 1459 4518 converti.

131 4537 176 4594 De
198 4537 262 4595 eius
283 4541 381 4593 autem
401 4535 541 4611 baptismi
559 4537 661 4594 valore
683 4555 741 4595 non
763 4536 857 4610 magis
874 4542 991 4595 constat
1005 4557 1090 4612 quam
1112 4538 1148 4596 de
1170 4537 1316 4614 baptismo
1332 4538 1459 4598 Fabiani

131 4617 322 4687 constiteram
345 4635 435 4692 quare
456 4635 534 4675 nunc
556 4615 643 4675 dubio
665 4616 745 4675 circa
765 4618 895 4676 valorem
918 4617 963 4676 sui
984 4617 1162 4677 matrimonii
1184 4617 1311 4692 angitur.
