3106 5168
447 284 554 354 Regula
571 291 673 339 remota
691 300 740 338 seu
757 284 817 338 lec:
833 282 1018 354 privilegium.
1354 285 1396 350 65

66 460 148 541 (1.3,
165 482 198 545 p.
215 463 244 539 1,
261 481 292 526 n.
307 459 397 543 676,)
419 460 547 544 Lugo,
571 459 767 537 Tambur,
792 457 918 525 Gobat
940 457 1142 538 (auctoribus
1158 457 1302 542 alioquin
1317 458 1399 524 satis

66 549 234 633 benignis)
264 553 400 615 consent
429 569 481 614 mo
510 548 633 626 teneri,
663 568 702 614 eo
733 548 819 631 quod
849 568 913 614 non
944 547 1082 613 habeam
1112 568 1244 614 causam
1276 569 1298 614 a
1325 548 1400 631 lege

67 644 304 715 excusantem3
344 638 415 715 alii,
454 640 492 703 ut
530 637 712 715 Suarez,
751 640 868 703 auctor
900 636 1132 719 gravissimus,
1173 636 1398 716 Filliucci,

68 727 318 812 Castropal,
342 726 704 793 salmanticenses
727 728 790 792 etc.
815 730 934 810 putant
950 724 1121 791 etiamtum
1145 747 1277 792 menon
1294 726 1400 793 tenori

68 818 155 900 lege,
180 820 342 901 quatenus
362 815 586 882 ecclesiastica
608 835 666 880 seu
689 815 832 880 humana
856 819 917 893 est,
941 814 970 879 si
992 814 1075 880 alias
1097 835 1194 898 quam
1217 836 1277 899 per
1298 815 1401 900 privi-

67 907 194 990 legium
209 906 317 989 legem
333 904 468 988 implero
488 925 553 970 non
573 904 706 989 possim,
731 904 890 986 siquidem
905 903 1113 987 privilegium
1130 906 1225 970 detur
1241 907 1279 969 ut
1293 904 1399 983 favor,

68 1017 137 1060 non
169 998 207 1060 ut
240 1016 330 1060 onus.
377 994 429 1058 En
459 993 562 1059 verba
594 994 626 1060 S.
651 991 889 1076 Alphonsi:
927 992 1048 1071 ,Recte
1079 996 1190 1058 autem
1220 994 1317 1061 docet
1348 993 1401 1059 hio

69 1084 349 1160 Busenbaum,
374 1087 410 1149 et
432 1086 483 1148 est
506 1102 675 1148 commune
700 1131 774 1158 ...‚
799 1081 886 1165 quod
904 1081 1029 1147 habens
1043 1082 1250 1165 privilegium
1266 1082 1401 1149 oratorii

68 1194 136 1239 non
160 1177 293 1239 tenetur
316 1171 518 1237 sacerdotem
543 1171 733 1248 conducere,
758 1174 796 1237 ut
818 1170 952 1236 Missam
975 1171 1046 1255 ipse
1069 1171 1192 1239 audiat.
1228 1171 1292 1237 Sed
1313 1171 1400 1253 quid,

69 1262 99 1328 si
123 1261 228 1327 Missa
250 1261 315 1327 iam
339 1261 468 1328 dicatur
491 1261 597 1343 gratis
619 1260 674 1325 vel
697 1259 795 1325 facile
817 1260 923 1342 gratis
946 1259 1060 1325 haberi
1081 1260 1210 1344 possit?
1248 1260 1400 1340 Suarez,

68 1351 229 1429 Merol,
259 1350 417 1425 Eccob,
449 1348 590 1416 Pelliz.
622 1352 700 1424 otc,
730 1348 1091 1415 Salmanticenses
1121 1371 1193 1416 cum
1225 1349 1400 1428 Filliuc,

69 1440 166 1518 Pal,
191 1439 317 1505 Trull.
342 1442 462 1522 putant
484 1439 590 1504 adhuc
613 1459 678 1504 non
701 1438 807 1504 teneri
830 1438 965 1504 Missam
996 1439 1125 1518 audire,
1158 1439 1185 1503 si
1217 1438 1300 1505 alias
1329 1443 1403 1505 erat

70 1532 266 1607 excusatus,
298 1528 374 1612 quia
402 1527 610 1612 privilegium
640 1527 739 1593 datur
768 1532 805 1593 ut
834 1526 943 1606 favor,
974 1549 1040 1592 non
1068 1531 1107 1594 ut
1137 1549 1235 1606 onus;
1266 1532 1301 1594 ot
1329 1528 1402 1594 ideo

70 1639 169 1683 nemo
199 1621 332 1684 tenetur
360 1617 409 1682 uti
438 1617 610 1700 privilegio
640 1637 716 1694 suo;
747 1636 823 1681 nam
853 1616 951 1683 aliter
979 1616 1186 1700 privilegium
1210 1618 1404 1684 redderetur

69 1727 259 1791 gravosum.
299 1705 504 1772 Probabilius
527 1710 638 1772 tamen
661 1726 734 1771 eum
758 1705 864 1771 teneri
887 1705 999 1771 dicunt
1022 1706 1181 1773 Contin.
1206 1706 1402 1790 Tournely

70 1801 107 1862 et
130 1794 314 1861 Lacroix
338 1816 410 1860 curn
428 1795 556 1878 Lugo,
577 1794 772 1872 Tambur,
798 1798 832 1861 et
848 1795 1069 1873 communiori,
1086 1801 1124 1862 ut
1140 1797 1268 1863 asserit.
1304 1797 1403 1862 Ratio

70 1888 134 1962 est,
160 1884 246 1967 quia,
270 1884 348 1950 licet
366 1905 431 1949 non
447 1888 601 1950 teneatur
622 1884 759 1967 quisquo
782 1883 830 1949 uti
853 1883 1025 1968 privilegio
1048 1905 1118 1963 suo,
1142 1889 1276 1951 tenetur
1290 1890 1402 1951 tamon

70 1973 267 2040 satisfacere
289 1976 476 2058 praecepta
502 1972 577 2037 dum
601 1976 712 2057 potest
735 1972 804 2036 sine
827 1973 964 2038 notabili
986 1973 1199 2041 incommodo,
1246 1976 1291 2041 Et
1317 1975 1403 2040 idem

71 2063 245 2129 dicendum
268 2067 348 2147 puto
372 2083 445 2128 oum
470 2062 627 2128 Contin.
653 2061 877 2145 Tourncly,
911 2062 939 2127 si
962 2063 1088 2128 modico
1111 2063 1274 2148 stipendio
1296 2065 1402 2148 possis

73 2153 256 2219 conducere
283 2152 497 2227 sacerdotem,
522 2151 599 2233 quia
623 2151 759 2233 quisque
788 2154 921 2217 tenetur
950 2153 1023 2216 levo
1052 2152 1124 2236 pati
1152 2153 1401 2232 incommodum,

70 2245 110 2308 ut
132 2245 311 2326 praecepto
334 2240 548 2307 satisfaciat.“

164 2346 287 2425 Quibus
310 2346 535 2424 consideratis,
566 2345 594 2411 si
624 2345 656 2410 in
688 2345 910 2427 frequentiore
934 2346 1107 2413 omissione
1135 2347 1226 2413 Sacri
1249 2347 1402 2414 uoniam

71 2437 145 2502 sola
168 2437 225 2502 lex
248 2436 480 2513 ecclesiastica,
505 2435 562 2501 sed
586 2434 788 2517 aliquantum
813 2434 911 2501 etiam
936 2436 1008 2519 ipsa
1030 2437 1086 2501 lex
1109 2436 1221 2503 divina
1246 2437 1279 2502 in
1303 2457 1403 2519 quae-

71 2526 215 2591 stionem
239 2525 340 2604 vonit,
365 2525 421 2589 vix
446 2546 518 2590 eum
542 2525 583 2589 ab
608 2524 694 2589 omni
718 2524 814 2607 culpa
837 2544 1039 2603 excusarem,
1064 2526 1128 2607 qui,
1159 2526 1187 2590 si
1216 2526 1287 2592 sine
1316 2547 1402 2592 novo

70 2615 277 2680 incommodo
293 2614 407 2699 possit,
432 2612 605 2697 privilegio
621 2613 735 2679 sacelli
751 2612 817 2677 iam
833 2614 993 2680 exstructi
1016 2636 1080 2680 non
1097 2618 1256 2683 uteretur.
1291 2615 1401 2681 Nolim

71 2709 185 2771 tamen
210 2703 318 2769 dicere
340 2706 475 2788 ainpulia
490 2704 610 2768 vicibus
634 2723 707 2768 eum
730 2723 767 2767 re
790 2723 871 2768 vera
886 2704 1067 2786 obligatum
1088 2725 1169 2783 esse,
1194 2708 1231 2769 ut
1254 2709 1403 2771 uteretur

72 2793 197 2859 sacello
221 2792 408 2868 domestico,
439 2793 466 2856 si
496 2791 530 2855 in
560 2791 699 2857 ecclesia
728 2791 895 2857 celebrare
919 2813 1055 2876 eamque
1086 2794 1176 2859 adire
1203 2794 1403 2878 impossibile

72 2887 157 2948 erat.
192 2881 372 2947 Laudabile
388 2902 467 2947 sane
483 2902 547 2946 non
564 2885 638 2946 erat
653 2901 806 2963 umquam
826 2882 961 2947 Sacrum
977 2881 1145 2959 omitters;
1169 2882 1268 2949 immo
1284 2883 1402 2966 agendi

72 2971 160 3037 ratio
176 2971 334 3036 Dorothei
357 2991 431 3035 eum
447 2970 578 3036 videtur
594 2991 732 3052 arguere
747 2969 830 3035 satis
851 2992 992 3053 magnae
1007 2971 1237 3055 neglegentiae
1261 2976 1295 3039 et
1317 2973 1402 3057 tepi-

72 3059 189 3127 ditatis
212 3060 245 3124 in
269 3061 358 3126 cultu
382 3059 501 3125 divino.

166 3180 206 3247 R.
232 3184 262 3247 3.
302 3180 415 3257 Quoad
439 3185 573 3248 alterum
597 3201 708 3245 casum
725 3180 878 3245 Claudius
901 3181 971 3246 sine
994 3181 1090 3247 dubio
1113 3181 1280 3267 peccavit;
1305 3182 1402 3248 immo
1413 3189 1462 3243 131

73 3270 208 3337 difficile
240 3274 292 3336 ost
314 3270 414 3336 etiam
438 3269 652 3335 subiectivam
675 3269 896 3351 ignorantiam
920 3270 1103 3349 admittere,
1129 3292 1193 3354 qua
1216 3277 1400 3338 excusetur.

72 3360 138 3427 Per
154 3359 413 3444 acceptationem
431 3359 516 3424 enim
541 3363 575 3424 st
597 3379 690 3423 usum
707 3358 870 3443 privilegii
894 3381 914 3424 a
937 3360 1105 3443 superiore
1121 3381 1178 3425 seu
1201 3360 1273 3445 ipso
1290 3361 1402 3427 ordine

72 3449 199 3516 tactam
232 3470 291 3533 pro
326 3448 463 3532 siugulis
498 3447 660 3532 religiosis
690 3449 868 3514 oratorium
902 3449 967 3514 iam
997 3448 1121 3515 factum
1153 3453 1204 3516 est
1235 3450 1402 3533 legitimus

72 3539 174 3614 locus,
200 3558 263 3620 quo
286 3537 414 3622 possint
436 3537 489 3602 vel
520 3537 662 3603 debeant
690 3541 867 3620 praecepta
891 3536 1001 3603 divina
1030 3544 1064 3604 et
1094 3538 1318 3606 ecclesiastica
1341 3540 1401 3605 im-

72 3628 174 3712 plere.
222 3625 323 3692 Immo
347 3648 389 3692 ne
411 3626 526 3692 liceret
549 3626 677 3709 quidem
702 3625 885 3707 generatim
908 3626 1083 3710 superiori,
1114 3628 1277 3712 privilegii
1307 3651 1401 3694 usum

73 3715 274 3800 suspendere
298 3720 397 3799 atque
413 3737 525 3781 omnes
548 3737 626 3781 suos
641 3715 789 3781 subditos
804 3715 936 3781 mittere
959 3716 992 3781 in
1016 3717 1138 3794 urbem,
1163 3739 1226 3799 quo
1242 3718 1402 3801 impleant

73 3804 298 3872 ecclesiastica
312 3810 505 3889 praecepta;
530 3804 688 3887 siquidem
704 3803 737 3868 id
753 3803 840 3870 foret
856 3810 971 3871 contra
987 3805 1129 3887 quietern
1148 3810 1183 3871 et
1198 3807 1402 3891 disciplinam

72 3893 273 3977 religiosam,
298 3915 394 3976 quarn
426 3894 481 3960 SS.
505 3893 680 3960 Pontifices
710 3894 916 3959 concedendo
946 3894 1025 3960 illud
1055 3894 1259 3978 privilegium
1287 3896 1402 3964 fovere

72 3984 258 4049 voluerunt.
294 3982 411 4062 Quare,
436 3983 498 4050 etsi
521 3983 553 4047 in
578 3982 768 4066 particulari
791 4004 870 4048 casu
894 3984 1042 4068 superior
1065 3985 1161 4050 alicui
1177 3985 1307 4052 subdito
1326 4008 1401 4070 per·

73 4073 208 4140 mittere
230 4076 357 4156 potest,
388 4076 425 4137 ut
454 4072 549 4137 domo
573 4077 672 4138 exeat
702 4077 736 4139 et
766 4071 799 4136 in
829 4073 969 4139 ecclesia
998 4073 1087 4138 urbis
1111 4074 1246 4140 Missam
1270 4077 1399 4154 audiat;

72 4167 186 4230 tamen
216 4163 366 4245 negando
397 4161 562 4228 licentiam
595 4160 735 4226 exeundi
767 4161 868 4228 tacite
900 4161 1038 4245 imponit
1068 4162 1138 4248 ipse
1168 4165 1400 4247 obligationem

72 4255 251 4335 praecepto
274 4250 495 4317 ecclesiastico
525 4249 559 4315 in
588 4250 709 4316 sacello
733 4250 911 4316 domestico
941 4251 1173 4318 satisfaciendi.
1219 4252 1400 4318 Procurare

73 4341 177 4419 enim,
208 4344 246 4406 ut
275 4339 396 4406 subditi
424 4344 602 4424 praecepto
632 4338 679 4409 illi
709 4339 901 4406 satisfacere
932 4341 1076 4424 possint,
1109 4341 1211 4426 ipsius
1243 4341 1399 4422 obligatio

72 4434 125 4497 est
147 4429 271 4512 gravia.

163 4552 202 4619 R.
223 4555 253 4618 4.
292 4551 384 4617 Circa
407 4573 499 4616 usum
523 4549 697 4635 privilegii,
722 4549 756 4614 vi
779 4550 870 4616 cuius
893 4550 1046 4616 Claudius
1069 4552 1183 4618 babuit
1207 4551 1399 4617 facultatem
1411 4562 1462 4616 132

73 4641 257 4708 duellantes
281 4644 316 4707 et
338 4640 613 4706 francomurarios
635 4639 827 4705 absolvendi
851 4662 871 4706 a
894 4659 1048 4705 censura:
1072 4640 1254 4723 generatim
1271 4638 1401 4723 quidem

126 4752 294 4801 Lebmkuhl,
308 4752 380 4795 casua
394 4751 553 4797 conscientiae.
580 4752 598 4796 1.
1170 4748 1187 4800 5
