3106 5168
446 254 600 311 Voluntarii
619 255 775 309 obstacula:
794 259 1013 325 concupiscentie.
1354 261 1394 324 15

70 430 316 516 oppositionem,
341 451 439 513 quam
463 434 579 496 contra
601 431 717 509 Deum,
742 431 861 516 quippe
885 453 980 514 quem
1005 453 1183 516 agnoscere
1202 432 1293 509 nolit,
1319 454 1395 498 con·

70 521 159 587 111119
175 519 273 602 gerit.
309 519 399 597 Quae
416 519 576 604 oppositio
601 525 635 585 et
650 519 820 586 inimicitia
835 525 886 587 est
908 544 1072 608 experiere
1087 544 1142 587 suo
1165 521 1395 605 gravissimum

70 610 154 693 quod
179 608 319 692 cogitari
342 609 446 692 possit
469 614 650 693 peccatum.

158 706 211 772 Ad
227 705 394 772 Claudium
411 706 544 789 eiusque
560 705 660 771 animi
675 710 799 773 statum
816 707 953 791 applica,
978 707 1064 790 quod
1087 707 1189 774 habes
1212 728 1254 772 ex
1273 707 1359 773 thesi
1376 710 1395 772 2

68 796 107 862 ab
135 794 326 861 Alexandro
349 795 428 860 VIII
458 796 649 861 damnatum
679 795 720 860 de
749 802 885 880 peccato
915 796 1153 881 philosophico,
1184 797 1277 880 qnasi
1307 800 1396 862 esset

69 884 198 968 quidem
231 888 286 966 ,in
317 886 371 950 ilio
401 888 457 971 qui
486 886 590 950 Deum
619 888 667 950 cel
695 889 823 968 ipnorm
853 889 898 952 vel
928 888 968 951 de
991 887 1056 952 Deo
1087 894 1159 952 octa
1188 908 1252 952 oon
1282 890 1396 971 copitct

66 997 163 1059 praee
180 982 357 1059 peccatum,
380 976 437 1039 aed
459 996 522 1040 non
546 974 668 1057 offensa
684 976 756 1056 Dei,
781 997 879 1060 neque
898 983 1061 1060 peccatum
1076 976 1207 1040 rnoeiole
1224 977 1396 1041 dissolvens

69 1065 244 1128 amicitiam
267 1064 339 1145 Dei,
364 1085 463 1148 neque
486 1071 616 1129 aeterne
637 1086 739 1149 poena
765 1063 929 1148 dignum“.

157 1176 243 1242 Hinc
266 1176 332 1242 iam
355 1196 401 1240 111
425 1197 617 1252 9111911111
638 1179 677 1241 2¹¹¹
700 1176 739 1242 R.
759 1180 787 1244 1.
802 1166 807 1175 ’
823 1177 965 1243 Peccata
981 1176 1105 1242 Claudii
1122 1182 1198 1242 sunt
1214 1176 1438 1243 certissimeta

69 1270 207 1331 aeterna
229 1286 335 1349 poena
358 1264 467 1348 digna,
493 1269 527 1330 et
550 1267 726 1331 secundum
750 1265 869 1348 dogma
885 1265 1108 1343 christianum,
1133 1266 1196 1330 nisi
1211 1266 1394 1350 resipuerit,

69 1359 206 1421 aeterna
229 1375 334 1438 poena
356 1374 393 1419 re
417 1374 497 1419 vera
519 1355 654 1428 luenda:
688 1376 764 1420 nam
787 1376 830 1420 ex
853 1355 972 1421 Marc.
999 1358 1049 1432 16,
1075 1358 1114 1420 16
1141 1358 1216 1442 ,qai
1238 1378 1308 1421 vero
1331 1379 1395 1420 eon

68 1444 250 1522 crediderit,
282 1443 565 1509 condemnabitur“
591 1448 625 1509 91
656 1465 697 1509 ex
727 1444 779 1510 Io.
805 1447 836 1521 3,
863 1446 902 1509 18
936 1448 1021 1526 „iam
1044 1446 1207 1510 iudicatus
1238 1452 1294 1529 eei,
1318 1447 1394 1530 quio

68 1555 130 1598 aon
155 1535 257 1598 credit
287 1535 322 1597 in
353 1536 479 1598 nomine
501 1536 659 1617 9119911111·
683 1534 760 1598 Filii
783 1533 877 1598 Dei‘.
923 1533 1045 1598 Peccat
1074 1533 1175 1616 igitur
1198 1532 1293 1598 modo
1317 1554 1395 1598 vere

68 1621 252 1705 imputabili
267 1625 403 1705 peccato
418 1621 631 1701 infidelitatis,
644 1622 865 1706 blasphemiae
877 1621 1014 1705 aliisque
1028 1623 1173 1707 peccatis
1185 1643 1268 1705 qnae
1281 1626 1395 1689 contra

69 1711 232 1776 dictamen
256 1710 394 1776 rationis
417 1711 625 1777 commiserit.

157 1817 197 1881 R.
223 1818 253 1882 2.
300 1815 391 1893 Quod
416 1816 568 1882 Claudius
598 1817 682 1884 ludit
710 1815 828 1900 impius
858 1838 930 1882 cum
955 1818 1121 1883 axiomate
1149 1817 1229 1882 iuris
1252 1818 1395 1896 humani,

69 1927 142 1970 eum
176 1926 240 1970 non
274 1906 366 1971 iuvat
398 1905 485 1989 apud
516 1908 630 1972 Deum.
686 1905 800 1982 Quoad
831 1906 921 1989 leges
953 1907 1112 1973 humanas
1143 1907 1310 1991 probabile
1345 1913 1396 1973 est

67 2014 218 2078 poenam,
243 2015 327 2077 quae
350 1994 465 2059 iudicis
489 1995 686 2060 sententiam
717 1999 753 2060 nt
776 1995 959 2079 applicetur
981 2017 1046 2061 non
1075 1995 1231 2077 requirat,
1259 2017 1323 2061 non
1346 1996 1396 2062 in·

68 2084 154 2148 curri
179 2083 221 2149 ab
246 2103 295 2161 eo,
319 2084 374 2166 qni
397 2085 504 2166 legem
520 2084 651 2166 quidem
673 2083 745 2160 scit,
770 2084 873 2150 nescit
891 2106 1039 2169 poenam,
1064 2085 1193 2167 quando
1217 2107 1321 2168 poena
1345 2090 1396 2151 est

71 2172 306 2254 ,gravissima“
337 2174 387 2238 vel
412 2173 495 2238 alias
519 2172 815 2251 ,extraordinaria“
838 2173 883 2255 (S.
901 2173 1017 2257 Alph.
1035 2174 1059 2251 Ι,
1078 2177 1140 2241 169
1166 2181 1200 2241 91
1216 2175 1287 2252 VII,
1306 2177 1394 2257 351).

67 2261 191 2326 Verum
216 2261 297 2327 haec
321 2263 363 2327 ad
386 2263 666 2344 transgressiones
683 2266 798 2328 contra
815 2262 923 2345 legem
939 2263 1248 2330 divino-naturalem
1265 2264 1395 2329 trahere

64 2350 202 2434 impium
222 2357 256 2417 et
280 2351 456 2416 absurdum
473 2355 534 2428 eet,
558 2351 732 2434 praecipue
749 2372 821 2416 cum
839 2351 1001 2418 innostro
1018 2373 1096 2418 casn
1112 2358 1232 2435 agatur
1247 2352 1287 2418 de
1303 2352 1395 2435 igno·

66 2440 178 2506 nantia
201 2440 345 2504 maxime
369 2439 531 2523 culpabili,
556 2441 654 2506 immo
678 2461 790 2505 crassa
813 2445 847 2506 et
870 2443 1036 2507 affectata.

508 2647 881 2715 CONCUPISOIINTIA
905 2648 958 2731 (1).

642 2795 753 2863 Casus.
780 2804 821 2872 (9)

157 2930 347 2998 Bertramue,
376 2928 482 2986 indolis
504 2929 591 2987 valde
612 2929 788 2999 iracundae,
813 2947 879 2988 eum
901 2929 1016 2989 obviam
1040 2931 1162 2989 haberet
1183 2929 1348 3002 inimicum,
1378 2951 1396 2990 a

65 3028 124 3085 qno
144 3009 278 3083 graviter
293 3009 424 3067 offensus
439 3015 512 3079 erat,
535 3008 670 3068 districto
691 3010 820 3085 pugione
841 3011 872 3069 in
893 3010 974 3069 illum
996 3010 1097 3080 irruit;
1120 3029 1189 3068 mox
1210 3011 1312 3084 gravis
1334 3030 1394 3070 sce·

64 3090 138 3149 laris
160 3089 217 3147 eibi
240 3089 375 3148 conscius
396 3091 434 3147 ab
455 3107 490 3147 9ο
511 3089 627 3147 veniam
649 3091 732 3165 petit.

157 3169 249 3239 Idem,
272 3169 319 3245 qui
335 3169 384 3227 diu
404 3169 539 3228 luxuriae
561 3169 677 3228 deditus
699 3171 805 3240 fuerat,
826 3190 904 3228 nunc
927 3171 1042 3245 quidem
1063 3170 1296 3228 emendationem
1317 3170 1394 3229 serio

64 3250 238 3327 proposuit,
263 3250 314 3308 sed
336 3249 459 3326 impuris
479 3250 646 3326 phantasiis
668 3270 757 3326 saepe
778 3251 808 3308 in
831 3250 1056 3309 delectationem
1076 3269 1226 3326 pravaque
1249 3251 1394 3310 desideria

65 3331 210 3406 abreptus
232 3330 305 3388 satis
328 3329 376 3387 diu
404 3329 462 3387 illis
491 3330 641 3400 inhaeret,
671 3349 736 3388 cum
757 3330 875 3388 tandem
898 3331 1015 3389 divinae
1037 3331 1167 3389 offensae
1192 3336 1221 3389 91
1241 3332 1394 3406 gehennae

64 3429 179 3469 memor
200 3410 238 3467 ad
260 3409 423 3468 orationem
445 3410 584 3484 confugit.

157 3489 288 3548 Minimis
320 3489 408 3547 etiam
435 3490 524 3549 rebus
552 3489 646 3566 iisque
676 3489 909 3549 indifferentibus
938 3495 967 3548 91
994 3490 1051 3566 piis
1079 3490 1205 3568 turpiter
1232 3491 1393 3562 excitatum

64 3589 158 3647 quare
179 3569 240 3628 iam
260 3570 349 3628 anxie
371 3569 500 3644 quaerit,
529 3589 598 3628 num
626 3569 671 3627 his
701 3569 834 3629 omnibus
856 3570 1005 3630 abstinere
1027 3571 1148 3644 debeat,
1176 3592 1213 3631 na
1241 3579 1394 3648 peecatum

65 3650 234 3709 committat
255 3650 354 3708 eiueve
375 3649 507 3725 periculo
529 3669 561 3708 se
584 3654 721 3726 exponat.

65 3756 247 3827 Qusnmrun
270 3759 298 3814 1⁰
324 3755 391 3831 quid
413 3755 448 3813 de
474 3755 715 3831 concupiscentia
743 3761 830 3833 atque
859 3757 922 3816 eius
944 3757 1056 3816 influxu
1077 3758 1108 3816 in
1130 3758 1261 3818 actiones
1283 3778 1394 3817 earum·

323 3855 378 3910 que
399 3836 665 3912 imputabilitateni.

268 3927 299 3982 2ο
323 3924 391 3999 qnid
413 3925 448 3983 de
471 3925 594 4000 singulis
617 3925 764 3984 Bartrami
787 3926 905 3985 casibus
927 3926 1089 3987 dicendum.

667 4107 801 4174 Salutio.

158 4244 212 4307 An
235 4262 426 4317 onnnsrrun
453 4247 489 4306 1¹¹¹
512 4242 550 4307 R.
571 4246 598 4307 1.
635 4241 903 4325 Concupiscentia
927 4247 978 4307 est
1001 4243 1168 4326 appetitus
1191 4243 1266 4308 boni
1289 4244 1436 4314 sensi-30

64 4331 151 4408 bilis,
177 4351 241 4395 non
258 4331 437 4405 rationalis,
462 4332 481 4395 i.
500 4352 526 4396 e.
545 4330 600 4412 qni
623 4329 737 4394 nonin
762 4334 934 4416 cognitione
956 4330 1013 4408 rei,
1038 4332 1094 4396 sed
1112 4333 1143 4395 in
1160 4331 1393 4415 imaginatione

65 4421 143 4486 boni
175 4426 210 4485 et
239 4419 316 4484 mali
347 4419 518 4495 fundatum
551 4419 668 4485 latiore
698 4440 795 4484 sensu
828 4441 891 4485 non
921 4421 1026 4485 solum
1059 4421 1098 4485 de
1129 4422 1203 4485 boeti
1232 4420 1392 4485 sensibilis

65 4508 217 4594 appetitu
243 4509 369 4587 dicitur,
400 4509 581 4575 sedetiam
606 4508 645 4572 de
673 4508 863 4593 appetentia
885 4510 1040 4574 bonorum
1065 4507 1391 4592 qnasi-spiritualium

65 4598 202 4664 secundi
226 4598 357 4672 ordinis,
382 4604 419 4664 ut
441 4597 582 4673 honoris,
607 4598 725 4675 famae,
750 4601 888 4663 naturae
909 4598 1078 4676 commodi,
1103 4603 1180 4663 ante
1205 4604 1239 4663 et
1261 4600 1393 4681 praeter
