3106 5168
281 298 435 353 l'ranslatio
453 298 504 352 iur.
524 316 549 368 p.
568 302 725 352 contractus
742 328 777 336 -
795 301 911 352 mnditia
929 303 1020 368 reique
1033 302 1160 368 mlum.
1317 304 1380 368 447

58 476 183 542 iustum
205 475 337 541 titulum
362 475 492 541 affectio
515 475 589 554 illa,
619 496 684 558 qua
713 475 783 560 ipse
806 475 957 542 venditor
980 497 1060 558 erga
1083 498 1151 542 rem
1176 482 1323 555 tenetur,
1354 477 1382 543 si

60 564 268 629 nihilominus
291 569 420 648 emptor
441 563 583 640 insistat,
608 570 645 631 nt
667 564 729 630 sibi
752 585 805 630 res
828 565 999 632 vendatur.

151 653 243 719 Adeo
265 674 386 735 magna
409 653 511 736 igitur
533 653 718 720 differentia
739 653 827 719 inter
842 654 973 720 diversa
994 654 1102 737 pretia
1124 655 1157 719 in
1181 654 1278 720 rebus
1301 655 1383 720 arti·

59 742 222 808 ficialibus
251 763 293 807 ex
323 742 395 808 sola
423 743 597 808 affectione
626 743 785 826 explicari
817 748 852 809 et
881 743 969 808 iusta
998 742 1159 809 declarari
1182 743 1239 808 vix
1262 749 1381 827 potest.

60 834 219 898 Attamen
243 830 276 895 in
300 831 339 896 iis
361 831 459 896 rebus
483 853 538 896 ars
567 835 601 897 et
630 832 762 897 affectio
794 832 967 915 peculiaris
990 852 1089 916 saepe
1111 833 1305 909 miscentur;
1330 838 1382 899 ut·

59 942 124 1003 qne
147 921 195 986 ita
217 922 265 998 fit,
290 925 327 986 ut
349 919 431 985 haec
454 921 641 986 aestimatio
656 921 782 986 afficiat
797 925 902 1006 ipsam
916 944 984 986 rem
1006 923 1205 987 vendendam
1220 942 1280 986 seu
1303 942 1382 987 ven·

59 1009 158 1076 ditori
182 1009 375 1075 facultatem
398 1009 523 1075 tribuat
544 1009 648 1093 pluris
671 1031 738 1074 rem
767 1010 944 1088 vendendi,
968 1030 1066 1093 qnam
1093 1010 1163 1094 ipse
1186 1031 1257 1076 eam
1282 1011 1382 1076 aeeti-

57 1097 210 1165 maverit.

150 1186 272 1264 Quibus
305 1186 535 1264 consideratis,
576 1187 693 1269 agendi
723 1187 809 1252 ratio
833 1186 937 1253 Crusii
961 1208 1025 1253 non
1048 1193 1160 1271 potest
1194 1192 1284 1254 certo
1319 1188 1381 1254 dici

58 1276 198 1352 iniusta,
234 1295 339 1357 neque
374 1275 593 1341 confessarius
626 1276 657 1340 ei
687 1275 853 1359 imponere
882 1280 994 1360 potest
1028 1277 1270 1342 restitutionem
1301 1297 1381 1359 erga

58 1364 253 1440 Arminium,
278 1364 450 1430 dummodo
473 1364 622 1430 fraudem
646 1369 761 1430 contra
783 1364 874 1430 illum
897 1387 960 1431 nou
985 1365 1193 1432 commiserit.

150 1455 253 1518 Immo
285 1453 351 1519 alia
380 1453 513 1537 insuper
542 1454 628 1520 ratio
660 1453 858 1519 considerari
888 1455 1001 1532 debet,
1034 1476 1118 1537 qnae
1150 1454 1256 1538 magis
1279 1454 1379 1520 etiam

59 1543 208 1608 Crusium
240 1547 351 1626 potest
383 1563 552 1608 excusare.
610 1543 676 1608 Res
709 1543 896 1609 artificiales
928 1548 1080 1610 vetustae
1118 1543 1151 1608 in
1190 1543 1383 1610 collectione

59 1633 188 1715 positae
211 1631 366 1696 maiorem
391 1652 489 1715 saepe
513 1632 659 1697 valorem
681 1632 814 1708 habent,
839 1632 980 1715 quamsi
1003 1632 1152 1715 singulae
1176 1633 1383 1698 consideran·

59 1727 123 1787 tur.
161 1721 366 1804 Quapropter
389 1720 416 1785 si
440 1721 472 1785 id
495 1721 528 1785 iu
552 1726 665 1787 nostro
689 1742 766 1786 casu
790 1722 932 1797 obtinet,
966 1721 1082 1787 mirum
1106 1743 1171 1787 non
1194 1727 1246 1788 est
1268 1721 1381 1788 Grusio

61 1830 102 1874 ne
128 1831 186 1892 pro
211 1811 298 1875 2000
322 1830 383 1874 mc.
408 1809 537 1891 quidem
568 1830 696 1875 crucem
727 1809 816 1874 illam
841 1811 990 1875 venalem
1022 1831 1112 1888 esse,
1144 1812 1205 1876 etsi
1231 1813 1296 1877 500
1320 1833 1381 1878 mc.

58 1903 191 1965 tantum
215 1918 274 1981 pro
298 1918 338 1963 ea
360 1898 506 1964 solverit.

424 2116 636 2182 VENDITIO
662 2116 745 2182 SUB
768 2116 915 2182 HASTA
943 2117 1012 2199 (Ι).

614 2265 725 2344 dasne.
753 2271 829 2340 (274)

150 2397 338 2475 cauepodius
365 2398 472 2457 statuit
499 2399 613 2476 copiam
641 2417 738 2457 rerum
766 2399 915 2457 venalium
943 2400 998 2458 sub
1023 2398 1112 2458 hasta
1131 2398 1268 2457 vendere.
1310 2398 1381 2458 (lum

58 2483 252 2539 observasset
272 2478 386 2555 aliquos
401 2483 548 2555 emptores
563 2479 665 2538 oculos
679 2479 709 2537 iu
724 2484 823 2538 certae
836 2498 885 2538 res
899 2479 1073 2549 coniecisse,
1095 2480 1237 2538 subornat
1260 2478 1380 2551 amicos,

58 2559 108 2636 qui
130 2560 270 2618 studeant
290 2559 393 2617 harum
414 2578 511 2617 rerum
533 2559 659 2636 pretium
681 2578 806 2635 angere;
828 2579 860 2618 se
879 2578 986 2618 cavere
999 2560 1086 2630 velle,
1108 2560 1135 2619 ei
1155 2560 1233 2618 forte
1249 2559 1381 2619 venditio

58 2641 183 2699 haereat
203 2641 234 2698 in
255 2638 350 2716 pretio
372 2640 505 2698 ultimum
526 2642 564 2698 ab
585 2640 659 2717 ipsis
681 2640 795 2710 oblato;
823 2639 853 2697 in
875 2659 933 2715 quo
961 2659 1032 2699 casu
1059 2659 1093 2698 se
1119 2646 1225 2716 postea
1244 2640 1313 2700 illas
1332 2659 1382 2700 ree

57 2721 154 2779 denuo
182 2721 265 2779 aleae
293 2719 505 2778 submissurum
527 2739 601 2779 esse.
643 2721 703 2778 Res
731 2722 806 2779 bene
832 2720 981 2790 succedit,
1009 2725 1097 2796 atque
1117 2719 1305 2798 (tallepodius
1332 2740 1382 2780 res

58 2801 135 2859 istas
157 2800 251 2876 pretio
273 2799 361 2876 duplo
382 2800 492 2858 maiore
513 2801 623 2871 vendit,
646 2801 727 2859 lucro
750 2803 808 2860 500
829 2820 1003 2860 marcarum.

58 2904 289 2974 0000010001ο
314 2904 448 2980 possitne
471 2910 501 2963 et
522 2905 638 2980 quando
666 2905 808 2964 committi
836 2906 982 2965 iniustitia
1009 2905 1039 2964 in
1061 2906 1195 2982 augendo
1217 2906 1265 2965 vel
1287 2906 1382 2984 depri-

313 2985 418 3043 mendo
439 2985 533 3061 pretio
554 2985 585 3043 in
605 2984 777 3045 licitatione.

257 3076 288 3131 2⁰
313 3075 350 3133 ad
372 3074 439 3150 quid
460 3074 491 3132 in
513 3093 585 3132 caen
605 3079 708 3134 nostro
729 3074 917 3150 Callepodius
939 3078 1085 3134 teneatur.

653 3256 787 3323 Solutio.

150 3391 409 3466 docueramus
429 3389 519 3456 1¹²R.
540 3394 568 3456 l.
600 3389 765 3455 iniustitia
788 3388 947 3456 committi
970 3393 1081 3473 potest
1103 3409 1184 3472 erga
1206 3391 1379 3473 emptores.
1390 3398 1443 3454 882

58 3480 153 3558 Quod
175 3482 229 3556 fit,
254 3479 281 3544 si
305 3482 338 3544 in
364 3501 501 3544 errorem
524 3480 723 3544 inducuntur
747 3478 834 3544 circa
856 3500 910 3543 res
934 3478 1067 3543 venales
1091 3499 1267 3560 earumque
1290 3477 1382 3543 boui-

58 3573 166 3637 tatem
190 3574 223 3635 et
246 3568 408 3643 valorem;
438 3569 489 3633 vel
512 3567 583 3633 fieri
606 3572 731 3652 potest,
756 3567 784 3633 si
806 3567 1043 3652 impediuntur,
1068 3568 1239 3650 quominus
1262 3567 1317 3632 ille
1340 3588 1382 3632 ex

58 3657 271 3742 emptoribus,
296 3657 351 3740 qui
375 3658 448 3739 plus
472 3658 600 3735 obtulit,
624 3680 693 3722 rem
717 3679 752 3723 re
776 3678 856 3723 vera
879 3656 1030 3740 accipiat.

150 3764 189 3832 R.
215 3766 246 3830 2.
292 3762 478 3828 Subducere
501 3762 643 3844 aliquam
673 3784 743 3828 rem
767 3762 888 3840 exiis,
920 3782 1004 3844 qnae
1034 3761 1099 3827 iam
1123 3761 1258 3827 venales
1282 3783 1382 3846 expo·

60 3853 148 3920 sitae
172 3855 276 3929 erant,
301 3850 330 3916 si
353 3872 394 3916 ex
417 3852 552 3934 antiqno
568 3851 638 3917 iure
662 3873 714 3917 res
739 3851 942 3928 diiudicatur,
967 3850 1098 3916 videtur
1113 3850 1269 3917 iniustum
1292 3872 1380 3917 esse:

60 3947 212 4009 attamen
243 3941 444 4006 consuetudo
474 3945 678 4006 contractum
715 3940 905 4007 licitationis
938 3940 1060 4005 liberae
1092 3940 1139 4006 sic
1171 3940 1382 4024 interpretari

58 4034 181 4116 potest,
206 4033 243 4096 ut
264 4030 298 4094 id
321 4029 437 4105 liceat;
462 4035 562 4112 atque
584 4051 700 4095 revera
724 4031 896 4095 hodiedum
911 4029 959 4096 ita
974 4029 1029 4111 agi
1045 4030 1139 4108 solet,
1164 4034 1200 4095 nt
1224 4029 1382 4106 dominus,

59 4122 88 4186 si
113 4119 219 4184 minus
243 4140 341 4201 quarn
357 4123 449 4185 certa
472 4123 553 4185 taxa
569 4121 735 4197 offeratur,
758 4141 827 4184 rem
852 4119 1001 4184 retrabat
1016 4123 1116 4201 atque
1132 4124 1234 4195 curet,
1259 4138 1300 4182 ne
1323 4118 1382 4182 ad·

59 4209 224 4275 iudicetur
254 4208 403 4275 offerenti
435 4209 574 4291 pretium
605 4209 700 4273 nimis
730 4229 877 4293 parvum.
924 4207 1067 4273 Facilius
1097 4208 1197 4274 etiam
1225 4207 1259 4272 id
1282 4227 1382 4288 agere

59 4298 189 4376 licebit,
222 4297 353 4380 quando
385 4298 586 4362 solummodo
618 4318 672 4362 res
711 4298 744 4362 in
778 4319 900 4380 genere
933 4296 1096 4362 indicatae
1126 4302 1161 4363 et
1195 4295 1382 4379 propositae

60 4387 205 4465 fuerint,
242 4408 273 4454 v.
298 4408 330 4469 g.
355 4387 485 4469 aliquod
519 4387 716 4471 emporium,
749 4388 859 4470 aliqua
889 4386 1102 4462 bibliotheoa;
1136 4406 1212 4451 narn
1245 4384 1382 4449 dominis

59 4477 193 4543 illarum
215 4497 325 4542 rerum
349 4474 460 4541 licebit
475 4497 564 4554 sane,
590 4481 766 4558 antequam
781 4476 918 4559 incipiat
941 4475 1089 4551 licitatio,
1114 4475 1241 4557 aliquas
1264 4494 1317 4537 ree
1341 4493 1383 4537 ex

60 4565 256 4634 collectione
285 4566 347 4631 sibi
375 4586 563 4643 reservare,
595 4587 651 4630 eas
675 4587 695 4630 a
718 4565 846 4630 cumulo
869 4564 1072 4630 subtrahere.
1119 4564 1167 4630 cf.
1192 4561 1340 4628 Aertni
1346 4561 1384 4644 js

58 4656 114 4724 lib.
140 4659 161 4722 3
185 4677 217 4722 n.
241 4657 306 4722 490
330 4659 365 4722 et
387 4657 462 4721 491.
