3106 5168
439 288 534 345 Status
552 289 711 358 religiosus:
733 288 861 358 religiosa
880 290 1051 344 oboedientia.
1344 294 1407 358 169

174 467 240 533 Res
262 487 326 532 non
351 470 402 533 est
424 465 510 533 tanti
533 465 700 532 momenti.
737 465 834 544 Nam,
858 465 930 531 sive
953 487 1064 532 sumas
1087 469 1286 550 potestatem
1307 467 1409 533 domi·

84 556 231 622 nativam
250 555 320 621 sive
336 556 526 640 ampliorem
541 556 633 621 illam
647 554 879 621 iurisdictionis
895 558 1095 640 potestatem
1117 555 1151 620 in
1171 556 1225 621 ΗΜ
1240 556 1408 635 Pontifice‚

84 650 164 711 note
186 645 344 730 imprimis
367 646 469 710 verba
492 643 681 711 Suarezii
704 644 725 711 1.
746 665 773 711 c.
798 666 829 710 u.
849 647 905 709 ll:
939 645 1089 723 ,Certum
1113 644 1265 712 existimo
1288 645 1410 711 habere

84 734 275 800 Pontificem
304 743 489 819 potestatem
521 733 741 818 praecipiendi
772 731 934 816 religiosis
968 733 1002 798 in
1034 754 1238 816 quacumque
1269 733 1411 800 materia

84 823 198 908 capaci
227 823 394 908 praecepti
424 826 577 907 respectu
605 822 763 901 illorum,
783 827 883 904 atque
912 822 994 888 adeo
1024 822 1058 887 in
1081 822 1168 888 omni
1191 823 1346 902 materia,
1376 823 1410 888 iu

84 934 150 995 qua
173 933 286 978 omnes
304 912 445 996 praelati
463 911 631 994 religionis
648 916 786 995 possunt
809 911 856 977 eis
878 911 1084 995 praecipere3
1108 911 1194 977 unde
1216 914 1264 990 fit,
1288 916 1325 978 ut
1347 911 1410 996 ipsi

83 1004 262 1067 teneantur
283 1002 313 1067 ei
337 1002 489 1067 oboedire
516 1000 617 1066 etiam
647 1000 735 1066 circa
758 999 1003 1085 dispositionem
1025 1000 1116 1067 vitae
1139 1000 1310 1084 regularis.
1357 1001 1410 1067 Ita

84 1092 181 1157 docet
204 1111 360 1174 expresse
390 1091 430 1156 D.
455 1090 630 1155 Thomas
659 1089 693 1154 in
724 1092 744 1154 2
769 1089 843 1156 dist.
874 1091 917 1154 48
942 1089 1016 1157 dub.
1041 1091 1111 1169 ult,
1142 1093 1176 1156 et
1203 1089 1412 1156 consentiunt

85 1181 330 1257 Caietam,
355 1178 471 1258 Soto,
494 1179 527 1244 N
534 1199 721 1245 avarrus.
843 1178 938 1245 Unde
961 1179 1001 1245 D.
1025 1179 1168 1245 Thomas
1195 1200 1259 1244 non
1282 1179 1410 1245 reducit

84 1270 169 1335 hanc
184 1272 385 1352 potestatem
402 1267 444 1334 ad
459 1267 678 1334 voluntariam
694 1267 938 1345 subiectionem,
963 1267 1021 1332 sed
1036 1269 1078 1334 ad
1094 1288 1281 1352 supremam
1296 1268 1411 1335 Ponti-

84 1358 155 1424 ficis
177 1357 452 1435 iurisdictionem
478 1409 537 1424 ...
562 1363 677 1441 aperte
699 1357 801 1424 sentit
830 1378 895 1422 non
925 1356 1068 1440 pendere
1094 1356 1155 1422 hoc
1179 1380 1217 1423 ee
1239 1360 1410 1424 intentione

53 1495 56 1501 ·
86 1449 303 1532 religiosorum
325 1449 517 1529 voventium,
548 1446 624 1528 quia
654 1446 758 1512 oritur
787 1466 830 1511 ex
858 1449 1026 1530 potestate
1049 1466 1070 1512 a
1092 1445 1220 1512 Christo
1244 1466 1409 1512 concessa.

86 1536 181 1602 Unde
205 1535 305 1602 etiam
328 1537 375 1613 fit,
399 1556 464 1600 non
487 1555 584 1620 posse
606 1533 797 1616 religionem
819 1533 854 1599 in
877 1534 1027 1601 Ecclesia
1049 1534 1187 1612 institui,
1212 1535 1289 1617 quin
1314 1535 1348 1600 iu
1371 1555 1412 1600 ea

86 1625 207 1690 habeut
239 1624 391 1690 Summus
422 1623 577 1691 Pontifex
606 1624 762 1689 maiorem
795 1627 995 1707 potestatem
1028 1644 1127 1706 quam
1159 1624 1296 1706 quilibet
1328 1624 1411 1690 alius

86 1715 255 1797 praelatus
278 1713 423 1779 eiusdem
446 1712 614 1796 religionis
643 1713 686 1778 ed
715 1712 979 1797 praecipiendum
1011 1711 1155 1778 inomni
1179 1713 1319 1779 materia
1341 1713 1412 1779 sine

86 1802 304 1880 distinctione,
329 1806 367 1869 ut
382 1801 461 1869 dicit
485 1803 516 1871 S.
533 1802 686 1880 Thomas,
710 1803 730 1868 i.
748 1823 776 1869 e.
800 1805 870 1867 tarn
891 1802 1077 1886 pertinente
1100 1800 1143 1867 ad
1166 1806 1291 1870 statum
1307 1803 1411 1868 eccle·

87 1891 254 1957 siasticum
279 1912 377 1974 quam
401 1892 442 1956 ad
466 1895 590 1957 etatum
613 1891 828 1974 regularem.“

175 2006 266 2071 Infra
289 2011 401 2073 tamen
423 2005 509 2070 idem
541 2005 694 2071 Sunrez
724 2027 755 2071 n.
781 2007 821 2070 13
851 2004 944 2072 addit
967 2005 1007 2071 de
1037 2005 1203 2073 sententie
1225 2006 1413 2072 affirmante

86 2095 187 2162 etiam
209 2099 411 2179 potestatem
434 2096 661 2160 dominativum
684 2094 720 2158 R¹
740 2094 925 2160 Pontificis:
954 2094 1190 2173 ,Nihilominus
1205 2116 1318 2161 veram
1343 2094 1413 2160 exi·

87 2184 184 2250 stimo
208 2183 411 2268 praedictam
433 2184 641 2249 sententiam.
688 2183 830 2248 Funderi
854 2186 963 2249 autem
987 2188 1098 2268 potest
1120 2185 1226 2268 primo
1251 2187 1286 2250 io
1309 2188 1413 2251 inten-

86 2276 169 2339 tione
191 2273 418 2356 religiosomm
433 2272 634 2338 voventium.
671 2272 848 2339 Intendunt
864 2273 950 2337 enim
965 2273 1158 2355 promittere
1174 2273 1414 2339 oboedientiam

87 2363 236 2428 omuibus
258 2361 427 2446 praelatis,
451 2383 471 2427 a
495 2361 610 2442 quibus
633 2361 727 2427 iuxta
750 2362 935 2444 regularem
952 2361 1156 2446 disciplinam
1171 2362 1242 2445 regi
1258 2367 1412 2447 possunt;

86 2451 172 2517 inter
203 2472 283 2534 quos
313 2449 451 2535 primum
481 2450 588 2515 locum
618 2454 711 2516 tenet
743 2450 775 2516 S.
800 2449 964 2517 Pontifex.
990 2504 998 2518 .
1024 2504 1031 2518 .
1057 2504 1064 2518 .
1104 2450 1252 2518 Secundo
1283 2451 1413 2517 fundari

87 2544 198 2624 potest
227 2543 263 2605 in
286 2543 443 2606 ectromate
466 2543 568 2626 ipsios
591 2542 714 2607 Sornmi
736 2541 917 2623 Pontifices,
949 2541 1003 2623 qui
1034 2539 1083 2606 ita
1113 2541 1276 2624 approbat
1298 2561 1413 2606 unem-

87 2650 249 2711 quamque
272 2628 480 2710 religionem,
513 2634 549 2695 ut
580 2650 652 2694 earn
682 2629 742 2692 sub
767 2650 845 2693 cura
868 2650 928 2694 sua
958 2633 993 2694 et
1020 2630 1202 2713 patrocinio
1226 2630 1414 2713 specialiter

87 2719 259 2802 suscipiat;
291 2717 377 2782 unde
407 2721 473 2802 ipse
505 2726 565 2799 est,
596 2721 650 2803 qui
674 2719 877 2784 traditionem
902 2726 929 2783 ct
953 2727 1022 2784 oeta
1046 2721 1265 2802 religiosorum
1286 2722 1413 2805 prioci-

86 2811 203 2892 puliter
227 2815 366 2893 occeptat
389 2809 471 2873 etc.“

176 2921 267 2998 Quod
291 2921 440 2988 ultimum
463 2921 567 2987 habeo
591 2942 649 3006 pro
673 2922 801 2987 ratione
824 2921 995 3004 potissima
1019 2927 1053 2988 et
1075 2943 1164 2989 vera.
1207 2923 1309 2987 Immo
1332 2928 1413 3006 puto

88 3014 181 3076 aliter
201 3012 274 3095 fieri
288 3033 353 3075 ooo
371 3033 464 3095 posse
488 3011 724 3094 professionem
748 3011 781 3075 in
804 3011 917 3077 ordine
934 3011 1096 3094 religioso,
1122 3011 1175 3094 qui
1192 3012 1414 3078 essentialiter

86 3101 130 3165 sit
153 3103 262 3165 status
285 3099 543 3175 ecclesiasticus,
574 3099 607 3163 in
631 3121 694 3181 quo
718 3099 891 3183 religiosus
923 3106 960 3167 ut
983 3100 1061 3165 talis
1092 3121 1129 3166 se
1151 3101 1255 3167 trudit
1278 3101 1412 3167 servitio

87 3189 197 3253 divino
231 3189 407 3253 secundum
444 3209 606 3266 normam,
643 3210 726 3271 quae
761 3210 820 3273 per
854 3189 1110 3254 ecclesiasticam
1145 3189 1413 3273 approbationem

87 3278 216 3342 demum
239 3298 354 3342 norma
377 3277 498 3342 ordinis
521 3277 667 3360 religiosi
690 3278 812 3344 evadit.
859 3278 1065 3362 Quapropter
1087 3298 1255 3343 resumere
1279 3298 1413 3344 necesse

86 3388 152 3432 non
183 3370 234 3432 est
265 3367 308 3431 ad
337 3367 552 3432 intentionem
579 3367 769 3432 voventium
799 3367 981 3432 formalem.
1029 3366 1077 3431 Eo
1109 3366 1181 3451 ipso
1212 3367 1297 3432 enim
1327 3369 1414 3450 quod

86 3455 191 3521 velint
207 3476 330 3520 vovere
352 3454 385 3519 in
409 3455 522 3520 ordine
544 3455 709 3536 religioso,
733 3477 856 3521 vovere
872 3457 988 3522 volunt
1010 3455 1243 3523 subiectionem
1261 3458 1414 3522 debitam:

86 3565 171 3628 quae
194 3545 306 3611 debita
328 3544 485 3627 imprimis
508 3549 559 3610 est
583 3545 637 3609 ΗΜ
654 3545 813 3612 Pontifici.

176 3668 210 3750 3)
245 3668 357 3750 Longe
387 3670 497 3752 plures
527 3672 652 3751 negent
685 3669 769 3734 hano
801 3673 1001 3753 potestatem
1030 3669 1064 3734 vi
1094 3669 1164 3735 voti
1193 3669 1414 3754 praecipiendi
1422 3680 1474 3734 336

85 3762 272 3841 competere
303 3758 333 3824 S.
359 3757 673 3840 Congregationibus
696 3758 868 3837 Romania,
900 3757 999 3825 etiam
1029 3759 1163 3843 speciali
1190 3759 1413 3826 iurisdictione

85 3846 117 3912 in
151 3847 322 3928 religiosos
353 3846 533 3913 instructis.
586 3847 673 3912 Nem
706 3851 830 3913 certum
867 3851 919 3914 est
953 3869 1010 3913 eas
1044 3849 1317 3932 congregationes
1349 3870 1413 3914 non

84 3935 207 4001 habere
237 3935 298 4001 nisi
329 3957 401 4001 eam
432 3940 647 4020 potestatem,
679 3958 777 4018 quem
807 3936 839 4004 S.
863 3936 1018 4002 Pontifex
1050 3937 1090 4002 iis
1113 3938 1412 4004 communicaverit.

85 4024 207 4102 Quodsi
231 4024 332 4108 igitur
354 4047 395 4091 ne
419 4026 452 4092 S⁰
468 4026 618 4091 Pontifici
639 4026 768 4107 quidem
793 4046 833 4090 ea
854 4025 1055 4091 dominativa
1071 4031 1220 4111 potestas
1236 4031 1412 4112 competat,

85 4115 125 4180 de
149 4114 441 4181 communicatione
465 4136 537 4180 cnm
554 4114 869 4197 congregationibus
885 4113 1041 4180 Romanis
1060 4136 1167 4181 sermo
1192 4138 1264 4182 esse
1283 4116 1411 4199 nequit:

85 4224 201 4269 verum
220 4204 293 4282 etsi,
317 4208 355 4270 ut
378 4204 526 4286 equidem
551 4225 677 4283 censeo,
703 4204 757 4268 R¹¹⁰
772 4203 922 4270 Pontifici
938 4209 1113 4289 competat,
1138 4206 1178 4271 de
1201 4208 1297 4271 buius
1320 4208 1412 4287 pote·

85 4293 184 4360 statis
208 4293 499 4359 communicatione
526 4315 590 4358 non
614 4297 760 4371 constat,
792 4314 865 4359 cum
881 4293 1168 4375 ¹Congregationes
1191 4295 1256 4359 ΒΜ*
1279 4314 1412 4358 munere

86 4403 144 4447 suo
169 4382 357 4465 plenissime
380 4382 473 4464 fungi
495 4383 622 4465 possint
644 4388 678 4450 et
701 4382 882 4465 fungantur
904 4402 964 4465 per
979 4383 1082 4447 solam
1101 4386 1299 4468 potestatem
1317 4380 1413 4445 iuris·

87 4470 249 4537 dictionis.
280 4510 325 4519 —
358 4472 441 4538 Sunt
470 4476 581 4537 tamen
612 4473 666 4556 qui
695 4471 786 4536 illam
816 4475 1016 4555 potestatem
1040 4472 1072 4535 vi
1096 4472 1166 4539 voti
1194 4469 1413 4555 praecipiendi

87 4560 187 4714 fflam
217 4560 290 4714 {3¹2
300 4560 615 4643 Congregationibus
638 4561 814 4627 vindicent.
861 4559 908 4626 Cf.
934 4559 976 4622 W
983 4581 1095 4638 ernn,
1126 4563 1183 4627 Ius
1210 4561 1412 4625 decretalium

136 4671 200 4727 ‚n.
294 4700 301 4714 .
