3106 5168
338 305 483 360 (tonsurae.
503 335 536 344 -
556 307 716 359 Sollicitotio
733 303 767 357 ad
786 304 876 374 turpia
895 304 1007 374 eiusque
1025 308 1200 361 denuntiatio.
1362 311 1425 376 527

198 483 237 550 R.
264 487 294 549 3.
341 483 419 549 (lum
443 483 542 548 Linus
575 482 663 548 dicat
694 502 730 546 se
752 501 817 546 non
841 486 975 564 putasse
1006 503 1116 546 casum
1150 504 1243 547 snum
1268 483 1425 549 contineri

105 571 139 637 in
171 571 230 637 illa
263 572 337 656 lege
360 570 719 648 excommunicationis,
755 570 859 635 videri
883 570 999 647 debet,
1032 593 1108 636 num
1139 571 1289 637 excusari
1321 573 1427 656 possit

105 665 241 745 propter
263 660 494 743 ignorantiam.
541 660 673 737 Vemm,
698 659 880 741 generatim
905 659 1081 741 loquendo,
1106 660 1243 725 dixerim
1268 660 1426 727 eiusmodi

105 749 275 833 opiniones
298 755 333 816 et
356 751 453 816 dubia
483 749 560 814 oriri
591 771 633 814 ex
662 748 850 830 ignorantia
873 769 1000 824 crassa,
1037 769 1076 813 ac
1099 749 1192 832 proin
1216 771 1256 815 ea
1278 771 1342 814 non
1367 771 1425 816 ex·

105 839 214 904 cusari
238 838 447 904 absolventes
471 838 659 923 complicem
683 859 704 903 a
728 858 873 903 censura.
921 837 1154 916 Nihilominus,
1185 837 1213 903 si
1236 838 1335 903 Linus
1358 840 1425 905 sin·

107 949 184 994 cere
200 929 321 994 dixerit
343 949 379 993 se
407 932 497 994 certo
514 949 669 992 ausurum
685 948 749 991 non
766 926 867 991 fuisse
884 926 1065 1004 absolvere,
1090 927 1116 991 si
1133 927 1186 991 vel
1209 928 1424 1011 suspicionem

104 1017 310 1101 concepisset
339 1017 380 1082 de
403 1016 737 1082 excommunicatione
767 1016 854 1080 forte
878 1015 977 1081 etiam
1001 1037 1060 1099 pro
1089 1037 1149 1081 suo
1172 1037 1250 1082 casu
1272 1017 1423 1099 vigente:

105 1106 291 1171 admiserim
316 1105 561 1173 excusationem
585 1126 689 1187 neque
721 1104 933 1169 indicaverim
956 1125 1030 1170 eum
1053 1104 1085 1169 in
1110 1105 1181 1170 foro
1205 1106 1424 1182 conscientiae

104 1216 243 1261 censura
266 1216 338 1260 esse
361 1195 580 1262 constrictum.

194 1311 234 1378 R.
259 1313 289 1375 4.
322 1311 417 1377 Alter
440 1332 545 1387 casus,
570 1309 655 1391 quod
679 1308 779 1373 Linus
802 1308 981 1375 absolverit
997 1309 1202 1375 meretricem
1218 1310 1318 1386 illam,
1343 1325 1499 1392 qua-1029

103 1419 177 1464 curn
201 1400 310 1482 aliquo
339 1401 434 1465 modo
465 1401 613 1465 larvatus
636 1401 851 1481 peccaverat,
883 1401 973 1462 certe
1004 1398 1102 1464 etiam
1134 1398 1328 1464 difficultate
1358 1419 1423 1464 non

104 1491 207 1554 caret.
254 1489 413 1564 Debebat,
437 1486 659 1564 meoiudicio,
684 1487 868 1564 mulierem,
903 1508 975 1553 cum
1000 1487 1082 1552 satis
1105 1488 1192 1552 clare
1214 1487 1365 1553 innueret
1387 1509 1423 1553 se

105 1577 221 1642 Linum
244 1599 304 1662 pro
327 1578 383 1642 illo
407 1578 544 1655 habere,
576 1576 631 1659 qui
654 1596 763 1640 secum
794 1581 979 1660 peccasset,
1011 1597 1090 1642 ase
1120 1576 1261 1656 reicere,
1295 1576 1423 1642 etiamsi

102 1686 177 1731 eam
200 1666 293 1748 quasi
316 1667 513 1733 temeritatis
530 1664 721 1731 commissae
737 1672 901 1747 argueret.
933 1665 1019 1730 Nam
1035 1665 1093 1730 illa
1109 1665 1311 1748 relegatione
1333 1667 1422 1730 nullo

102 1755 198 1820 modo
222 1755 291 1820 eius
314 1760 456 1821 mentem
481 1755 705 1820 confirmasset
728 1754 760 1818 in
784 1758 941 1837 concepta
963 1754 1020 1819 illa
1037 1754 1196 1839 opinione,
1221 1756 1247 1819 si
1272 1759 1340 1821 solo
1360 1756 1423 1822 tuit

102 1847 218 1929 opinio.
267 1845 300 1910 Si
323 1865 402 1910 vero
426 1844 542 1909 mulier
564 1843 620 1908 illa
644 1846 734 1908 certa
758 1847 845 1920 erat,
876 1843 932 1907 illa
956 1844 1115 1924 relegatio
1138 1843 1247 1927 potius
1270 1844 1422 1909 aedifica·

101 1932 184 1998 tioni
207 1933 340 2008 fuisset:
365 1955 470 2015 neque
494 1933 658 2015 effugium,
683 1953 746 2013 quo
770 1952 805 1996 re
828 1931 901 2015 ipsa
923 1953 1001 1996 usus
1017 1935 1069 1997 est
1084 1933 1194 2011 Linus,
1219 1954 1291 1998 eam
1315 1933 1349 1998 in
1364 1934 1422 1999 illa

100 2021 286 2105 sumptione
309 2043 328 2087 e
351 2027 441 2088 certa
464 2022 674 2106 persuasione
698 2020 896 2086 exturbavit.

191 2118 253 2184 Sed
278 2120 305 2184 si
328 2118 543 2186 subiectivum
566 2123 687 2185 statum
712 2118 831 2184 mentis
847 2123 881 2184 et
896 2118 1160 2201 perturbationis,
1184 2117 1216 2182 in
1241 2139 1304 2199 quo
1320 2119 1421 2184 Linus

101 2212 191 2284 erat,
215 2209 429 2292 perpendam,
462 2208 630 2292 probabile
653 2213 704 2273 eet
727 2206 842 2271 Linum
864 2212 999 2290 putasse
1029 2228 1064 2272 se
1094 2218 1157 2271 suo'
1183 2207 1301 2289 agendi
1325 2209 1420 2274 modo

100 2317 229 2361 omnem
253 2297 467 2382 suspicionem
491 2319 512 2362 a
535 2319 571 2363 se
594 2296 786 2373 excussisse,
811 2317 828 2359 e
852 2295 1016 2361 contrario
1040 2299 1151 2361 autem
1174 2296 1201 2360 si
1225 2317 1289 2361 non
1313 2298 1421 2362 absol·

99 2385 205 2451 visset
227 2387 404 2464 mulierem,
429 2408 464 2452 se
488 2408 559 2452 eam
584 2391 707 2452 certam
731 2384 909 2450 reddidisse
925 2387 965 2451 de
988 2406 1046 2450 suo
1063 2385 1204 2464 crimine,
1229 2406 1301 2450 curn
1321 2391 1421 2452 antea

100 2474 199 2540 dubia
222 2479 350 2541 tantum
374 2481 471 2542 esset.
519 2476 625 2553 Quare
649 2475 677 2539 si
700 2474 799 2538 Linus
822 2473 871 2540 ita
893 2474 1018 2540 sincere
1041 2474 1188 2558 putavit,
1222 2479 1331 2539 certus
1354 2496 1419 2541 non

99 2568 173 2629 erat
197 2565 237 2629 de
260 2565 480 2648 complicitate
503 2564 642 2640 formali,
668 2585 771 2644 eaque
795 2563 937 2644 cognita,
961 2563 1048 2629 inter
1070 2584 1106 2628 se
1130 2568 1163 2630 et
1186 2564 1417 2648 paenitentem,

99 2673 206 2733 neque
223 2674 340 2719 censeo
356 2675 429 2719 eum
446 2675 615 2719 censuram
631 2652 806 2718 incurrisse
822 2652 1031 2719 absolvendo.
1056 2653 1186 2718 Revera
1200 2675 1265 2718 non
1277 2655 1420 2721 absolvit

99 2762 184 2818 eam,
208 2764 306 2825 quam
330 2743 422 2809 novit
446 2747 482 2809 ut
497 2742 681 2808 formaliter
695 2741 875 2808 sacerdotis
891 2743 944 2807 vel
968 2742 1070 2824 ipsius
1091 2743 1290 2826 complicem,
1314 2764 1418 2825 neque

98 2832 274 2897 tenebatur
294 2853 366 2897 sese
382 2832 469 2915 apud
485 2832 653 2896 mulierem
669 2853 754 2896 nunc
771 2831 949 2896 diffamare.
982 2831 1016 2897 Si
1031 2852 1110 2896 vero
1127 2831 1416 2911 animadverterat,

97 2940 135 2984 ee
158 2941 179 2984 a
201 2920 336 2986 muliere
359 2920 416 2985 illa
439 2925 529 2986 certo
553 2920 718 3002 cognitum
735 2941 817 2997 esse,
841 2941 946 3001 neque
963 2920 1220 2986 dissimulatione
1243 2943 1278 2986 se
1301 2942 1418 2986 revera

97 3008 274 3091 quidquam
298 3010 520 3093 profecturum
545 3030 626 3081 esse,
650 3009 796 3074 rationes
818 3008 914 3073 modo
938 3009 1060 3074 allatae
1083 3030 1147 3074 non
1171 3009 1299 3086 valent,
1323 3011 1417 3093 proin

97 3098 314 3164 absolutionis
342 3099 525 3165 tentamine
554 3097 704 3180 graviter
733 3097 885 3181 peccavit
914 3118 1019 3180 neque
1050 3098 1416 3164 excommunicationem

97 3187 224 3271 effugit.

604 3350 911 3418 SOLLICITATIO.

651 3526 761 3591 Casus.
788 3531 863 3600 (312)

184 3691 312 3751 Rutilius
330 3711 367 3750 ex
382 3692 569 3751 consessione
583 3691 733 3751 Petrinum
755 3693 839 3750 novit
860 3691 1035 3764 sensualem,
1057 3692 1144 3751 immo
1166 3693 1335 3770 suspicatur
1349 3714 1414 3754 eam

94 3772 226 3830 sensuali
247 3791 346 3830 amore
367 3791 438 3846 erga
459 3771 553 3848 ipsum
576 3772 663 3831 affici.
706 3771 803 3840 Quare
831 3773 1017 3831 absolutione
1039 3772 1108 3831 data
1136 3792 1201 3832 eam
1227 3773 1353 3847 invitat,
1381 3781 1414 3834 ut

94 3852 209 3910 domum
232 3872 314 3911 suam
329 3851 430 3910 veniat
450 3852 598 3910 tractandi
619 3852 729 3926 negotii
752 3871 842 3910 causa
857 3852 891 3910 de
914 3853 1094 3911 ornamentis
1115 3853 1269 3924 ecclesiae,
1292 3874 1413 3930 quorum

94 3951 193 3990 curam
222 3931 343 3991 Petrina
372 3952 437 3990 cum
467 3933 534 3991 aliis
564 3932 668 4007 puellis
696 3932 781 4007 gerit.
832 3932 875 3990 Re
902 3932 968 4008 ipsa
995 3952 1117 4008 pravam
1145 3940 1272 3993 mentem
1300 3935 1411 4003 habuit,

93 4018 183 4087 atque
212 4012 248 4071 de
275 4015 363 4071 rebus
391 4011 535 4070 ecclesiae
563 4013 694 4072 breviter
721 4013 836 4071 locutus
858 4012 1006 4071 Petrinum
1029 4014 1170 4072 sollicitat
1193 4020 1280 4090 atque
1302 4015 1411 4073 osculis

93 4093 334 4169 amplexibusque
357 4111 421 4150 cum
443 4111 478 4150 ea
499 4092 608 4151 habitis
631 4093 740 4151 diutius
761 4092 902 4167 indulget.
925 4127 959 4135 —
990 4093 1093 4152 Rutilii
1113 4094 1222 4153 ancilla
1243 4095 1321 4153 hunc
1341 4095 1411 4153 libe·

92 4172 199 4230 riorem
220 4173 326 4248 agendi
354 4173 470 4230 modum
492 4173 707 4232 animadvertit.
753 4172 875 4231 Petrina
904 4178 933 4231 et
961 4173 1088 4244 ancilla,
1117 4194 1182 4232 cum
1211 4175 1287 4250 apud
1315 4193 1410 4233 sacer·

92 4252 189 4311 dotem
218 4253 403 4328 peregrinum
433 4254 618 4322 confitentur,
641 4253 809 4327 obligantur
839 4253 875 4311 ad
904 4253 1134 4311 denuntiandum
1162 4253 1302 4311 Rutilium
1333 4254 1411 4331 apud

92 4332 321 4402 ordinariatnm;
343 4332 431 4391 aliter
451 4353 503 4391 eas
524 4352 582 4391 non
604 4333 668 4391 vult
689 4332 853 4392 absolvere.

90 4454 267 4525 Qusamrun
290 4457 318 4512 1⁰
343 4474 417 4531 quae
439 4456 479 4513 sit
499 4454 678 4526 sollicitatio,
700 4475 774 4531 quae
796 4454 995 4514 denuntianda
1017 4465 1070 4514 est.

287 4553 318 4610 2⁰
343 4553 448 4629 quibus
470 4559 500 4611 et
520 4573 577 4628 qua
599 4553 752 4611 sanctione
773 4554 847 4612 haec
868 4553 1050 4611 denuntiatio
1073 4553 1280 4629 praecipiatur.

288 4652 318 4710 3⁰
344 4651 411 4727 quid
434 4651 469 4710 de
491 4670 562 4710 casu
583 4651 769 4709 indicandum
791 4651 838 4710 sit.
