3106 5168
174 295 238 357 416
313 288 354 342 Dc
373 289 521 343 virtutibus
539 292 566 343 et
584 289 681 343 officiis
700 307 765 357 erga
784 289 913 343 homines.
934 320 965 327 -
986 290 1037 344 Off.
1057 291 1129 345 circa
1148 291 1217 344 bona
1235 295 1359 345 externa.

175 465 358 531 rescissioui
382 488 441 530 seu
464 467 653 532 resolutioni
671 465 829 532 obnoxius
845 467 1006 532 habeatur
1021 472 1220 544 contractus,
1245 469 1298 533 vel
1322 468 1351 532 si
1374 468 1494 550 aliquid

175 577 216 620 nc
238 557 298 621 fiat
320 556 513 640 postuletur,
538 556 628 621 cuius
652 555 833 620 omissionis
857 557 1035 638 postulatio
1058 557 1102 621 sit
1124 556 1239 640 turpis.
1277 558 1409 623 Scilicet
1432 578 1496 622 non

175 644 280 709 solum
304 665 371 709 rem
395 644 542 710 illicitam
573 645 740 728 postulare
770 649 866 727 turpe
889 648 957 722 est,
987 645 1044 710 sed
1068 645 1166 711 etiam
1192 650 1243 712 est
1265 650 1363 729 turpe
1386 650 1496 729 postu-

175 735 254 810 lare,
279 754 319 797 nc
343 733 428 798 actio
452 734 561 815 aliqua
591 735 689 808 bona,
721 733 791 798 sive
815 755 854 798 ea
882 739 1061 818 praecepta
1090 737 1190 817 atque
1217 736 1405 800 necessaria
1436 740 1496 809 est,

176 823 246 886 sive
269 826 321 887 est
344 822 384 887 de
407 822 492 887 bono
515 822 658 896 meliore,
684 829 886 888 exerceatur.

264 931 302 996 R.
321 935 351 997 4.
391 932 548 997 Attamen
572 953 613 996 ne
636 953 689 996 res
712 931 745 995 in
769 936 920 997 concreto
944 936 1074 1016 sumpta
1094 932 1191 996 dubia
1215 936 1358 1010 maneat,
1383 931 1498 996 viden·

176 1021 253 1084 dum
276 1024 327 1085 est
357 1021 433 1102 quid
465 1025 615 1087 statuant
645 1021 735 1102 leges
758 1021 929 1104 positivae.
976 1021 1062 1085 Nam
1092 1021 1120 1085 si
1150 1021 1254 1085 solum
1285 1021 1335 1084 ius
1359 1024 1498 1086 naturae

176 1113 323 1192 spectas,
358 1110 487 1191 quando
518 1109 713 1175 contrahens
747 1132 818 1175 cum
850 1109 955 1175 altero
984 1109 1136 1194 primarie
1168 1109 1274 1192 turpis
1304 1108 1351 1174 rei
1383 1109 1498 1193 imple·

176 1199 298 1263 tionem
321 1198 507 1276 intenderit,
531 1200 584 1263 vel
608 1198 749 1282 turpiter
764 1198 886 1280 aliquid
909 1198 984 1263 boni
999 1199 1156 1282 impedire
1171 1196 1323 1276 voluerit,
1348 1203 1497 1264 contrac-

176 1291 246 1352 tum
276 1287 381 1370 ipsum
411 1287 520 1371 potius
553 1288 674 1352 dixeris
704 1289 822 1354 effectu
854 1289 895 1351 ab
919 1287 1012 1353 initio
1042 1308 1162 1353 carere.
1209 1286 1299 1351 Idem
1327 1286 1497 1351 dicendum

176 1375 281 1457 magis
306 1376 403 1441 etiam
428 1380 489 1453 est,
514 1376 541 1440 si
565 1378 760 1442 contrahens
784 1397 976 1441 consensum
1000 1398 1093 1441 suum
1112 1375 1294 1459 dependere
1317 1375 1437 1440 fecerit
1459 1377 1498 1440 ab

177 1463 298 1530 actuali
322 1464 492 1530 voluntate
515 1465 651 1530 alterius
674 1464 898 1531 contrahentis
922 1465 1119 1547 exsequendi
1143 1485 1212 1529 rem
1235 1469 1382 1546 turpem,
1408 1464 1498 1546 isque.

178 1574 250 1618 eam
273 1553 477 1618 voluntatem
500 1576 565 1618 uon
588 1555 748 1620 habuerit.
788 1554 822 1620 Si
842 1575 919 1619 vero
943 1553 1103 1630 hahuerit,
1128 1556 1260 1618 tenetur
1275 1553 1392 1634 quovis
1416 1557 1498 1617 tem-

176 1662 256 1725 pore
279 1641 363 1707 hanc
386 1664 523 1726 pravam
538 1643 741 1709 voluntatem
765 1648 947 1710 retractare
967 1646 1235 1724 contractumque
1258 1641 1455 1707 rescindere.

267 1738 388 1804 Verum
419 1741 509 1822 leges
538 1741 699 1824 positivae
723 1741 818 1807 alteri
841 1741 888 1805 illi
912 1740 1116 1806 contrahenti
1141 1740 1306 1816 favorem,
1338 1760 1434 1821 quem
1459 1760 1498 1803 ex

179 1832 350 1894 contractu
373 1834 566 1913 accepturus
581 1830 634 1908 sit,
659 1830 810 1895 addicere
825 1833 972 1913 possunt,
997 1851 1035 1894 ac
1058 1829 1085 1894 si
1101 1829 1186 1895 alter
1210 1828 1408 1893 contrahens
1432 1828 1498 1892 sine

178 1917 246 1982 ulla
270 1918 455 1983 condicione
479 1919 689 1984 contraxerit.

118 2033 169 2087 824
268 2023 307 2090 It.
333 2026 362 2091 5.
409 2024 457 2089 Re
480 2025 552 2109 ipsa
576 2026 759 2109 complures
782 2025 872 2106 leges
896 2023 1057 2108 positivae
1087 2022 1134 2088 ita
1159 2027 1311 2089 statuunt
1335 2022 1376 2088 de
1400 2022 1498 2088 dona-

180 2112 322 2178 tionibus
345 2113 431 2179 inter
454 2115 547 2179 vivos
571 2120 605 2180 et
629 2114 669 2179 de
693 2111 957 2197 dispositionibus
980 2110 1247 2178 testamentariis.

269 2211 303 2278 C.
328 2212 362 2278 C.
387 2212 492 2279 Gall.
517 2213 623 2294 quoad
648 2213 833 2277 dorrnticnes
863 2212 1008 2276 liberales
1038 2219 1066 2274 et
1090 2210 1311 2294 dispositiones
1335 2216 1499 2273 1111011111·

181 2304 285 2365 101101
308 2306 369 2365 art.
395 2304 459 2366 900
483 2301 630 2367 declarat
658 2321 804 2377 „omnem
828 2299 1047 2365 condicionem
1071 2297 1303 2381 impossibilem
1326 2301 1386 2362 aut
1409 2298 1499 2362 illici·

179 2393 248 2454 tam
266 2388 405 2468 (legibus
428 2390 481 2454 vel
504 2389 595 2454 bonis
621 2389 764 2454 moribus
788 2389 999 2465 contrariam)
1020 2388 1131 2452 haberi
1148 2408 1207 2470 pro
1223 2385 1341 2452 nulla.k
1380 2386 1498 2451 Verum

180 2477 291 2560 praxis
314 2476 473 2542 iudicialis
496 2478 579 2542 hanc
601 2478 708 2561 legem
731 2478 763 2541 in
787 2477 898 2542 multis
922 2476 1028 2541 causis
1051 2476 1158 2542 reddit
1185 2475 1383 2552 illusoriam,
1418 2497 1497 2548 curn,

182 2566 309 2646 quando
334 2566 477 2630 iudicant
501 2567 720 2632 condicionem
742 2568 816 2648 lege
839 2565 1034 2651 prohibitam
1050 2564 1151 2630 fuisse
1168 2585 1300 2629 causam
1317 2564 1499 2629 donationis

182 2655 471 2732 determinantem,
503 2676 575 2719 eam
604 2677 667 2719 non
697 2677 756 2738 pro
788 2655 963 2721 donatione
993 2653 1050 2718 sed
1079 2674 1137 2737 pro
1168 2657 1340 2718 contractu
1364 2674 1498 2717 oneroso

181 2744 415 2808 commutativo
440 2749 593 2810 tracen
619 2744 679 2822 (ef.
704 2744 892 2824 Allegrc,
919 2745 999 2808 Codc
1023 2747 1078 2808 cia
1104 2765 1178 2807 00111.
1189 2743 1249 2819 5Ι,
1275 2743 1365 2824 595).

270 2841 382 2916 Quoad
406 2842 487 2906 alios
511 2851 610 2906 1011111
593 2851 649 2905 11
653 2864 688 2905 us
715 2847 777 2905 art
806 2845 889 2905 1172
913 2842 991 2905 dicit
1024 2840 1243 2905 condicionem
1268 2840 1497 2922 impossibilem

182 2934 239 2994 aut
262 2930 411 2996 illicitam
435 2931 1281 3012 111111111111111111111111111111111111011111111111,11111
1305 2951 1324 2991 α
1349 2931 1410 2993 tuli
1433 2951 1497 2993 1011-

184 3022 306 3083 dicione
327 3021 473 3104 pendent.

270 3118 334 3181 lus
351 3119 456 3183 Aust.
473 3117 630 3200 imprimis
651 3116 768 3182 statuit
784 3116 870 3181 circa
889 3118 1108 3199 dispositiones
1131 3118 1403 3179 testamentoriae:
1427 3136 1497 3178 con-

183 3207 324 3271 diciones
354 3208 563 3290 suspensivas
592 3206 807 3288 impossibiles
839 3206 891 3269 vel
925 3203 1055 3268 illicitas
1090 3204 1225 3267 reddere
1256 3203 1496 3285 dispositionem

182 3299 320 3366 niallam:
347 3296 550 3359 condiciones
577 3295 792 3378 impossibiles
817 3296 867 3358 vel
898 3292 1029 3357 illicitas
1060 3292 1271 3357 resolutorias
1302 3293 1416 3356 haberi
1441 3315 1497 3377 pro

182 3408 243 3449 11011
276 3387 414 3449 odientis.
463 3385 494 3448 [¹.
520 3386 553 3448 C.
578 3387 595 3463 ᾗ
621 3387 695 3449 698.
742 3383 824 3447 Dein
854 3383 872 3463 ἕ
897 3385 959 3447 891
992 3383 1074 3445 idem
1106 3381 1264 3446 statuitur
1288 3381 1396 3462 quoad
1427 3403 1497 3446 con·

184 3473 324 3537 diciones
349 3475 560 3537 contractibus
584 3476 754 3557 oppositas.

272 3571 338 3634 lus
355 3570 516 3637 Roman.
542 3592 611 3634 seu
636 3590 847 3634 commuue
870 3568 901 3631 in
921 3568 1040 3633 ultimis
1058 3566 1281 3631 voluntatibus
1298 3567 1498 3632 condiciones

184 3659 397 3740 impossibiles
421 3665 454 3724 et
479 3667 591 3742 turpes
615 3661 712 3723 habet
743 3680 800 3740 pro
832 3679 893 3721 non
918 3657 1070 3728 adiectis;
1102 3661 1291 3722 contractus
1314 3677 1395 3721 vero
1419 3657 1498 3721 eius-

184 3749 268 3811 modi
294 3749 496 3813 condiciones
519 3749 659 3813 reddunt
683 3751 801 3812 ordios:
835 3748 873 3810 de
897 3769 960 3829 qua
985 3767 1019 3810 re
1043 3747 1109 3810 late
1134 3746 1279 3827 disputat
1302 3745 1357 3808 Lu
1366 3767 1431 3827 go,
1456 3747 1499 3810 111

184 3841 257 3902 inst.
283 3846 310 3900 11
334 3841 402 3901 iare
427 3838 456 3901 d.
483 3841 533 3914 22,
559 3843 637 3902 sect.
667 3841 715 3902 1⁴3».

273 3935 340 3997 lus
365 3936 488 3999 Germ.
515 3935 553 3998 de
571 3934 810 3999 condicionibus
834 3932 991 4015 appositis
1016 3931 1094 3994 nihil
1119 3931 1260 4014 speciale
1285 3931 1422 4007 statuit,
1447 3930 1497 3996 sed

185 4025 288 4087 solum
313 4024 465 4088 derebus
489 4046 546 4087 seu
563 4025 752 4095 actionibus,
779 4023 865 4085 circa
889 4043 969 4102 queis
994 4022 1213 4103 praestandas
1227 4026 1417 4085 contractus
1431 4042 1497 4084 ver·

185 4118 277 4178 satur
301 4114 396 4194 quive
421 4118 607 4177 contractus
632 4118 707 4177 suut
731 4115 820 4186 fines
846 4116 879 4174 et
896 4112 934 4172 de
952 4112 1098 4173 0111111111·
1115 4110 1209 4173 alicui
1228 4110 1435 4174 contrahenti
1453 4109 1497 4172 vel

186 4204 345 4283 legatario
363 4202 529 4285 impositis.
556 4204 663 4281 Atque
680 4202 719 4263 de
735 4201 774 4262 iis
791 4199 907 4264 statuit
924 4199 1019 4262 haec:
1041 4199 1072 4276 l)
1089 4204 1135 4269 ut,
1153 4198 1180 4261 si
1196 4197 1236 4260 de
1253 4200 1498 4279 praestandam

187 4293 373 4373 impossibili
392 4291 443 4355 111
460 4290 622 4373 prohibita
639 4294 767 4369 agatur
785 4293 971 4352 contractus
988 4288 1030 4350 sit
1046 4286 1249 4366 11111111ἓ1111(
1253 4290 1344 4362 §307
1349 4291 1498 4352 -30911

188 4381 300 4460 2111);
320 4385 353 4460 2)
369 4376 1065 4459 tsiouusrerrmpossrbrhsvclprolul
1052 4376 1499 4458 tsolumacsupperaddnuu

187 4479 230 4537 11.
249 4492 279 4551 g.
305 4470 392 4534 leui
336 4469 487 4551 gatario),
513 4467 681 4567 dispositio
706 4468 832 4530 illatot
784 4472 865 4535 tota
891 4465 1497 4546 1111111511111101131111111111111

186 4562 313 4622 tantum
338 4560 381 4623 sit
367 4559 547 4623 tiuvalida
572 4558 640 4620 sive
656 4556 758 4631 irrita,
785 4578 816 4634 qi
807 4556 911 4618 uando
929 4576 1010 4616 sunu
1003 4554 1153 4628 'debeat
1178 4553 1257 4617 illud
1275 4576 1358 4618 onus
1374 4553 1497 4636 imposi-

187 4653 254 4710 tum
279 4648 379 4711 fuisse
404 4669 445 4710 ex
469 4646 648 4711 intentione
672 4645 841 4710 testatoris
858 4645 1068 4707 condicionem
1095 4647 1240 4728 sinopen
1266 4667 1328 4707 11011
1348 4642 1496 4725 (52195).
