<?xml version="1.0" encoding="UTF-8"?>
<!DOCTYPE html PUBLIC "-//W3C//DTD XHTML 1.0 Transitional//EN"
    "http://www.w3.org/TR/xhtml1/DTD/xhtml1-transitional.dtd">
<html xmlns="http://www.w3.org/1999/xhtml" xml:lang="en" lang="en">
 <head>
  <title>
</title>
<meta http-equiv="Content-Type" content="text/html;charset=utf-8" />
  <meta name='ocr-system' content='tesseract 3.04.00' />
  <meta name='ocr-capabilities' content='ocr_page ocr_carea ocr_par ocr_line ocrx_word'/>
</head>
<body>
  <div class='ocr_page' id='page_1' title='image "./casusconscienti01lehmgoog_0346.png"; bbox 0 0 3106 5168; ppageno 0'>
   <div class='ocr_carea' id='block_1_1' title="bbox 171 274 1358 345">
    <p class='ocr_par' dir='ltr' id='par_1_1' title="bbox 171 274 1358 345">
     <span class='ocr_line' id='line_1_1' title="bbox 171 274 1358 345; baseline -0.002 -12"><span class='ocrx_word' id='word_1_1' title='bbox 171 281 236 345; x_wconf 80' lang='grc'>330</span> <span class='ocrx_word' id='word_1_2' title='bbox 307 276 349 331; x_wconf 84' lang='lat' dir='ltr'>De</span> <span class='ocrx_word' id='word_1_3' title='bbox 367 275 515 331; x_wconf 83' lang='lat' dir='ltr'>virtutibus</span> <span class='ocrx_word' id='word_1_4' title='bbox 533 279 562 330; x_wconf 88' lang='lat' dir='ltr'>et</span> <span class='ocrx_word' id='word_1_5' title='bbox 579 275 677 330; x_wconf 83' lang='lat' dir='ltr'>officiis</span> <span class='ocrx_word' id='word_1_6' title='bbox 696 292 761 344; x_wconf 79' lang='lat' dir='ltr'>erga</span> <span class='ocrx_word' id='word_1_7' title='bbox 779 274 909 330; x_wconf 85' lang='lat' dir='ltr'>homines.</span> <span class='ocrx_word' id='word_1_8' title='bbox 929 305 965 314; x_wconf 93' lang='lat'><em>-</em></span> <span class='ocrx_word' id='word_1_9' title='bbox 983 274 1036 330; x_wconf 80' lang='lat' dir='ltr'>Off.</span> <span class='ocrx_word' id='word_1_10' title='bbox 1054 276 1127 331; x_wconf 84' lang='lat' dir='ltr'>cirea</span> <span class='ocrx_word' id='word_1_11' title='bbox 1144 275 1215 331; x_wconf 78' lang='lat' dir='ltr'>bona</span> <span class='ocrx_word' id='word_1_12' title='bbox 1233 280 1358 331; x_wconf 83' lang='lat' dir='ltr'>externa.</span> 
     </span>
    </p>
   </div>
   <div class='ocr_carea' id='block_1_2' title="bbox 171 453 1499 622">
    <p class='ocr_par' dir='ltr' id='par_1_2' title="bbox 171 453 1499 622">
     <span class='ocr_line' id='line_1_2' title="bbox 171 453 1499 609; baseline 0.001 -90"><span class='ocrx_word' id='word_1_13' title='bbox 171 454 313 609; x_wconf 39' lang='lat' dir='ltr'>&amp;militi</span> <span class='ocrx_word' id='word_1_14' title='bbox 341 454 553 608; x_wconf 43' lang='lat' dir='ltr'>actfmdssui</span> <span class='ocrx_word' id='word_1_15' title='bbox 576 454 696 520; x_wconf 80' lang='lat' dir='ltr'>efficax</span> <span class='ocrx_word' id='word_1_16' title='bbox 719 455 861 520; x_wconf 91' lang='lat' dir='ltr'>nondum</span> <span class='ocrx_word' id='word_1_17' title='bbox 884 453 1000 532; x_wconf 87' lang='lat' dir='ltr'>fuerit,</span> <span class='ocrx_word' id='word_1_18' title='bbox 1030 453 1230 537; x_wconf 80' lang='lat' dir='ltr'>suspendere</span> <span class='ocrx_word' id='word_1_19' title='bbox 1252 453 1307 518; x_wconf 88' lang='lat' dir='ltr'>vel</span> <span class='ocrx_word' id='word_1_20' title='bbox 1330 473 1499 520; x_wconf 89' lang='lat' dir='ltr'>revocare.</span> 
     </span>
     <span class='ocr_line' id='line_1_3' title="bbox 212 567 521 622; baseline 0.003 -12"><span class='ocrx_word' id='word_1_21' title='bbox 212 596 219 610; x_wconf 93' lang='lat'><strong>.</strong></span> <span class='ocrx_word' id='word_1_22' title='bbox 298 567 370 610; x_wconf 87' lang='lat' dir='ltr'>.m.</span> <span class='ocrx_word' id='word_1_23' title='bbox 412 591 454 622; x_wconf 85' lang='lat'>,.</span> <span class='ocrx_word' id='word_1_24' title='bbox 514 596 521 611; x_wconf 93' lang='lat'><strong>.</strong></span> 
     </span>
    </p>
   </div>
   <div class='ocr_carea' id='block_1_3' title="bbox 170 647 1499 1088">
    <p class='ocr_par' dir='ltr' id='par_1_3' title="bbox 170 647 1499 1088">
     <span class='ocr_line' id='line_1_4' title="bbox 260 647 1499 731; baseline 0 -17"><span class='ocrx_word' id='word_1_25' title='bbox 260 649 299 716; x_wconf 90' lang='lat' dir='ltr'>R.</span> <span class='ocrx_word' id='word_1_26' title='bbox 316 651 346 715; x_wconf 90' lang='lat'>3.</span> <span class='ocrx_word' id='word_1_27' title='bbox 382 648 541 714; x_wconf 85' lang='lat' dir='ltr'>Dominus</span> <span class='ocrx_word' id='word_1_28' title='bbox 556 648 685 731; x_wconf 91' lang='lat' dir='ltr'>quidem</span> <span class='ocrx_word' id='word_1_29' title='bbox 701 649 799 728; x_wconf 89' lang='lat' dir='ltr'>vasis,</span> <span class='ocrx_word' id='word_1_30' title='bbox 822 648 850 715; x_wconf 92' lang='lat' dir='ltr'>si</span> <span class='ocrx_word' id='word_1_31' title='bbox 867 648 1039 717; x_wconf 81' lang='lat' dir='ltr'>Caesarius</span> <span class='ocrx_word' id='word_1_32' title='bbox 1061 648 1133 714; x_wconf 88' lang='lat' dir='ltr'>sive</span> <span class='ocrx_word' id='word_1_33' title='bbox 1150 647 1386 715; x_wconf 81' lang='lat' dir='ltr'>monesterium</span> <span class='ocrx_word' id='word_1_34' title='bbox 1403 647 1499 714; x_wconf 88' lang='lat' dir='ltr'>resti·</span> 
     </span>
     <span class='ocr_line' id='line_1_5' title="bbox 170 737 1499 822; baseline -0.001 -17"><span class='ocrx_word' id='word_1_35' title='bbox 170 743 253 816; x_wconf 87' lang='lat' dir='ltr'>tuet,</span> <span class='ocrx_word' id='word_1_36' title='bbox 277 740 372 822; x_wconf 92' lang='lat' dir='ltr'>plene</span> <span class='ocrx_word' id='word_1_37' title='bbox 394 737 554 804; x_wconf 87' lang='lat' dir='ltr'>indemnis</span> <span class='ocrx_word' id='word_1_38' title='bbox 577 759 642 804; x_wconf 91' lang='lat' dir='ltr'>non</span> <span class='ocrx_word' id='word_1_39' title='bbox 657 740 725 814; x_wconf 88' lang='lat' dir='ltr'>fiet,</span> <span class='ocrx_word' id='word_1_40' title='bbox 749 759 822 804; x_wconf 89' lang='lat' dir='ltr'>cum</span> <span class='ocrx_word' id='word_1_41' title='bbox 839 738 932 804; x_wconf 88' lang='lat' dir='ltr'>valor</span> <span class='ocrx_word' id='word_1_42' title='bbox 947 738 1018 804; x_wconf 92' lang='lat' dir='ltr'>auri</span> <span class='ocrx_word' id='word_1_43' title='bbox 1034 759 1099 822; x_wconf 89' lang='lat' dir='ltr'>qua</span> <span class='ocrx_word' id='word_1_44' title='bbox 1114 738 1186 803; x_wconf 90' lang='lat' dir='ltr'>auri</span> <span class='ocrx_word' id='word_1_45' title='bbox 1204 758 1315 803; x_wconf 88' lang='lat' dir='ltr'>massa</span> <span class='ocrx_word' id='word_1_46' title='bbox 1330 758 1398 803; x_wconf 94' lang='lat' dir='ltr'>non</span> <span class='ocrx_word' id='word_1_47' title='bbox 1413 737 1499 804; x_wconf 89' lang='lat' dir='ltr'>tanti</span> 
     </span>
     <span class='ocr_line' id='line_1_6' title="bbox 171 826 1499 911; baseline 0 -19"><span class='ocrx_word' id='word_1_48' title='bbox 171 828 292 905; x_wconf 82' lang='lat' dir='ltr'>valeat,</span> <span class='ocrx_word' id='word_1_49' title='bbox 317 827 431 911; x_wconf 89' lang='lat' dir='ltr'>quanti</span> <span class='ocrx_word' id='word_1_50' title='bbox 453 848 514 893; x_wconf 86' lang='lat' dir='ltr'>vas</span> <span class='ocrx_word' id='word_1_51' title='bbox 537 832 610 894; x_wconf 89' lang='lat' dir='ltr'>arte</span> <span class='ocrx_word' id='word_1_52' title='bbox 632 827 846 906; x_wconf 88' lang='lat' dir='ltr'>elaboratum,</span> <span class='ocrx_word' id='word_1_53' title='bbox 871 847 975 910; x_wconf 91' lang='lat' dir='ltr'>neque</span> <span class='ocrx_word' id='word_1_54' title='bbox 997 827 1232 893; x_wconf 89' lang='lat' dir='ltr'>monasterium</span> <span class='ocrx_word' id='word_1_55' title='bbox 1248 826 1301 891; x_wconf 91' lang='lat' dir='ltr'>vel</span> <span class='ocrx_word' id='word_1_56' title='bbox 1325 826 1499 892; x_wconf 73' lang='lat' dir='ltr'>Caesarius</span> 
     </span>
     <span class='ocr_line' id='line_1_7' title="bbox 170 915 1499 1001; baseline -0.001 -20"><span class='ocrx_word' id='word_1_57' title='bbox 170 918 244 1001; x_wconf 90' lang='lat' dir='ltr'>plus</span> <span class='ocrx_word' id='word_1_58' title='bbox 259 921 413 984; x_wconf 87' lang='lat' dir='ltr'>teneatur</span> <span class='ocrx_word' id='word_1_59' title='bbox 427 917 613 995; x_wconf 87' lang='lat' dir='ltr'>rest&#39;tuere‚</span> <span class='ocrx_word' id='word_1_60' title='bbox 637 938 734 999; x_wconf 89' lang='lat' dir='ltr'>quam</span> <span class='ocrx_word' id='word_1_61' title='bbox 750 916 892 1000; x_wconf 90' lang='lat' dir='ltr'>pretium</span> <span class='ocrx_word' id='word_1_62' title='bbox 912 938 972 1000; x_wconf 90' lang='lat' dir='ltr'>pro</span> <span class='ocrx_word' id='word_1_63' title='bbox 988 916 1123 983; x_wconf 88' lang='lat' dir='ltr'>vendita</span> <span class='ocrx_word' id='word_1_64' title='bbox 1139 916 1211 982; x_wconf 91' lang='lat' dir='ltr'>auri</span> <span class='ocrx_word' id='word_1_65' title='bbox 1225 915 1365 982; x_wconf 89' lang='lat' dir='ltr'>materia</span> <span class='ocrx_word' id='word_1_66' title='bbox 1381 935 1499 999; x_wconf 89' lang='lat' dir='ltr'>accep·</span> 
     </span>
     <span class='ocr_line' id='line_1_8' title="bbox 170 1003 1498 1088; baseline -0.002 -17"><span class='ocrx_word' id='word_1_67' title='bbox 170 1012 251 1083; x_wconf 87' lang='lat' dir='ltr'>tum,</span> <span class='ocrx_word' id='word_1_68' title='bbox 275 1006 295 1074; x_wconf 93' lang='lat' dir='ltr'>i.</span> <span class='ocrx_word' id='word_1_69' title='bbox 312 1026 339 1072; x_wconf 93' lang='lat' dir='ltr'>e.</span> <span class='ocrx_word' id='word_1_70' title='bbox 356 1006 390 1071; x_wconf 93' lang='lat' dir='ltr'>in</span> <span class='ocrx_word' id='word_1_71' title='bbox 406 1026 469 1087; x_wconf 91' lang='lat' dir='ltr'>quo</span> <span class='ocrx_word' id='word_1_72' title='bbox 485 1005 620 1071; x_wconf 90' lang='lat' dir='ltr'>ditiores</span> <span class='ocrx_word' id='word_1_73' title='bbox 641 1005 816 1074; x_wconf 85' lang='lat' dir='ltr'>evaserint.</span> <span class='ocrx_word' id='word_1_74' title='bbox 841 1043 884 1052; x_wconf 88' lang='lat'>-</span> <span class='ocrx_word' id='word_1_75' title='bbox 908 1005 1081 1083; x_wconf 89' lang='lat' dir='ltr'>Damnum,</span> <span class='ocrx_word' id='word_1_76' title='bbox 1105 1005 1192 1088; x_wconf 90' lang='lat' dir='ltr'>quod</span> <span class='ocrx_word' id='word_1_77' title='bbox 1214 1008 1376 1088; x_wconf 79' lang='lat' dir='ltr'>superest,</span> <span class='ocrx_word' id='word_1_78' title='bbox 1401 1003 1498 1070; x_wconf 90' lang='lat' dir='ltr'>titulo</span> 
     </span>
    </p>
   </div>
   <div class='ocr_carea' id='block_1_4' title="bbox 170 1093 1499 1260">
    <p class='ocr_par' dir='ltr' id='par_1_4' title="bbox 170 1093 1499 1260">
     <span class='ocr_line' id='line_1_9' title="bbox 171 1093 1499 1177; baseline -0.002 -17"><span class='ocrx_word' id='word_1_79' title='bbox 171 1095 442 1160; x_wconf 88' lang='lat' dir='ltr'>damnificationis</span> <span class='ocrx_word' id='word_1_80' title='bbox 471 1095 525 1159; x_wconf 86' lang='lat' dir='ltr'>fur</span> <span class='ocrx_word' id='word_1_81' title='bbox 553 1094 727 1160; x_wconf 80' lang='lat' dir='ltr'>restituere</span> <span class='ocrx_word' id='word_1_82' title='bbox 753 1098 895 1160; x_wconf 90' lang='lat' dir='ltr'>tenetur.</span> <span class='ocrx_word' id='word_1_83' title='bbox 942 1093 1061 1172; x_wconf 87' lang='lat' dir='ltr'>Quodsi</span> <span class='ocrx_word' id='word_1_84' title='bbox 1084 1094 1140 1159; x_wconf 92' lang='lat' dir='ltr'>ille</span> <span class='ocrx_word' id='word_1_85' title='bbox 1163 1115 1227 1160; x_wconf 90' lang='lat' dir='ltr'>non</span> <span class='ocrx_word' id='word_1_86' title='bbox 1251 1099 1424 1177; x_wconf 90' lang='lat' dir='ltr'>comparet</span> <span class='ocrx_word' id='word_1_87' title='bbox 1446 1093 1499 1159; x_wconf 86' lang='lat' dir='ltr'>vel</span> 
     </span>
     <span class='ocr_line' id='line_1_10' title="bbox 170 1182 1167 1260; baseline -0.001 -11"><span class='ocrx_word' id='word_1_88' title='bbox 170 1205 236 1249; x_wconf 90' lang='lat' dir='ltr'>nen</span> <span class='ocrx_word' id='word_1_89' title='bbox 258 1183 414 1260; x_wconf 89' lang='lat' dir='ltr'>restituit,</span> <span class='ocrx_word' id='word_1_90' title='bbox 438 1184 591 1249; x_wconf 91' lang='lat' dir='ltr'>damnum</span> <span class='ocrx_word' id='word_1_91' title='bbox 614 1184 694 1250; x_wconf 92' lang='lat' dir='ltr'>illud</span> <span class='ocrx_word' id='word_1_92' title='bbox 716 1204 738 1250; x_wconf 88' lang='lat' dir='ltr'>a</span> <span class='ocrx_word' id='word_1_93' title='bbox 761 1183 890 1249; x_wconf 77' lang='lat' dir='ltr'>dondno</span> <span class='ocrx_word' id='word_1_94' title='bbox 913 1182 1083 1249; x_wconf 85' lang='lat' dir='ltr'>ferendum</span> <span class='ocrx_word' id='word_1_95' title='bbox 1107 1186 1167 1248; x_wconf 91' lang='lat' dir='ltr'>est.</span> 
     </span>
    </p>
   </div>
   <div class='ocr_carea' id='block_1_5' title="bbox 549 1398 1116 1632">
    <p class='ocr_par' dir='ltr' id='par_1_5' title="bbox 549 1398 1116 1632">
     <span class='ocr_line' id='line_1_11' title="bbox 549 1398 1116 1466; baseline -0.002 -1"><span class='ocrx_word' id='word_1_96' title='bbox 549 1398 789 1466; x_wconf 82' lang='lat' dir='ltr'>POSSESSOR</span> <span class='ocrx_word' id='word_1_97' title='bbox 812 1398 965 1464; x_wconf 73' lang='lat' dir='ltr'>Meter</span> <span class='ocrx_word' id='word_1_98' title='bbox 989 1399 1116 1464; x_wconf 80' lang='lat' dir='ltr'><strong>FIDEI.</strong></span> 
     </span>
     <span class='ocr_line' id='line_1_12' title="bbox 727 1556 941 1632; baseline -0.028 -9"><span class='ocrx_word' id='word_1_99' title='bbox 727 1556 838 1623; x_wconf 78' lang='lat' dir='ltr'>Casus.</span> <span class='ocrx_word' id='word_1_100' title='bbox 865 1564 941 1632; x_wconf 81' lang='lat'>(199)</span> 
     </span>
    </p>
   </div>
   <div class='ocr_carea' id='block_1_6' title="bbox 171 1697 1497 2816">
    <p class='ocr_par' dir='ltr' id='par_1_6' title="bbox 171 1697 1497 2158">
     <span class='ocr_line' id='line_1_13' title="bbox 260 1697 1497 1777; baseline 0.002 -21"><span class='ocrx_word' id='word_1_101' title='bbox 260 1697 355 1757; x_wconf 91' lang='lat' dir='ltr'>Iulius</span> <span class='ocrx_word' id='word_1_102' title='bbox 375 1717 449 1775; x_wconf 91' lang='lat' dir='ltr'>puer</span> <span class='ocrx_word' id='word_1_103' title='bbox 470 1697 644 1756; x_wconf 78' lang='lat' dir='ltr'>arbusculas</span> <span class='ocrx_word' id='word_1_104' title='bbox 666 1698 782 1756; x_wconf 85' lang='lat' dir='ltr'>furatus</span> <span class='ocrx_word' id='word_1_105' title='bbox 807 1697 837 1755; x_wconf 93' lang='lat' dir='ltr'>in</span> <span class='ocrx_word' id='word_1_106' title='bbox 859 1717 913 1757; x_wconf 91' lang='lat' dir='ltr'>suo</span> <span class='ocrx_word' id='word_1_107' title='bbox 934 1698 1020 1756; x_wconf 89' lang='lat' dir='ltr'>horto</span> <span class='ocrx_word' id='word_1_108' title='bbox 1040 1697 1202 1775; x_wconf 85' lang='lat' dir='ltr'>plautavit:</span> <span class='ocrx_word' id='word_1_109' title='bbox 1225 1718 1334 1768; x_wconf 83' lang='lat' dir='ltr'>senex,</span> <span class='ocrx_word' id='word_1_110' title='bbox 1356 1718 1424 1758; x_wconf 89' lang='lat' dir='ltr'>cum</span> <span class='ocrx_word' id='word_1_111' title='bbox 1445 1719 1497 1777; x_wconf 90' lang='lat' dir='ltr'>per</span> 
     </span>
     <span class='ocr_line' id='line_1_14' title="bbox 172 1777 1495 1856; baseline 0.002 -20"><span class='ocrx_word' id='word_1_112' title='bbox 172 1798 266 1837; x_wconf 90' lang='lat' dir='ltr'>anuos</span> <span class='ocrx_word' id='word_1_113' title='bbox 287 1779 365 1837; x_wconf 88' lang='lat' dir='ltr'>mala</span> <span class='ocrx_word' id='word_1_114' title='bbox 387 1782 417 1837; x_wconf 91' lang='lat' dir='ltr'>et</span> <span class='ocrx_word' id='word_1_115' title='bbox 437 1777 501 1854; x_wconf 86' lang='lat' dir='ltr'>pira</span> <span class='ocrx_word' id='word_1_116' title='bbox 522 1777 614 1835; x_wconf 87' lang='lat' dir='ltr'>multa</span> <span class='ocrx_word' id='word_1_117' title='bbox 635 1797 673 1835; x_wconf 86' lang='lat' dir='ltr'>ex</span> <span class='ocrx_word' id='word_1_118' title='bbox 693 1777 731 1836; x_wconf 90' lang='lat' dir='ltr'>iis</span> <span class='ocrx_word' id='word_1_119' title='bbox 753 1777 922 1853; x_wconf 76' lang='lat' dir='ltr'>collegisset</span> <span class='ocrx_word' id='word_1_120' title='bbox 944 1778 1026 1836; x_wconf 91' lang='lat' dir='ltr'>etin</span> <span class='ocrx_word' id='word_1_121' title='bbox 1047 1797 1082 1837; x_wconf 93' lang='lat' dir='ltr'>eo</span> <span class='ocrx_word' id='word_1_122' title='bbox 1104 1783 1201 1849; x_wconf 90' lang='lat' dir='ltr'>esset,</span> <span class='ocrx_word' id='word_1_123' title='bbox 1224 1784 1258 1837; x_wconf 91' lang='lat' dir='ltr'>ut</span> <span class='ocrx_word' id='word_1_124' title='bbox 1279 1785 1341 1838; x_wconf 90' lang='lat' dir='ltr'>tres</span> <span class='ocrx_word' id='word_1_125' title='bbox 1362 1779 1495 1856; x_wconf 85' lang='lat' dir='ltr'>insignes</span> 
     </span>
     <span class='ocr_line' id='line_1_15' title="bbox 172 1856 1495 1934; baseline 0.002 -17"><span class='ocrx_word' id='word_1_126' title='bbox 172 1859 285 1918; x_wconf 88' lang='lat' dir='ltr'>abietes</span> <span class='ocrx_word' id='word_1_127' title='bbox 308 1877 382 1934; x_wconf 88' lang='lat' dir='ltr'>quae</span> <span class='ocrx_word' id='word_1_128' title='bbox 403 1862 569 1927; x_wconf 79' lang='lat' dir='ltr'>creverant,</span> <span class='ocrx_word' id='word_1_129' title='bbox 591 1856 740 1928; x_wconf 87' lang='lat' dir='ltr'>caederet,</span> <span class='ocrx_word' id='word_1_130' title='bbox 762 1858 873 1916; x_wconf 81' lang='lat' dir='ltr'>turtum</span> <span class='ocrx_word' id='word_1_131' title='bbox 894 1877 977 1916; x_wconf 92' lang='lat' dir='ltr'>suum</span> <span class='ocrx_word' id='word_1_132' title='bbox 1000 1858 1165 1917; x_wconf 89' lang='lat' dir='ltr'>confitetur.</span> <span class='ocrx_word' id='word_1_133' title='bbox 1207 1856 1495 1929; x_wconf 81' lang='lat' dir='ltr'>Neo-confessarius,</span> 
     </span>
     <span class='ocr_line' id='line_1_16' title="bbox 172 1936 1496 2015; baseline 0.002 -19"><span class='ocrx_word' id='word_1_134' title='bbox 172 1939 220 2014; x_wconf 89' lang='lat' dir='ltr'>qui</span> <span class='ocrx_word' id='word_1_135' title='bbox 242 1939 302 1997; x_wconf 89' lang='lat' dir='ltr'>alte</span> <span class='ocrx_word' id='word_1_136' title='bbox 322 1937 445 1998; x_wconf 84' lang='lat' dir='ltr'>retinuit</span> <span class='ocrx_word' id='word_1_137' title='bbox 466 1937 584 1996; x_wconf 85' lang='lat' dir='ltr'>axioma</span> <span class='ocrx_word' id='word_1_138' title='bbox 609 1937 686 2009; x_wconf 84' lang='lat' dir='ltr'>,Res</span> <span class='ocrx_word' id='word_1_139' title='bbox 706 1937 867 1996; x_wconf 78' lang='lat' dir='ltr'>fructificat</span> <span class='ocrx_word' id='word_1_140' title='bbox 888 1936 1034 2008; x_wconf 71' lang='lat' dir='ltr'>domino‘,</span> <span class='ocrx_word' id='word_1_141' title='bbox 1055 1938 1229 2015; x_wconf 87' lang='lat' dir='ltr'>pronuntiat</span> <span class='ocrx_word' id='word_1_142' title='bbox 1249 1938 1288 1997; x_wconf 84' lang='lat' dir='ltr'>in·</span> <span class='ocrx_word' id='word_1_143' title='bbox 1301 1939 1411 1999; x_wconf 91' lang='lat' dir='ltr'>Iulium</span> <span class='ocrx_word' id='word_1_144' title='bbox 1433 1960 1496 1999; x_wconf 90' lang='lat' dir='ltr'>sen·</span> 
     </span>
     <span class='ocr_line' id='line_1_17' title="bbox 172 2017 1496 2096; baseline 0.002 -19"><span class='ocrx_word' id='word_1_145' title='bbox 172 2018 304 2088; x_wconf 89' lang='lat' dir='ltr'>tentiam,</span> <span class='ocrx_word' id='word_1_146' title='bbox 327 2023 360 2076; x_wconf 91' lang='lat' dir='ltr'>ut</span> <span class='ocrx_word' id='word_1_147' title='bbox 373 2017 490 2077; x_wconf 91' lang='lat' dir='ltr'>domino</span> <span class='ocrx_word' id='word_1_148' title='bbox 511 2017 612 2076; x_wconf 84' lang='lat' dir='ltr'>eiusve</span> <span class='ocrx_word' id='word_1_149' title='bbox 633 2017 791 2077; x_wconf 86' lang='lat' dir='ltr'>heredibus</span> <span class='ocrx_word' id='word_1_150' title='bbox 812 2017 915 2077; x_wconf 89' lang='lat' dir='ltr'>reddat</span> <span class='ocrx_word' id='word_1_151' title='bbox 934 2018 1062 2096; x_wconf 87' lang='lat' dir='ltr'>pretium</span> <span class='ocrx_word' id='word_1_152' title='bbox 1083 2019 1232 2077; x_wconf 86' lang='lat' dir='ltr'>fructuum</span> <span class='ocrx_word' id='word_1_153' title='bbox 1253 2019 1447 2080; x_wconf 87' lang='lat' dir='ltr'>collectorum</span> <span class='ocrx_word' id='word_1_154' title='bbox 1468 2025 1496 2079; x_wconf 91' lang='lat' dir='ltr'>et</span> 
     </span>
     <span class='ocr_line' id='line_1_18' title="bbox 171 2098 590 2158; baseline -0.002 -1"><span class='ocrx_word' id='word_1_155' title='bbox 171 2107 233 2158; x_wconf 88' lang='lat' dir='ltr'>tres</span> <span class='ocrx_word' id='word_1_156' title='bbox 253 2098 321 2157; x_wconf 87' lang='lat' dir='ltr'>illas</span> <span class='ocrx_word' id='word_1_157' title='bbox 342 2098 456 2157; x_wconf 87' lang='lat' dir='ltr'>abietes</span> <span class='ocrx_word' id='word_1_158' title='bbox 478 2116 590 2157; x_wconf 87' lang='lat' dir='ltr'>cassas.</span> 
     </span>
    </p>

    <p class='ocr_par' dir='ltr' id='par_1_7' title="bbox 172 2177 1495 2416">
     <span class='ocr_line' id='line_1_19' title="bbox 260 2177 1495 2257; baseline 0.001 -19"><span class='ocrx_word' id='word_1_159' title='bbox 260 2178 402 2239; x_wconf 84' lang='lat' dir='ltr'>Similiter</span> <span class='ocrx_word' id='word_1_160' title='bbox 415 2178 572 2254; x_wconf 88' lang='lat' dir='ltr'>aliquando</span> <span class='ocrx_word' id='word_1_161' title='bbox 590 2178 668 2237; x_wconf 82' lang='lat' dir='ltr'>furto</span> <span class='ocrx_word' id='word_1_162' title='bbox 690 2177 814 2236; x_wconf 89' lang='lat' dir='ltr'>abstulit</span> <span class='ocrx_word' id='word_1_163' title='bbox 826 2178 926 2237; x_wconf 81' lang='lat' dir='ltr'>vicino</span> <span class='ocrx_word' id='word_1_164' title='bbox 948 2197 1001 2237; x_wconf 89' lang='lat' dir='ltr'>suo</span> <span class='ocrx_word' id='word_1_165' title='bbox 1022 2178 1134 2255; x_wconf 82' lang='lat' dir='ltr'>aliquot</span> <span class='ocrx_word' id='word_1_166' title='bbox 1153 2198 1220 2249; x_wconf 89' lang='lat' dir='ltr'>ova,</span> <span class='ocrx_word' id='word_1_167' title='bbox 1241 2198 1318 2254; x_wconf 89' lang='lat' dir='ltr'>quae</span> <span class='ocrx_word' id='word_1_168' title='bbox 1340 2180 1495 2257; x_wconf 85' lang='lat' dir='ltr'>supposuit</span> 
     </span>
     <span class='ocr_line' id='line_1_20' title="bbox 172 2257 1494 2336; baseline 0.002 -19"><span class='ocrx_word' id='word_1_169' title='bbox 172 2259 311 2335; x_wconf 87' lang='lat' dir='ltr'>gallinae,</span> <span class='ocrx_word' id='word_1_170' title='bbox 333 2258 426 2317; x_wconf 88' lang='lat' dir='ltr'>etita</span> <span class='ocrx_word' id='word_1_171' title='bbox 446 2257 599 2335; x_wconf 85' lang='lat' dir='ltr'>paullatim</span> <span class='ocrx_word' id='word_1_172' title='bbox 621 2257 677 2317; x_wconf 91' lang='lat' dir='ltr'>sibi</span> <span class='ocrx_word' id='word_1_173' title='bbox 698 2258 911 2334; x_wconf 88' lang='lat' dir='ltr'>procreandam</span> <span class='ocrx_word' id='word_1_174' title='bbox 925 2258 997 2317; x_wconf 88' lang='lat' dir='ltr'>fecit</span> <span class='ocrx_word' id='word_1_175' title='bbox 1018 2277 1155 2334; x_wconf 83' lang='lat' dir='ltr'>magnam</span> <span class='ocrx_word' id='word_1_176' title='bbox 1172 2258 1287 2336; x_wconf 90' lang='lat' dir='ltr'>copiam</span> <span class='ocrx_word' id='word_1_177' title='bbox 1308 2259 1494 2334; x_wconf 82' lang='lat' dir='ltr'>gallinarum,</span> 
     </span>
     <span class='ocr_line' id='line_1_21' title="bbox 172 2337 855 2416; baseline 0.003 -19"><span class='ocrx_word' id='word_1_178' title='bbox 172 2360 209 2397; x_wconf 84' lang='lat' dir='ltr'>ex</span> <span class='ocrx_word' id='word_1_179' title='bbox 230 2359 287 2416; x_wconf 89' lang='lat' dir='ltr'>qua</span> <span class='ocrx_word' id='word_1_180' title='bbox 308 2359 386 2397; x_wconf 89' lang='lat' dir='ltr'>nunc</span> <span class='ocrx_word' id='word_1_181' title='bbox 408 2358 466 2397; x_wconf 88' lang='lat' dir='ltr'>non</span> <span class='ocrx_word' id='word_1_182' title='bbox 487 2358 612 2415; x_wconf 87' lang='lat' dir='ltr'>parvum</span> <span class='ocrx_word' id='word_1_183' title='bbox 632 2339 745 2396; x_wconf 88' lang='lat' dir='ltr'>lucrum</span> <span class='ocrx_word' id='word_1_184' title='bbox 767 2337 855 2414; x_wconf 89' lang='lat' dir='ltr'>capit.</span> 
     </span>
    </p>

    <p class='ocr_par' dir='ltr' id='par_1_8' title="bbox 172 2418 1495 2816">
     <span class='ocr_line' id='line_1_22' title="bbox 260 2418 1495 2494; baseline 0.001 -17"><span class='ocrx_word' id='word_1_185' title='bbox 260 2419 356 2477; x_wconf 82' lang='lat' dir='ltr'>Etiam</span> <span class='ocrx_word' id='word_1_186' title='bbox 377 2438 500 2477; x_wconf 83' lang='lat' dir='ltr'>vaccam</span> <span class='ocrx_word' id='word_1_187' title='bbox 521 2418 674 2494; x_wconf 82' lang='lat' dir='ltr'>gravidam</span> <span class='ocrx_word' id='word_1_188' title='bbox 695 2418 827 2489; x_wconf 89' lang='lat' dir='ltr'>abstulit,</span> <span class='ocrx_word' id='word_1_189' title='bbox 849 2437 945 2494; x_wconf 88' lang='lat' dir='ltr'>quam,</span> <span class='ocrx_word' id='word_1_190' title='bbox 967 2422 1038 2477; x_wconf 90' lang='lat' dir='ltr'>nato</span> <span class='ocrx_word' id='word_1_191' title='bbox 1054 2418 1157 2489; x_wconf 80' lang='lat' dir='ltr'>vitulo,</span> <span class='ocrx_word' id='word_1_192' title='bbox 1179 2418 1296 2478; x_wconf 92' lang='lat' dir='ltr'>domino</span> <span class='ocrx_word' id='word_1_193' title='bbox 1317 2419 1495 2479; x_wconf 88' lang='lat' dir='ltr'>reddendam</span> 
     </span>
     <span class='ocr_line' id='line_1_23' title="bbox 172 2498 1494 2575; baseline 0.002 -18"><span class='ocrx_word' id='word_1_194' title='bbox 172 2504 265 2558; x_wconf 89' lang='lat' dir='ltr'>curat.</span> <span class='ocrx_word' id='word_1_195' title='bbox 290 2499 431 2568; x_wconf 88' lang='lat' dir='ltr'>Vitulum,</span> <span class='ocrx_word' id='word_1_196' title='bbox 453 2498 687 2574; x_wconf 90' lang='lat' dir='ltr'>quemdominus</span> <span class='ocrx_word' id='word_1_197' title='bbox 708 2517 767 2557; x_wconf 92' lang='lat' dir='ltr'>non</span> <span class='ocrx_word' id='word_1_198' title='bbox 782 2503 942 2569; x_wconf 87' lang='lat' dir='ltr'>servasset,</span> <span class='ocrx_word' id='word_1_199' title='bbox 965 2503 1067 2557; x_wconf 87' lang='lat' dir='ltr'>servat</span> <span class='ocrx_word' id='word_1_200' title='bbox 1083 2503 1113 2557; x_wconf 90' lang='lat' dir='ltr'>et</span> <span class='ocrx_word' id='word_1_201' title='bbox 1129 2498 1231 2568; x_wconf 89' lang='lat' dir='ltr'>nutrit,</span> <span class='ocrx_word' id='word_1_202' title='bbox 1253 2498 1338 2574; x_wconf 89' lang='lat' dir='ltr'>isque</span> <span class='ocrx_word' id='word_1_203' title='bbox 1358 2498 1390 2558; x_wconf 91' lang='lat' dir='ltr'>in</span> <span class='ocrx_word' id='word_1_204' title='bbox 1412 2520 1494 2575; x_wconf 83' lang='lat' dir='ltr'>gran·</span> 
     </span>
     <span class='ocr_line' id='line_1_24' title="bbox 172 2578 1494 2655; baseline 0.002 -19"><span class='ocrx_word' id='word_1_205' title='bbox 172 2579 237 2637; x_wconf 89' lang='lat' dir='ltr'>dem</span> <span class='ocrx_word' id='word_1_206' title='bbox 263 2581 369 2638; x_wconf 87' lang='lat' dir='ltr'>bovem</span> <span class='ocrx_word' id='word_1_207' title='bbox 397 2579 500 2640; x_wconf 85' lang='lat' dir='ltr'>crevit.</span> <span class='ocrx_word' id='word_1_208' title='bbox 546 2578 637 2637; x_wconf 91' lang='lat' dir='ltr'>Putat</span> <span class='ocrx_word' id='word_1_209' title='bbox 665 2584 762 2636; x_wconf 89' lang='lat' dir='ltr'>autem</span> <span class='ocrx_word' id='word_1_210' title='bbox 790 2598 823 2638; x_wconf 88' lang='lat' dir='ltr'>ss</span> <span class='ocrx_word' id='word_1_211' title='bbox 851 2581 956 2637; x_wconf 89' lang='lat' dir='ltr'>bovem</span> <span class='ocrx_word' id='word_1_212' title='bbox 983 2597 1037 2655; x_wconf 90' lang='lat' dir='ltr'>pro</span> <span class='ocrx_word' id='word_1_213' title='bbox 1065 2578 1163 2638; x_wconf 89' lang='lat' dir='ltr'>fructu</span> <span class='ocrx_word' id='word_1_214' title='bbox 1191 2578 1361 2638; x_wconf 88' lang='lat' dir='ltr'>iudustriali</span> <span class='ocrx_word' id='word_1_215' title='bbox 1386 2580 1494 2640; x_wconf 88' lang='lat' dir='ltr'>habere</span> 
     </span>
     <span class='ocr_line' id='line_1_25' title="bbox 172 2658 1493 2737; baseline 0.002 -20"><span class='ocrx_word' id='word_1_216' title='bbox 172 2665 202 2718; x_wconf 90' lang='lat' dir='ltr'>et</span> <span class='ocrx_word' id='word_1_217' title='bbox 229 2658 286 2718; x_wconf 90' lang='lat' dir='ltr'>sibi</span> <span class='ocrx_word' id='word_1_218' title='bbox 314 2659 441 2718; x_wconf 90' lang='lat' dir='ltr'>retinere</span> <span class='ocrx_word' id='word_1_219' title='bbox 465 2678 567 2734; x_wconf 88' lang='lat' dir='ltr'>posss;</span> <span class='ocrx_word' id='word_1_220' title='bbox 597 2658 723 2735; x_wconf 90' lang='lat' dir='ltr'>pretium</span> <span class='ocrx_word' id='word_1_221' title='bbox 745 2665 844 2718; x_wconf 88' lang='lat' dir='ltr'>autem</span> <span class='ocrx_word' id='word_1_222' title='bbox 865 2658 952 2717; x_wconf 88' lang='lat' dir='ltr'>vituli</span> <span class='ocrx_word' id='word_1_223' title='bbox 973 2659 1158 2735; x_wconf 90' lang='lat' dir='ltr'>compensari</span> <span class='ocrx_word' id='word_1_224' title='bbox 1180 2658 1319 2736; x_wconf 90' lang='lat' dir='ltr'>expensis</span> <span class='ocrx_word' id='word_1_225' title='bbox 1341 2659 1403 2719; x_wconf 90' lang='lat' dir='ltr'>illis</span> <span class='ocrx_word' id='word_1_226' title='bbox 1424 2680 1493 2737; x_wconf 87' lang='lat' dir='ltr'>quas</span> 
     </span>
     <span class='ocr_line' id='line_1_26' title="bbox 172 2739 755 2816; baseline -0.002 -18"><span class='ocrx_word' id='word_1_227' title='bbox 172 2741 285 2798; x_wconf 86' lang='lat' dir='ltr'>fecerat</span> <span class='ocrx_word' id='word_1_228' title='bbox 305 2759 358 2816; x_wconf 91' lang='lat' dir='ltr'>pre</span> <span class='ocrx_word' id='word_1_229' title='bbox 380 2739 486 2797; x_wconf 89' lang='lat' dir='ltr'>alenda</span> <span class='ocrx_word' id='word_1_230' title='bbox 508 2758 600 2797; x_wconf 88' lang='lat' dir='ltr'>vacca</span> <span class='ocrx_word' id='word_1_231' title='bbox 622 2739 755 2813; x_wconf 83' lang='lat' dir='ltr'>gravida.</span> 
     </span>
    </p>
   </div>
   <div class='ocr_carea' id='block_1_7' title="bbox 172 2843 1438 3098">
    <p class='ocr_par' dir='ltr' id='par_1_9' title="bbox 172 2843 1438 3098">
     <span class='ocr_line' id='line_1_27' title="bbox 172 2843 1191 2920; baseline 0 -17"><span class='ocrx_word' id='word_1_232' title='bbox 172 2843 348 2913; x_wconf 75' lang='lat' dir='ltr'>Quaumrun</span> <span class='ocrx_word' id='word_1_233' title='bbox 371 2846 400 2902; x_wconf 78' lang='grc' dir='ltr'>1ο</span> <span class='ocrx_word' id='word_1_234' title='bbox 425 2844 493 2920; x_wconf 91' lang='lat' dir='ltr'>quid</span> <span class='ocrx_word' id='word_1_235' title='bbox 514 2845 671 2903; x_wconf 88' lang='lat' dir='ltr'>restituere</span> <span class='ocrx_word' id='word_1_236' title='bbox 693 2845 799 2902; x_wconf 90' lang='lat' dir='ltr'>debeat</span> <span class='ocrx_word' id='word_1_237' title='bbox 820 2863 977 2920; x_wconf 90' lang='lat' dir='ltr'>possessor</span> <span class='ocrx_word' id='word_1_238' title='bbox 997 2845 1093 2903; x_wconf 88' lang='lat' dir='ltr'>malae</span> <span class='ocrx_word' id='word_1_239' title='bbox 1114 2844 1191 2904; x_wconf 89' lang='lat' dir='ltr'>fidei.</span> 
     </span>
     <span class='ocr_line' id='line_1_28' title="bbox 370 2931 1438 3010; baseline 0.004 -21"><span class='ocrx_word' id='word_1_240' title='bbox 370 2934 400 2989; x_wconf 84' lang='grc'>20</span> <span class='ocrx_word' id='word_1_241' title='bbox 425 2932 557 3008; x_wconf 87' lang='lat' dir='ltr'>possitne</span> <span class='ocrx_word' id='word_1_242' title='bbox 578 2932 627 2990; x_wconf 92' lang='lat' dir='ltr'>ille</span> <span class='ocrx_word' id='word_1_243' title='bbox 649 2932 764 2990; x_wconf 85' lang='lat' dir='ltr'>fructus</span> <span class='ocrx_word' id='word_1_244' title='bbox 786 2932 913 2991; x_wconf 88' lang='lat' dir='ltr'>retinere</span> <span class='ocrx_word' id='word_1_245' title='bbox 935 2937 965 2990; x_wconf 89' lang='lat' dir='ltr'>et</span> <span class='ocrx_word' id='word_1_246' title='bbox 987 2931 1042 2990; x_wconf 91' lang='lat' dir='ltr'>sibi</span> <span class='ocrx_word' id='word_1_247' title='bbox 1064 2951 1256 3008; x_wconf 88' lang='lat' dir='ltr'>compensare</span> <span class='ocrx_word' id='word_1_248' title='bbox 1278 2951 1438 3010; x_wconf 88' lang='lat' dir='ltr'>expensas.</span> 
     </span>
     <span class='ocr_line' id='line_1_29' title="bbox 370 3020 1298 3098; baseline 0.001 -20"><span class='ocrx_word' id='word_1_249' title='bbox 370 3022 401 3079; x_wconf 78' lang='lat'>3⁰</span> <span class='ocrx_word' id='word_1_250' title='bbox 426 3020 546 3096; x_wconf 90' lang='lat' dir='ltr'>quidin</span> <span class='ocrx_word' id='word_1_251' title='bbox 568 3020 687 3079; x_wconf 86' lang='lat' dir='ltr'>casibus</span> <span class='ocrx_word' id='word_1_252' title='bbox 708 3020 869 3098; x_wconf 89' lang='lat' dir='ltr'>propositis</span> <span class='ocrx_word' id='word_1_253' title='bbox 890 3021 983 3079; x_wconf 90' lang='lat' dir='ltr'>Iulius</span> <span class='ocrx_word' id='word_1_254' title='bbox 1004 3021 1162 3079; x_wconf 89' lang='lat' dir='ltr'>restituere</span> <span class='ocrx_word' id='word_1_255' title='bbox 1183 3021 1298 3080; x_wconf 90' lang='lat' dir='ltr'>debeat.</span> 
     </span>
    </p>
   </div>
   <div class='ocr_carea' id='block_1_8' title="bbox 766 3203 901 3270">
    <p class='ocr_par' dir='ltr' id='par_1_10' title="bbox 766 3203 901 3270">
     <span class='ocr_line' id='line_1_30' title="bbox 766 3203 901 3270; baseline -0.015 0"><span class='ocrx_word' id='word_1_256' title='bbox 766 3203 901 3270; x_wconf 82' lang='lat' dir='ltr'>Salutio.</span> 
     </span>
    </p>
   </div>
   <div class='ocr_carea' id='block_1_9' title="bbox 110 3342 1494 3784">
    <p class='ocr_par' dir='ltr' id='par_1_11' title="bbox 110 3342 1494 3784">
     <span class='ocr_line' id='line_1_31' title="bbox 110 3342 1494 3421; baseline -0.007 -1"><span class='ocrx_word' id='word_1_257' title='bbox 110 3367 161 3420; x_wconf 81' lang='lat'>652</span> <span class='ocrx_word' id='word_1_258' title='bbox 260 3346 312 3410; x_wconf 87' lang='lat' dir='ltr'>An</span> <span class='ocrx_word' id='word_1_259' title='bbox 336 3365 526 3421; x_wconf 73' lang='lat' dir='ltr'>ouansrruu</span> <span class='ocrx_word' id='word_1_260' title='bbox 554 3349 590 3408; x_wconf 70' lang='lat'>1¹²</span> <span class='ocrx_word' id='word_1_261' title='bbox 613 3345 651 3410; x_wconf 89' lang='lat' dir='ltr'>R.</span> <span class='ocrx_word' id='word_1_262' title='bbox 679 3348 708 3409; x_wconf 90' lang='lat'>1.</span> <span class='ocrx_word' id='word_1_263' title='bbox 755 3343 929 3409; x_wconf 89' lang='lat' dir='ltr'>Possessor</span> <span class='ocrx_word' id='word_1_264' title='bbox 958 3342 1064 3408; x_wconf 88' lang='lat' dir='ltr'>malae</span> <span class='ocrx_word' id='word_1_265' title='bbox 1094 3343 1168 3408; x_wconf 86' lang='lat' dir='ltr'>fidei</span> <span class='ocrx_word' id='word_1_266' title='bbox 1197 3343 1372 3410; x_wconf 87' lang='lat' dir='ltr'>restituere</span> <span class='ocrx_word' id='word_1_267' title='bbox 1400 3347 1494 3412; x_wconf 87' lang='lat' dir='ltr'>debet</span> 
     </span>
     <span class='ocr_line' id='line_1_32' title="bbox 174 3431 1493 3518; baseline 0.001 -20"><span class='ocrx_word' id='word_1_268' title='bbox 174 3437 205 3516; x_wconf 88' lang='grc'>1)</span> <span class='ocrx_word' id='word_1_269' title='bbox 229 3434 325 3500; x_wconf 90' lang='lat' dir='ltr'>titulo</span> <span class='ocrx_word' id='word_1_270' title='bbox 355 3433 570 3518; x_wconf 85' lang='lat' dir='ltr'>possessionis</span> <span class='ocrx_word' id='word_1_271' title='bbox 599 3433 705 3517; x_wconf 90' lang='lat' dir='ltr'>ipsam</span> <span class='ocrx_word' id='word_1_272' title='bbox 734 3453 802 3497; x_wconf 92' lang='lat' dir='ltr'>rem</span> <span class='ocrx_word' id='word_1_273' title='bbox 834 3431 990 3506; x_wconf 90' lang='lat' dir='ltr'>alienam,</span> <span class='ocrx_word' id='word_1_274' title='bbox 1021 3432 1054 3496; x_wconf 94' lang='lat' dir='ltr'>in</span> <span class='ocrx_word' id='word_1_275' title='bbox 1077 3453 1113 3496; x_wconf 91' lang='lat' dir='ltr'>se</span> <span class='ocrx_word' id='word_1_276' title='bbox 1137 3432 1189 3497; x_wconf 90' lang='lat' dir='ltr'>vel</span> <span class='ocrx_word' id='word_1_277' title='bbox 1212 3431 1245 3497; x_wconf 93' lang='lat' dir='ltr'>in</span> <span class='ocrx_word' id='word_1_278' title='bbox 1273 3435 1493 3516; x_wconf 88' lang='lat' dir='ltr'>aequivalenti</span> 
     </span>
     <span class='ocr_line' id='line_1_33' title="bbox 172 3520 1493 3604; baseline 0.001 -17"><span class='ocrx_word' id='word_1_279' title='bbox 172 3523 401 3598; x_wconf 88' lang='lat' dir='ltr'>exsistentem;</span> <span class='ocrx_word' id='word_1_280' title='bbox 432 3523 529 3604; x_wconf 91' lang='lat' dir='ltr'>idque</span> <span class='ocrx_word' id='word_1_281' title='bbox 552 3522 662 3588; x_wconf 87' lang='lat' dir='ltr'>facere</span> <span class='ocrx_word' id='word_1_282' title='bbox 686 3522 798 3598; x_wconf 86' lang='lat' dir='ltr'>debet,</span> <span class='ocrx_word' id='word_1_283' title='bbox 827 3520 955 3587; x_wconf 90' lang='lat' dir='ltr'>etiamsi</span> <span class='ocrx_word' id='word_1_284' title='bbox 978 3521 1059 3585; x_wconf 89' lang='lat' dir='ltr'>haec</span> <span class='ocrx_word' id='word_1_285' title='bbox 1083 3521 1248 3587; x_wconf 87' lang='lat' dir='ltr'>restitutio</span> <span class='ocrx_word' id='word_1_286' title='bbox 1272 3523 1370 3589; x_wconf 89' lang='lat' dir='ltr'>cedat</span> <span class='ocrx_word' id='word_1_287' title='bbox 1392 3524 1443 3590; x_wconf 89' lang='lat' dir='ltr'>ita</span> <span class='ocrx_word' id='word_1_288' title='bbox 1464 3525 1493 3589; x_wconf 92' lang='lat' dir='ltr'>in</span> 
     </span>
     <span class='ocr_line' id='line_1_34' title="bbox 171 3609 1493 3693; baseline 0.004 -18"><span class='ocrx_word' id='word_1_289' title='bbox 171 3613 423 3677; x_wconf 89' lang='lat' dir='ltr'>emolumentum</span> <span class='ocrx_word' id='word_1_290' title='bbox 454 3611 591 3688; x_wconf 85' lang='lat' dir='ltr'>domini,</span> <span class='ocrx_word' id='word_1_291' title='bbox 622 3617 659 3677; x_wconf 89' lang='lat' dir='ltr'>ut</span> <span class='ocrx_word' id='word_1_292' title='bbox 688 3610 756 3688; x_wconf 90' lang='lat' dir='ltr'>hic,</span> <span class='ocrx_word' id='word_1_293' title='bbox 787 3610 813 3675; x_wconf 91' lang='lat' dir='ltr'>si</span> <span class='ocrx_word' id='word_1_294' title='bbox 845 3610 877 3674; x_wconf 93' lang='lat' dir='ltr'>in</span> <span class='ocrx_word' id='word_1_295' title='bbox 909 3609 1113 3693; x_wconf 86' lang='lat' dir='ltr'>possessione</span> <span class='ocrx_word' id='word_1_296' title='bbox 1136 3610 1182 3675; x_wconf 91' lang='lat' dir='ltr'>rei</span> <span class='ocrx_word' id='word_1_297' title='bbox 1207 3631 1285 3676; x_wconf 87' lang='lat' dir='ltr'>suae</span> <span class='ocrx_word' id='word_1_298' title='bbox 1308 3614 1493 3690; x_wconf 89' lang='lat' dir='ltr'>mansisset,</span> 
     </span>
     <span class='ocr_line' id='line_1_35' title="bbox 170 3699 918 3784; baseline 0.001 -20"><span class='ocrx_word' id='word_1_299' title='bbox 170 3722 239 3764; x_wconf 90' lang='lat' dir='ltr'>rem</span> <span class='ocrx_word' id='word_1_300' title='bbox 262 3700 457 3784; x_wconf 90' lang='lat' dir='ltr'>perdidisset</span> <span class='ocrx_word' id='word_1_301' title='bbox 482 3700 534 3765; x_wconf 91' lang='lat' dir='ltr'>vel</span> <span class='ocrx_word' id='word_1_302' title='bbox 558 3701 752 3766; x_wconf 89' lang='lat' dir='ltr'>deteriorem</span> <span class='ocrx_word' id='word_1_303' title='bbox 776 3699 918 3765; x_wconf 86' lang='lat' dir='ltr'>fecisset.</span> 
     </span>
    </p>
   </div>
   <div class='ocr_carea' id='block_1_10' title="bbox 169 3804 1495 4417">
    <p class='ocr_par' dir='ltr' id='par_1_12' title="bbox 170 3804 1495 4158">
     <span class='ocr_line' id='line_1_36' title="bbox 259 3804 1495 3887; baseline 0.004 -17"><span class='ocrx_word' id='word_1_304' title='bbox 259 3806 297 3872; x_wconf 93' lang='lat' dir='ltr'>R.</span> <span class='ocrx_word' id='word_1_305' title='bbox 323 3809 353 3872; x_wconf 87' lang='lat'>2.</span> <span class='ocrx_word' id='word_1_306' title='bbox 400 3806 522 3883; x_wconf 89' lang='lat' dir='ltr'>Debet,</span> <span class='ocrx_word' id='word_1_307' title='bbox 551 3806 578 3870; x_wconf 90' lang='lat' dir='ltr'>si</span> <span class='ocrx_word' id='word_1_308' title='bbox 603 3805 750 3870; x_wconf 91' lang='lat' dir='ltr'>dominus</span> <span class='ocrx_word' id='word_1_309' title='bbox 773 3805 820 3870; x_wconf 91' lang='lat' dir='ltr'>rei</span> <span class='ocrx_word' id='word_1_310' title='bbox 844 3827 886 3870; x_wconf 92' lang='lat' dir='ltr'>ex</span> <span class='ocrx_word' id='word_1_311' title='bbox 909 3805 1010 3887; x_wconf 91' lang='lat' dir='ltr'>ipsius</span> <span class='ocrx_word' id='word_1_312' title='bbox 1034 3804 1081 3869; x_wconf 90' lang='lat' dir='ltr'>rei</span> <span class='ocrx_word' id='word_1_313' title='bbox 1104 3806 1251 3871; x_wconf 87' lang='lat' dir='ltr'>carentia</span> <span class='ocrx_word' id='word_1_314' title='bbox 1275 3807 1381 3873; x_wconf 89' lang='lat' dir='ltr'>maius</span> <span class='ocrx_word' id='word_1_315' title='bbox 1405 3809 1495 3875; x_wconf 91' lang='lat' dir='ltr'>dam·</span> 
     </span>
     <span class='ocr_line' id='line_1_37' title="bbox 170 3894 1494 3979; baseline 0.002 -20"><span class='ocrx_word' id='word_1_316' title='bbox 170 3916 245 3959; x_wconf 92' lang='lat' dir='ltr'>num</span> <span class='ocrx_word' id='word_1_317' title='bbox 263 3896 315 3960; x_wconf 93' lang='lat' dir='ltr'>vel</span> <span class='ocrx_word' id='word_1_318' title='bbox 331 3894 413 3959; x_wconf 91' lang='lat' dir='ltr'>lucri</span> <span class='ocrx_word' id='word_1_319' title='bbox 430 3894 593 3961; x_wconf 86' lang='lat' dir='ltr'>deiectum</span> <span class='ocrx_word' id='word_1_320' title='bbox 609 3895 706 3970; x_wconf 88' lang='lat' dir='ltr'>subit,</span> <span class='ocrx_word' id='word_1_321' title='bbox 732 3895 765 3976; x_wconf 85' lang='lat'>2)</span> <span class='ocrx_word' id='word_1_322' title='bbox 784 3899 889 3960; x_wconf 89' lang='lat' dir='ltr'>toturn</span> <span class='ocrx_word' id='word_1_323' title='bbox 907 3894 987 3958; x_wconf 88' lang='lat' dir='ltr'>illud</span> <span class='ocrx_word' id='word_1_324' title='bbox 1003 3894 1154 3959; x_wconf 88' lang='lat' dir='ltr'>damnum</span> <span class='ocrx_word' id='word_1_325' title='bbox 1171 3896 1304 3979; x_wconf 90' lang='lat' dir='ltr'>insuper</span> <span class='ocrx_word' id='word_1_326' title='bbox 1319 3898 1494 3964; x_wconf 88' lang='lat' dir='ltr'>restituere</span> 
     </span>
     <span class='ocr_line' id='line_1_38' title="bbox 170 3983 1494 4071; baseline 0.002 -21"><span class='ocrx_word' id='word_1_327' title='bbox 170 3984 266 4050; x_wconf 88' lang='lat' dir='ltr'>titulo</span> <span class='ocrx_word' id='word_1_328' title='bbox 295 3984 435 4049; x_wconf 90' lang='lat' dir='ltr'>iniustae</span> <span class='ocrx_word' id='word_1_329' title='bbox 467 3984 753 4061; x_wconf 85' lang='lat' dir='ltr'>damnificatiouis,</span> <span class='ocrx_word' id='word_1_330' title='bbox 785 3984 813 4047; x_wconf 86' lang='lat' dir='ltr'>si</span> <span class='ocrx_word' id='word_1_331' title='bbox 843 3983 938 4048; x_wconf 90' lang='lat' dir='ltr'>modo</span> <span class='ocrx_word' id='word_1_332' title='bbox 962 3984 1018 4048; x_wconf 85' lang='lat' dir='ltr'>illa</span> <span class='ocrx_word' id='word_1_333' title='bbox 1043 3985 1161 4049; x_wconf 89' lang='lat' dir='ltr'>damna</span> <span class='ocrx_word' id='word_1_334' title='bbox 1184 3985 1216 4048; x_wconf 92' lang='lat' dir='ltr'>in</span> <span class='ocrx_word' id='word_1_335' title='bbox 1241 3986 1377 4051; x_wconf 86' lang='lat' dir='ltr'>confuso</span> <span class='ocrx_word' id='word_1_336' title='bbox 1402 4009 1494 4071; x_wconf 90' lang='lat' dir='ltr'>prae·</span> 
     </span>
     <span class='ocr_line' id='line_1_39' title="bbox 170 4073 462 4158; baseline 0.003 -22"><span class='ocrx_word' id='word_1_337' title='bbox 170 4073 273 4137; x_wconf 91' lang='lat' dir='ltr'>videri</span> <span class='ocrx_word' id='word_1_338' title='bbox 297 4078 462 4158; x_wconf 90' lang='lat' dir='ltr'>poterant.</span> 
     </span>
    </p>

    <p class='ocr_par' dir='ltr' id='par_1_13' title="bbox 169 4160 1495 4417">
     <span class='ocr_line' id='line_1_40' title="bbox 260 4160 1494 4248; baseline 0 -20"><span class='ocrx_word' id='word_1_339' title='bbox 260 4163 351 4228; x_wconf 87' lang='lat' dir='ltr'>Haec</span> <span class='ocrx_word' id='word_1_340' title='bbox 375 4162 503 4244; x_wconf 86' lang='lat' dir='ltr'>quidem</span> <span class='ocrx_word' id='word_1_341' title='bbox 528 4183 569 4227; x_wconf 89' lang='lat' dir='ltr'>ex</span> <span class='ocrx_word' id='word_1_342' title='bbox 592 4162 662 4226; x_wconf 89' lang='lat' dir='ltr'>iure</span> <span class='ocrx_word' id='word_1_343' title='bbox 686 4160 838 4227; x_wconf 83' lang='lat' dir='ltr'>naturali.</span> <span class='ocrx_word' id='word_1_344' title='bbox 887 4161 918 4226; x_wconf 91' lang='lat' dir='ltr'>Si</span> <span class='ocrx_word' id='word_1_345' title='bbox 944 4161 1019 4243; x_wconf 91' lang='lat' dir='ltr'>quid</span> <span class='ocrx_word' id='word_1_346' title='bbox 1044 4162 1184 4245; x_wconf 89' lang='lat' dir='ltr'>amplius</span> <span class='ocrx_word' id='word_1_347' title='bbox 1206 4162 1378 4245; x_wconf 90' lang='lat' dir='ltr'>imponunt</span> <span class='ocrx_word' id='word_1_348' title='bbox 1406 4165 1494 4248; x_wconf 84' lang='lat' dir='ltr'>leges</span> 
     </span>
     <span class='ocr_line' id='line_1_41' title="bbox 170 4250 1495 4339; baseline 0.001 -23"><span class='ocrx_word' id='word_1_349' title='bbox 170 4252 294 4331; x_wconf 90' lang='lat' dir='ltr'>civiles,</span> <span class='ocrx_word' id='word_1_350' title='bbox 318 4253 360 4318; x_wconf 90' lang='lat' dir='ltr'>ad</span> <span class='ocrx_word' id='word_1_351' title='bbox 383 4251 415 4315; x_wconf 90' lang='lat' dir='ltr'>id</span> <span class='ocrx_word' id='word_1_352' title='bbox 439 4272 607 4334; x_wconf 88' lang='lat' dir='ltr'>possessor</span> <span class='ocrx_word' id='word_1_353' title='bbox 625 4251 731 4315; x_wconf 87' lang='lat' dir='ltr'>malae</span> <span class='ocrx_word' id='word_1_354' title='bbox 754 4250 828 4315; x_wconf 91' lang='lat' dir='ltr'>fidei</span> <span class='ocrx_word' id='word_1_355' title='bbox 854 4255 985 4315; x_wconf 89' lang='lat' dir='ltr'>tenetur</span> <span class='ocrx_word' id='word_1_356' title='bbox 1001 4251 1129 4315; x_wconf 91' lang='lat' dir='ltr'>demum</span> <span class='ocrx_word' id='word_1_357' title='bbox 1150 4252 1181 4315; x_wconf 92' lang='lat' dir='ltr'>in</span> <span class='ocrx_word' id='word_1_358' title='bbox 1198 4252 1399 4318; x_wconf 87' lang='lat' dir='ltr'>conscientia</span> <span class='ocrx_word' id='word_1_359' title='bbox 1423 4259 1495 4339; x_wconf 89' lang='lat' dir='ltr'>post</span> 
     </span>
     <span class='ocr_line' id='line_1_42' title="bbox 169 4340 1013 4417; baseline 0.004 -13"><span class='ocrx_word' id='word_1_360' title='bbox 169 4341 284 4406; x_wconf 87' lang='lat' dir='ltr'>iudicis</span> <span class='ocrx_word' id='word_1_361' title='bbox 308 4340 516 4417; x_wconf 87' lang='lat' dir='ltr'>sententiam,</span> <span class='ocrx_word' id='word_1_362' title='bbox 541 4345 640 4405; x_wconf 88' lang='lat' dir='ltr'>antea</span> <span class='ocrx_word' id='word_1_363' title='bbox 663 4340 704 4404; x_wconf 91' lang='lat' dir='ltr'>ad</span> <span class='ocrx_word' id='word_1_364' title='bbox 728 4340 760 4404; x_wconf 96' lang='lat' dir='ltr'>id</span> <span class='ocrx_word' id='word_1_365' title='bbox 784 4361 849 4404; x_wconf 92' lang='lat' dir='ltr'>non</span> <span class='ocrx_word' id='word_1_366' title='bbox 872 4343 1013 4407; x_wconf 92' lang='lat' dir='ltr'>tenetur.</span> 
     </span>
    </p>
   </div>
   <div class='ocr_carea' id='block_1_11' title="bbox 108 4454 1495 4716">
    <p class='ocr_par' dir='ltr' id='par_1_14' title="bbox 108 4454 1495 4716">
     <span class='ocr_line' id='line_1_43' title="bbox 108 4454 1494 4540; baseline 0.002 -20"><span class='ocrx_word' id='word_1_367' title='bbox 108 4481 159 4534; x_wconf 76' lang='lat'>653</span> <span class='ocrx_word' id='word_1_368' title='bbox 258 4455 311 4520; x_wconf 84' lang='lat' dir='ltr'>An</span> <span class='ocrx_word' id='word_1_369' title='bbox 327 4476 517 4531; x_wconf 78' lang='lat' dir='ltr'>ounnsrruu</span> <span class='ocrx_word' id='word_1_370' title='bbox 535 4458 573 4518; x_wconf 71' lang='lat'>2¹³</span> <span class='ocrx_word' id='word_1_371' title='bbox 596 4454 635 4521; x_wconf 87' lang='lat' dir='ltr'>R.</span> <span class='ocrx_word' id='word_1_372' title='bbox 656 4458 683 4519; x_wconf 89' lang='lat'>1.</span> <span class='ocrx_word' id='word_1_373' title='bbox 716 4454 768 4518; x_wconf 84' lang='lat' dir='ltr'>Ex</span> <span class='ocrx_word' id='word_1_374' title='bbox 791 4454 829 4519; x_wconf 90' lang='lat' dir='ltr'>R.</span> <span class='ocrx_word' id='word_1_375' title='bbox 856 4455 896 4518; x_wconf 85' lang='lat' dir='ltr'>ad</span> <span class='ocrx_word' id='word_1_376' title='bbox 920 4454 1109 4530; x_wconf 85' lang='lat' dir='ltr'>Quaesitum</span> <span class='ocrx_word' id='word_1_377' title='bbox 1128 4459 1164 4518; x_wconf 67' lang='lat'>1¹²</span> <span class='ocrx_word' id='word_1_378' title='bbox 1183 4456 1341 4537; x_wconf 88' lang='lat' dir='ltr'>sequitur,</span> <span class='ocrx_word' id='word_1_379' title='bbox 1367 4478 1494 4540; x_wconf 90' lang='lat' dir='ltr'>posses·</span> 
     </span>
     <span class='ocr_line' id='line_1_44' title="bbox 169 4543 1495 4628; baseline 0.002 -19"><span class='ocrx_word' id='word_1_380' title='bbox 169 4566 275 4610; x_wconf 89' lang='lat' dir='ltr'>sorem</span> <span class='ocrx_word' id='word_1_381' title='bbox 306 4545 413 4610; x_wconf 88' lang='lat' dir='ltr'>malae</span> <span class='ocrx_word' id='word_1_382' title='bbox 440 4543 516 4608; x_wconf 89' lang='lat' dir='ltr'>fidei</span> <span class='ocrx_word' id='word_1_383' title='bbox 539 4565 601 4608; x_wconf 93' lang='lat' dir='ltr'>non</span> <span class='ocrx_word' id='word_1_384' title='bbox 626 4544 731 4609; x_wconf 89' lang='lat' dir='ltr'>teneri</span> <span class='ocrx_word' id='word_1_385' title='bbox 755 4564 856 4607; x_wconf 88' lang='lat' dir='ltr'>exse</span> <span class='ocrx_word' id='word_1_386' title='bbox 880 4544 921 4609; x_wconf 91' lang='lat' dir='ltr'>ad</span> <span class='ocrx_word' id='word_1_387' title='bbox 945 4544 1100 4626; x_wconf 91' lang='lat' dir='ltr'>amplius;</span> <span class='ocrx_word' id='word_1_388' title='bbox 1132 4565 1211 4625; x_wconf 84' lang='lat' dir='ltr'>ergo</span> <span class='ocrx_word' id='word_1_389' title='bbox 1241 4551 1418 4628; x_wconf 90' lang='lat' dir='ltr'>postquam</span> <span class='ocrx_word' id='word_1_390' title='bbox 1448 4549 1495 4612; x_wconf 90' lang='lat' dir='ltr'>in·</span> 
     </span>
     <span class='ocr_line' id='line_1_45' title="bbox 170 4633 1495 4716; baseline 0.002 -18"><span class='ocrx_word' id='word_1_391' title='bbox 170 4634 295 4698; x_wconf 89' lang='lat' dir='ltr'>demnis</span> <span class='ocrx_word' id='word_1_392' title='bbox 326 4635 433 4698; x_wconf 82' lang='lat' dir='ltr'>lactus</span> <span class='ocrx_word' id='word_1_393' title='bbox 461 4638 513 4698; x_wconf 90' lang='lat' dir='ltr'>est</span> <span class='ocrx_word' id='word_1_394' title='bbox 537 4633 701 4710; x_wconf 91' lang='lat' dir='ltr'>dominus,</span> <span class='ocrx_word' id='word_1_395' title='bbox 732 4633 891 4697; x_wconf 88' lang='lat' dir='ltr'>deducere</span> <span class='ocrx_word' id='word_1_396' title='bbox 919 4637 1027 4716; x_wconf 85' lang='lat' dir='ltr'>potest</span> <span class='ocrx_word' id='word_1_397' title='bbox 1051 4653 1212 4716; x_wconf 87' lang='lat' dir='ltr'>expensas</span> <span class='ocrx_word' id='word_1_398' title='bbox 1236 4637 1441 4702; x_wconf 88' lang='lat' dir='ltr'>necessarias</span> <span class='ocrx_word' id='word_1_399' title='bbox 1464 4642 1495 4702; x_wconf 90' lang='lat' dir='ltr'>et</span> 
     </span>
    </p>
   </div>
   <div class='ocr_carea' id='block_1_12' title="bbox 0 0 1558 5168">
    <p class='ocr_par' dir='ltr' id='par_1_15' title="bbox 0 0 1558 5168">
     <span class='ocr_line' id='line_1_46' title="bbox 0 0 1558 5168; baseline 0 0"><span class='ocrx_word' id='word_1_400' title='bbox 0 0 1558 5168; x_wconf 95' lang='lat' dir='ltr'> </span> 
     </span>
    </p>
   </div>
  </div>
 </body>
</html>
