3106 5168
321 304 391 358 Iuris
409 303 476 358 laesi
495 305 639 374 reparatio.
659 334 694 342 -
713 306 860 358 Ercrcaalio
880 307 949 357 irata
968 322 1004 356 on
1023 307 1132 358 iniusta.
1322 306 1386 372 389

62 481 167 546 tiatur
190 485 224 546 et
247 502 383 564 quorum
406 481 554 558 interest,
579 485 690 546 uotam
713 481 849 546 reddere
869 480 966 546 debet
989 478 1121 559 (saltem
1144 501 1203 562 per
1225 478 1388 562 publicam

63 569 307 653 inscriptionem
329 571 362 634 in
381 569 511 646 tabulis,
537 590 620 652 quae
643 570 758 652 inspici
776 591 795 635 a
811 569 947 651 singulis
963 569 1120 652 possint);
1146 569 1180 648 2)
1205 568 1387 633 Gaudentio

63 681 128 723 non
144 659 222 724 licet
237 659 478 740 negotiationes
494 659 574 724 adeo
591 658 792 742 periculosas
807 658 899 735 inire,
921 678 1004 739 quae
1019 680 1115 743 praec
1130 657 1286 723 inducant
1301 657 1388 741 peri-

63 749 171 812 culum
195 769 231 812 se
254 748 407 813 reddendi
432 747 662 830 impotentem:
691 769 765 812 nam
790 768 828 813 eo
852 747 922 831 ipso
945 746 1065 812 iniuste
1089 745 1159 828 agit
1183 752 1296 812 contra
1320 768 1387 825 eos,

62 858 144 918 erga
168 858 249 918 quos
273 837 438 904 contrahit
461 836 580 914 debita,
605 857 689 919 quae
713 838 842 901 solvere
865 835 1087 900 verisimiliter
1110 856 1173 900 non
1198 835 1311 918 possit.

155 943 192 1008 a.
220 945 249 1007 3.
283 941 418 1017 Quando
442 941 629 1023 negotiator
653 942 693 1006 ab
717 941 810 1007 initio
833 942 914 1007 baec
938 940 1018 1023 agit,
1043 945 1080 1006 ut
1103 941 1258 1005 bonorum
1282 941 1452 1006 maxi-772

63 1054 150 1096 mam
180 1036 308 1114 partem
338 1030 371 1095 in
401 1052 537 1095 uxorem
567 1031 767 1108 transferat,
802 1051 865 1112 quo
895 1031 1040 1095 securius
1072 1029 1233 1111 negotiari
1264 1031 1386 1113 possit:
1415 1063 1418 1069 ν

62 1121 242 1186 timendum
267 1125 334 1196 est,
366 1141 406 1183 ne
431 1119 585 1185 audacior
609 1120 753 1202 pericula
777 1120 876 1184 etiam
899 1119 1016 1201 gravia
1039 1119 1148 1184 damni
1179 1123 1329 1202 spernat,
1361 1119 1389 1183 si

63 1210 160 1274 simul
192 1208 279 1274 adsit
308 1229 383 1292 spes
414 1208 539 1290 aliqua,
571 1209 633 1272 etsi
660 1208 781 1286 minor,
812 1208 923 1290 magni
946 1208 1043 1285 lucri,
1076 1212 1174 1291 atque
1204 1208 1252 1273 ita
1275 1211 1390 1291 peccet

63 1304 180 1363 contra
209 1319 281 1374 eos,
313 1318 394 1378 erga
424 1319 503 1378 quos
535 1298 645 1362 debita
675 1297 896 1363 verisimiliter
928 1318 992 1362 non
1023 1296 1173 1362 solubilia
1204 1297 1388 1362 contrahat.

63 1388 129 1453 Sed
152 1388 179 1451 si
203 1408 320 1451 revera
343 1407 363 1450 a
386 1386 446 1452 tali
470 1386 608 1451 audacia
631 1390 728 1452 cavet
752 1391 786 1452 et
812 1386 1014 1451 solummodo
1037 1386 1183 1470 pericula
1207 1385 1390 1451 communia

62 1483 98 1541 et
122 1476 286 1541 ordinaria
310 1475 411 1552 subit,
436 1497 501 1539 non
524 1481 654 1559 peccat,
680 1475 743 1541 etsi
767 1496 809 1540 ex
833 1497 922 1540 mero
945 1475 1124 1541 infortunio
1147 1475 1308 1540 interdum
1334 1496 1389 1540 ac-

62 1566 162 1641 cidat,
187 1570 224 1631 ut
246 1563 322 1630 talis
346 1564 534 1646 negotiator
556 1565 712 1629 solvendo
736 1564 842 1648 impar
866 1564 997 1632 evadat.

153 1681 206 1743 An
222 1699 412 1754 Qunnsrrun
429 1681 467 1743 3³¹
487 1679 525 1744 R.
568 1679 605 1743 ln
628 1678 795 1762 proposito
819 1700 897 1744 casu
921 1678 1094 1744 translatio
1118 1679 1274 1744 bonorum
1300 1679 1391 1744 fucta

62 1774 125 1845 cst,
151 1790 222 1832 cuni
247 1768 311 1833 iam
330 1767 506 1833 exsisteret
530 1767 707 1850 periculum
725 1767 844 1833 damni.
884 1768 969 1832 Hinc
986 1772 1020 1834 ct
1037 1767 1238 1833 Gaudentius
1262 1767 1391 1832 iniusti·

61 1857 145 1923 tiam
161 1856 332 1932 commisit,
357 1861 391 1920 et
414 1856 552 1921 uxorin
576 1877 616 1921 ea
632 1860 808 1939 cooperata
824 1861 884 1922 est.
925 1856 1130 1939 Quapropter
1152 1856 1283 1921 indubie
1306 1878 1392 1921 uxor

63 1950 196 2012 tenetur
218 1946 251 2010 in
276 1945 473 2010 conscientia
498 1946 626 2010 solvere
650 1945 760 2010 debita
790 1945 898 2011 mariti
923 1966 964 2010 ex
988 1946 1081 2010 bonis
1105 1946 1146 2010 ab
1171 1967 1209 2010 eo
1234 1945 1390 2027 acceptis,

62 2036 127 2101 etsi
151 2036 224 2116 lege
247 2033 390 2116 regionis
414 2036 486 2115 cogi
510 2055 574 2099 non
597 2034 711 2118 possit.

528 2245 673 2311 CESSIO
697 2245 925 2312 BONORUM.

620 2394 731 2460 Casus.
759 2402 834 2470 (aaa)

155 2527 267 2595 Castor,
290 2525 320 2583 in
342 2525 404 2583 suis
426 2526 678 2601 speculationibus
699 2525 859 2586 infortunio
880 2531 995 2596 tactus,
1017 2527 1158 2585 solvendo
1180 2526 1274 2604 impar
1295 2527 1390 2587 decla·

63 2612 149 2664 ratus
172 2607 206 2664 de
227 2625 305 2664 novo
326 2605 431 2681 incipit
452 2625 518 2663 cum
540 2624 632 2664 uxore
658 2624 712 2664 sua
734 2607 851 2682 aliquod
873 2606 1033 2680 negotium,
1056 2607 1131 2681 quod
1153 2607 1228 2666 satis
1250 2627 1391 2685 prospere

64 2687 206 2746 succedit.
238 2685 360 2745 Castore
382 2686 464 2744 brevi
485 2691 553 2762 post
568 2687 715 2757 defuncto,
737 2706 812 2745 uxor
826 2687 977 2761 negotium
998 2687 1069 2745 illud
1091 2688 1281 2763 porregerit,
1303 2695 1391 2764 atque

63 2774 127 2825 tum
156 2787 193 2824 ex
220 2766 311 2825 lucris
339 2766 450 2840 negotii
478 2773 540 2823 tum
562 2785 598 2824 ex
621 2766 687 2825 aliis
709 2767 793 2825 donis
822 2773 852 2825 et
875 2767 1019 2825 reditibus
1046 2769 1124 2825 bona
1152 2769 1274 2826 multum
1296 2769 1391 2838 auxit,

64 2848 107 2905 ita
136 2854 168 2904 ut
195 2846 254 2905 ianr
275 2847 340 2904 sine
362 2847 421 2904 ullo
443 2846 625 2904 condicionis
653 2866 725 2904 suae
749 2846 925 2905 detrimento
947 2848 1068 2922 antiqua
1096 2848 1147 2905 illa
1169 2848 1286 2918 debita,
1316 2868 1391 2924 quae

64 2926 190 2985 maritus
209 2946 268 2985 non
284 2926 380 2984 soluta
395 2926 519 3001 reliquit,
542 2926 638 3003 possit
658 2927 857 3001 exstinguere.
894 2927 1016 2997 Quaerit
1031 2932 1128 2985 autern
1144 2947 1181 2985 ex
1197 2928 1390 2999 confessario,

64 3027 135 3066 uum
157 3009 234 3065 bona
255 3007 380 3065 collecta
401 3006 430 3063 in
452 3006 530 3064 hunc
551 3007 637 3064 finem
660 3008 827 3082 expendere
848 3012 993 3065 teneatur.

153 3087 189 3145 ln
211 3086 383 3161 quaestione
404 3087 564 3162 proposita,
586 3094 619 3144 ut
640 3086 749 3145 iustum
771 3087 811 3145 sit
827 3107 1010 3162 responsum,
1033 3086 1139 3161 inquiri
1155 3087 1250 3157 debet,
1273 3107 1340 3145 seu:

64 3192 242 3261 Qunsurrua
264 3193 293 3249 1ο
318 3210 387 3249 num
401 3191 534 3259 maritus,
557 3190 582 3248 si
596 3190 721 3261 viveret,
744 3191 864 3249 deberet
878 3191 977 3249 debita
997 3190 1049 3248 illa
1064 3191 1152 3248 etiam
1168 3211 1246 3250 nunc
1265 3191 1389 3252 solvere.

263 3281 293 3337 2⁰
318 3299 461 3354 quaenam
476 3280 516 3338 sit
530 3279 642 3350 uxoris,
663 3298 741 3337 nunc
755 3279 871 3349 viduae,
894 3278 1027 3338 condicio
1049 3286 1078 3337 et
1100 3278 1241 3354 obligatio
1256 3281 1391 3340 solvendi

318 3360 426 3419 debita.

659 3457 793 3523 Salutio.

155 3581 207 3646 An
223 3601 413 3657 quaasrrun
433 3584 470 3643 1m
493 3581 531 3646 n.
552 3584 579 3646 1.
621 3580 744 3662 Siquis
768 3581 923 3646 solvendo
947 3581 1053 3664 impar
1068 3580 1255 3646 declaratur
1279 3584 1451 3663 atque,773
1536 3648 1541 3660 ,

65 3670 214 3736 cessione
237 3671 393 3735 bonorum
418 3670 487 3734 sive
511 3674 627 3752 sponte
651 3670 722 3734 sive
746 3670 943 3736 iudicialiter
958 3671 1057 3747 iacta,
1083 3691 1155 3734 eum
1176 3669 1391 3736 creditoribus

63 3760 251 3844 paciscatur
272 3759 312 3824 de
336 3764 436 3841 quota
453 3759 634 3823 debitorum
658 3763 753 3842 parte
777 3760 951 3825 solvenda:
976 3760 1057 3824 haec
1080 3758 1189 3842 pactio
1213 3781 1276 3824 non
1302 3780 1390 3825 com-

64 3849 207 3914 muniter
221 3848 268 3913 sic
292 3847 460 3914 intellecta
476 3853 536 3924 cst,
560 3849 652 3930 quasi
671 3848 837 3914 contineat
859 3849 975 3930 reliqui
992 3848 1092 3915 debiti
1108 3848 1389 3927 condonationem,

63 3938 123 4003 sed
143 3937 352 4020 obligationis
376 3936 522 4001 solvendi
546 3937 790 4020 suspensionem
815 3960 871 4002 seu
889 3938 1088 4015 dilationem,
1112 3937 1160 4003 ita
1184 3941 1220 4003 ut
1242 3939 1390 4003 solvendi

64 4027 242 4108 obligatio,
275 4047 372 4108 quam
405 4025 543 4109 primum
577 4027 745 4091 commode
777 4028 847 4092 fieri
880 4027 1003 4110 possit,
1040 4026 1225 4092 reviviscat.
1260 4064 1303 4070 —
1338 4028 1390 4093 Ita

64 4120 96 4182 S.
114 4116 311 4200 Alphons.
329 4114 386 4192 Ill,
409 4117 483 4190 699,
508 4114 561 4179 nbi
586 4116 747 4199 approbat
770 4122 804 4182 et
828 4118 997 4182 confirmat
1022 4115 1202 4182 doctrinam
1227 4117 1390 4180 Busem·

64 4207 198 4271 baum:
227 4204 366 4283 ,Quodsi
382 4208 492 4268 tamen
508 4209 624 4287 postea
640 4205 755 4271 redeat
778 4206 819 4270 ad
839 4205 1040 4288 pinguiorem
1057 4206 1233 4281 fortunam,
1258 4209 1390 4269 tenetur

64 4295 172 4360 adhuc
195 4294 397 4360 restituere.“
448 4293 575 4367 Marc,
600 4295 702 4359 Instit.
727 4296 879 4379 Alphons.
909 4318 939 4360 n.
968 4298 1069 4360 1022:
1104 4295 1185 4371 ,Per
1208 4293 1389 4358 cessionem

64 4385 222 4448 bonorum
247 4435 254 4448 .
281 4435 288 4448 .
314 4434 321 4447 .
346 4383 555 4464 suspenditur
586 4382 713 4463 quidem
745 4384 801 4447 sed
832 4405 896 4448 non
925 4384 1054 4449 tollitur
1083 4381 1276 4447 restituendi
1307 4382 1389 4446 obli-

64 4473 172 4555 gatio:
207 4472 299 4554 quia,
333 4471 395 4535 nisi
429 4471 468 4535 de
500 4472 650 4553 opposito
684 4472 802 4536 alicubi
835 4477 980 4549 constet,
1015 4494 1074 4536 nec
1106 4472 1161 4535 lex
1193 4470 1324 4548 (saltem
1355 4470 1386 4535 in

64 4562 230 4646 plerisque
253 4561 404 4643 Europae
428 4561 583 4639 statibus)
614 4581 673 4624 nec
704 4561 881 4627 creditores
911 4561 1085 4626 intendunt
1107 4559 1275 4625 remittere
1299 4560 1388 4624 debi-

64 4652 130 4719 tori
159 4652 250 4716 illam
280 4654 424 4733 partem,
456 4670 551 4731 quam
584 4649 725 4714 nondum
749 4651 877 4715 solvere
900 4649 1036 4733 potuit.“
1086 4649 1280 4731 Aertnijs
1310 4650 1331 4716 l.
1357 4652 1387 4728 3,
