3106 5168
160 270 223 345 Ι114
372 275 413 331 De
432 275 581 331 virtutibus
598 278 628 330 et
645 275 743 330 officiis
762 293 829 346 erga
847 276 942 331 Deum.
960 307 996 316 -
1010 276 1106 333 Virtus
1123 277 1272 348 religionis.

158 455 225 521 hac·
243 454 316 539 ipsa
345 475 485 537 persona
508 452 648 537 propriis
670 453 821 520 luxmiae
843 455 1004 539 peccatis,
1036 453 1136 522 etiam
1158 454 1324 537 internis),
1358 454 1394 538 b)
1417 454 1487 521 vio-

158 544 281 611 latione
296 543 463 628 privilegii
478 542 638 609 clericalis
657 542 840 627 ,cononia“,
864 543 961 627 idque
983 548 1053 612 tam
1076 544 1144 611 late
1165 564 1263 627 quam
1285 543 1367 609 illud
1385 545 1487 628 privi-

157 633 279 716 legium
303 635 407 717 patet,
431 631 462 715 c)
483 632 661 698 violatione
684 632 900 700 immunitatis
923 632 1084 700 clericalis
1106 654 1164 699 seu
1182 632 1346 717 privilegii
1366 633 1485 717 ,fouit

162 724 218 788 [lb.
242 745 284 788 m.
309 722 333 801 I,
359 722 434 788 378.
460 722 534 787 385.

247 827 286 894 R.
311 829 341 893 3.
388 826 603 908 Sacrilegium
632 830 730 893 brata
759 825 976 893 committ’tur
1008 826 1041 909 1)
1064 826 1243 893 violatione
1269 826 1487 894 immunitatis

158 915 317 982 ecclesiae
340 935 398 981 seu
421 915 484 981 loci
507 915 603 994 sacri,
628 916 663 996 2)
679 914 837 981 exercitio
853 916 1018 982 actionum
1033 914 1245 1000 profanarum
1261 937 1384 995 aarum,
1403 937 1488 999 quae

157 1004 370 1073 sanctitatem
394 1005 456 1070 loci
479 1004 622 1070 maxime
645 1004 821 1083 dedecent,
852 1006 887 1087 3)
911 1005 1056 1087 quolibet
1078 1008 1231 1088 peccato,
1259 1026 1323 1088 quo
1347 1006 1489 1073 ecclesia

156 1095 290 1160 locusve
313 1114 408 1160 sacer
431 1096 598 1179 polluitur,
628 1092 663 1177 4)
687 1093 775 1160 furto
799 1093 856 1173 rei,
882 1115 966 1175 quae
989 1093 1157 1161 custodiae
1180 1093 1338 1162 ecclesiae
1360 1094 1488 1162 tradita

157 1188 219 1251 est.
270 1183 326 1249 Tb.
350 1206 392 1249 m.
416 1181 442 1260 I,
467 1184 542 1249 378.
567 1185 643 1248 384.

95 1325 147 1379 225
245 1316 299 1379 An
315 1332 507 1390 cuansruuu
526 1315 566 1377 3¹²
588 1311 627 1379 R.
648 1316 676 1379 1.
715 1312 865 1379 Peccatis
879 1313 1030 1378 luxuriae
1046 1316 1142 1380 boote
1158 1313 1367 1397 sacrilegium
1382 1336 1487 1397 grave

158 1402 374 1470 committitur
396 1401 437 1467 iis
460 1400 653 1479 actionibus,
678 1421 763 1484 quae
785 1401 960 1468 manifeste
983 1402 1105 1468 habent
1128 1408 1300 1470 externam
1323 1404 1488 1472 malitiam

157 1513 311 1577 gravem,
345 1491 407 1558 etsi
441 1491 589 1556 occultae
621 1496 764 1558 manent.
818 1488 925 1567 Quare
958 1490 1108 1557 Gelasius
1139 1492 1245 1558 locale
1276 1493 1486 1577 sacrilegium

157 1583 296 1648 mortale
312 1578 474 1647 commisit
489 1579 685 1664 pollutione:
709 1580 749 1644 de
772 1601 838 1662 qua
860 1580 889 1645 si
911 1581 1039 1664 publice
1063 1585 1240 1660 constaret,
1265 1581 1406 1648 ecclesia
1429 1605 1487 1648 ex·

157 1671 291 1737 sisteret
312 1670 454 1753 polluta,
484 1670 534 1735 ita
557 1673 594 1735 ut
617 1673 695 1735 ante
717 1668 1015 1735 reconciliationem
1037 1670 1072 1734 in
1095 1691 1135 1736 aa
1159 1670 1259 1737 Sacra
1281 1671 1398 1757 peragi
1421 1693 1487 1738 non

157 1760 296 1844 amplius
320 1763 464 1843 possent

246 1867 284 1932 R.
311 1870 341 1932 2.
388 1863 649 1946 cogitationibus
672 1864 809 1947 aliisque
832 1864 970 1931 internis
996 1864 1142 1948 peccatis
1165 1863 1315 1931 Gelasius
1337 1866 1489 1948 graviter

157 1954 286 2038 quidem
317 1958 432 2021 contra
462 1955 650 2020 castitatem
683 1953 851 2037 peccavit,
885 1954 944 2019 sed
975 1952 1136 2020 malitiam
1167 1954 1330 2037 sacrilegii
1360 1955 1486 2034 localis,

157 2044 276 2110 saltem
299 2043 421 2127 gravis,
444 2064 510 2109 non
533 2043 668 2110 addidit.

247 2147 289 2216 Rss
311 2152 341 2216 3.
381 2149 504 2215 Verum
527 2149 612 2230 quod
636 2147 802 2214 libidinem
832 2148 916 2215 fovit
945 2148 979 2214 in
1007 2148 1200 2215 monialem:
1230 2148 1260 2215 si
1289 2148 1487 2217 desiderium

158 2261 230 2306 earn
252 2238 398 2305 violandi
426 2240 481 2304 vel
511 2259 584 2304 cum
615 2258 654 2304 ea
683 2237 841 2322 peccandi
864 2238 1050 2305 voluntarie
1079 2236 1244 2322 concepit,
1275 2259 1357 2305 sane
1385 2248 1488 2306 marite

157 2327 319 2395 commisit
334 2327 543 2411 sacrilegium
563 2329 739 2414 personale.
775 2328 867 2404 Quod
882 2327 1089 2410 sacrilegium
1105 2331 1216 2394 utrum
1238 2325 1282 2393 sit
1301 2328 1372 2394 tale
1387 2349 1487 2395 sensu

156 2417 364 2485 strictissimo
383 2438 425 2483 an
448 2417 555 2482 minus
578 2415 704 2495 stricto,
728 2416 850 2501 pendet
873 2437 893 2482 a
916 2420 1006 2483 statu
1030 2416 1189 2496 monialis,
1213 2420 1312 2500 prout
1334 2417 1487 2484 monialis

156 2507 272 2575 stricto
295 2527 392 2572 sensu
417 2506 572 2572 canonico
595 2509 647 2572 est
670 2511 825 2573 autnon.

94 2624 147 2680 226
245 2612 284 2678 R.
310 2614 340 2678 4.
387 2612 440 2677 Ex
470 2633 508 2677 eo
539 2611 626 2694 quod
649 2611 840 2677 umbrellam
865 2610 1003 2677 abstulit
1031 2631 1074 2676 ex
1103 2609 1255 2689 ecclesia,
1287 2611 1330 2678 ad
1359 2611 1485 2680 furtum

156 2701 307 2767 adiunxit
328 2702 455 2783 quidem
481 2700 760 2767 circumstantiam
784 2704 1039 2784 aggravantem;
1063 2700 1122 2765 sed
1146 2700 1222 2782 quia
1244 2701 1406 2768 umbrella
1428 2702 1487 2769 illa

156 2812 221 2856 non
244 2794 317 2857 erat
347 2790 381 2855 in
404 2789 498 2856 bonis
522 2790 680 2855 ecclesiae
704 2810 809 2872 neque
832 2789 902 2854 eius
926 2789 1092 2855 custodiae
1118 2788 1360 2856 commissa-
1382 2795 1421 2858 ut
1444 2813 1486 2857 ex

157 2901 235 2945 casu
258 2878 390 2945 videtur
410 2883 525 2963 patere
548 2917 592 2926 -
615 2877 757 2962 speciem
780 2878 929 2944 mortalis
958 2877 1124 2960 sacrilegii
1152 2878 1268 2944 localis
1296 2879 1381 2947 satis
1409 2888 1486 2965 pro-

156 2969 309 3036 babiliter
331 2990 395 3034 non
419 2967 579 3035 adiunxit.

245 3075 284 3140 R.
310 3077 340 3141 5.
387 3074 495 3140 Aliter
524 3095 560 3139 se
589 3074 690 3139 habet
716 3073 841 3140 furtum
864 3093 1066 3155 gemmarum
1090 3072 1279 3156 reliquiarii.
1327 3074 1415 3141 Nam
1447 3097 1487 3142 eo

156 3165 243 3247 quod
272 3164 317 3230 sit
346 3185 399 3229 res
429 3164 471 3229 ad
499 3164 585 3229 bona
609 3162 766 3229 ecclesiae
788 3163 956 3246 pertinens
987 3167 1021 3229 et
1052 3163 1122 3227 Deo
1146 3162 1273 3241 dicata,
1304 3163 1366 3229 hoc
1396 3164 1486 3231 furto

158 3253 319 3320 commisit
351 3253 501 3319 Gelasius
534 3251 741 3335 sacrilegium
774 3255 875 3333 reale,
911 3272 991 3317 sane
1023 3252 1182 3331 mortale;
1218 3255 1318 3335 atque
1353 3252 1488 3338 insuper

157 3343 365 3426 sacrilegium
381 3345 487 3425 locale,
512 3364 585 3407 cum
610 3362 677 3406 rem
698 3340 954 3406 ecclesiasticam
978 3344 1012 3406 et
1035 3362 1163 3407 sacram
1189 3364 1226 3407 ex
1249 3342 1392 3409 ecclesia
1409 3344 1486 3410 abs·

157 3433 281 3498 tulerit.
333 3432 388 3497 Th.
412 3455 453 3498 cr.
478 3431 504 3509 Ι,
529 3433 604 3498 383.

521 3666 816 3733 SACRILEGIUM
842 3665 899 3730 ΕΤ
923 3664 1116 3732 SIMONIA.

722 3840 832 3906 Casus.
860 3847 918 3916 (63)

246 3996 396 4056 Gerardus
419 3997 546 4056 sacrista
566 3997 699 4056 incurius
721 3997 818 4057 estin
839 3998 1005 4057 tractandis
1025 4000 1114 4058 rebus
1135 3997 1296 4058 acclesiae:
1326 3999 1436 4060 altaria
1456 4008 1487 4061 et

156 4077 299 4153 imagines
321 4077 393 4136 sinit
414 4077 488 4137 satis
509 4078 696 4148 sordescere,
726 4098 811 4136 sacra
839 4078 978 4137 utensilia
998 4097 1065 4137 raro
1087 4079 1283 4149 mundantur,
1310 4087 1487 4156 paramenta

156 4157 315 4217 reficienda
335 4177 394 4216 non
410 4163 503 4229 curat,
526 4157 584 4216 nisi
605 4158 776 4217 notabiliter
790 4159 850 4216 sint
871 4160 981 4227 lacera,
1002 4159 1118 4218 hostias
1138 4179 1191 4236 pro
1207 4159 1354 4218 sacrificio
1373 4161 1486 4221 Missae

157 4244 187 4298 et
201 4238 410 4298 Communione
431 4239 530 4315 populi
552 4237 623 4297 sinit
644 4257 697 4314 per
717 4258 834 4298 menses
853 4244 1055 4309 veterascere;
1078 4239 1196 4299 hostiae
1219 4246 1414 4301 consecratae
1435 4242 1486 4301 ali·

156 4320 272 4396 quoties
292 4338 345 4396 per
365 4324 427 4378 tres
448 4337 565 4378 menses
587 4337 646 4377 non
667 4325 858 4391 renovantur,
880 4319 950 4379 licet
971 4320 1117 4396 parochus
1133 4319 1265 4381 Gerardo
1285 4318 1484 4393 mandaverit,

157 4407 189 4459 ut
211 4420 294 4459 suam
315 4399 409 4476 ipsius
431 4398 607 4458 oblivionem
628 4398 788 4458 monitione
810 4398 929 4458 excitet.
954 4432 988 4440 -
1014 4398 1086 4458 (ium
1108 4400 1143 4458 de
1164 4399 1351 4461 institutione
1372 4401 1405 4461 in
1425 4422 1483 4460 mu·

157 4500 227 4540 nere
255 4480 400 4539 sacristae
428 4485 582 4554 ageretur,
610 4478 757 4537 instanter
784 4479 903 4555 rogavit
929 4479 1051 4556 parochi
1077 4478 1268 4551 familiarem,
1296 4486 1331 4540 ut
1352 4501 1386 4541 se
1408 4482 1483 4560 apud

157 4561 315 4637 parochum
338 4561 570 4631 commendaret,
599 4559 748 4636 pollicitus
776 4579 809 4619 se
835 4579 888 4637 pro
910 4561 986 4619 bono
1009 4579 1149 4619 successu
1175 4579 1319 4619 summam
1339 4563 1484 4638 pecuniae

156 4641 331 4716 largiturum
352 4648 383 4700 et
402 4641 432 4699 in
453 4640 706 4700 commendatione
727 4660 781 4700 suo
803 4646 935 4718 tempore
956 4640 1052 4699 vicem
1072 4640 1253 4700 redditurum
1275 4659 1351 4702 esse.
