3106 5168
423 1074 644 1160 currus
673 1075 773 1158 our
801 1073 1088 1197 eunucus,

501 1295 690 1374 REQUIES
713 1295 1006 1363 DOMINICALIS.

655 1452 766 1519 Cusus.
794 1460 853 1529 (90)

181 1590 331 1650 Macarius
356 1596 454 1650 sartor
480 1590 582 1649 diebus
610 1588 728 1649 sabbati
756 1609 816 1649 non
843 1609 912 1649 raro
940 1608 1006 1647 cum
1032 1589 1152 1648 famulis
1180 1593 1210 1647 et
1237 1589 1327 1649 sociis
1355 1590 1417 1649 suis

91 1670 210 1729 labores
231 1670 310 1730 ultra
330 1671 455 1730 mediam
477 1676 594 1731 noctem
614 1669 770 1747 protrahit.
811 1669 1020 1746 Reprehensue
1045 1689 1063 1728 a
1084 1669 1213 1746 parocho
1240 1670 1358 1747 reponit
1385 1690 1417 1730 se

92 1756 198 1826 putare
220 1750 277 1809 sibi
298 1751 374 1809 idem
388 1751 597 1827 indulgendum
612 1769 690 1822 esse,
709 1750 785 1826 quod
799 1750 913 1809 faciant
932 1749 1051 1827 impune
1071 1750 1210 1826 pistores,
1230 1751 1417 1828 typographi,

92 1831 180 1889 immo
203 1831 292 1889 etiam
313 1830 466 1902 moniales,
488 1851 562 1906 quas
583 1830 691 1890 viderit
711 1830 788 1908 apud
809 1836 949 1905 aegrotos
967 1829 1128 1905 vigilantes
1149 1829 1236 1892 simul
1257 1836 1417 1908 occupatas

93 1911 123 1968 in
146 1910 335 1987 perficiendis
356 1912 451 1970 saeris
472 1911 614 1971 vestibus.

94 2014 271 2085 Quanamun
294 2018 322 2075 1⁰
346 2015 628 2155 iul-silphii&
656 2017 771 2076 ratione
799 2016 909 2092 requiei
937 2015 1063 2076 festivae
1085 2016 1188 2077 diebus
1209 2017 1363 2077 dominicis
1389 2023 1419 2077 et

360 2116 612 2157 mmmmmu

292 2185 323 2242 2⁰
347 2189 488 2261 quantum
509 2190 626 2261 tempus
646 2185 822 2260 requiretur,
843 2190 877 2244 ut
898 2184 1098 2245 committatur
1111 2190 1266 2262 peccatum
1287 2187 1419 2247 mortale.

293 2275 322 2332 3⁰
348 2273 416 2349 quid
438 2273 473 2332 de
494 2273 625 2333 Macerio
647 2272 801 2332 dicendum
823 2272 863 2332 eit
884 2278 914 2331 et
935 2272 971 2332 de
992 2273 1055 2334 eius
1076 2274 1325 2335 excusationibus.

690 2455 825 2523 Solutio.

183 2597 236 2664 An
259 2618 450 2674 ounusmuu
470 2600 507 2662 1ιιι
523 2597 561 2664 R.
582 2601 609 2666 l.
643 2597 713 2663 Lex
737 2597 865 2679 quidem
887 2601 984 2664 vetus
1000 2598 1121 2678 divina,
1146 2620 1230 2682 quae
1246 2600 1417 2685 septimum
1430 2614 1481 2669 342

95 2709 255 2771 quemque
286 2687 370 2752 diem
398 2686 610 2752 inhonorem
637 2686 698 2751 Dei
723 2686 825 2769 quieti
848 2686 1036 2754 destinabat
1060 2691 1160 2770 atquc
1188 2689 1296 2755 omnia
1319 2711 1419 2773 opera

96 2781 235 2843 externa
250 2797 365 2841 severe
381 2775 584 2860 prohibebat,
609 2779 724 2859 utpote
740 2775 987 2855 caerimonialia,
1013 2778 1193 2844 constituta
1208 2779 1296 2860 Lege
1312 2779 1418 2852 Nove.

96 2866 255 2941 cessavit3
288 2886 402 2930 verum
430 2867 636 2931 ecclesiactica
663 2866 718 2930 lex
742 2887 762 2930 a
784 2865 897 2949 primis
920 2866 1120 2949 temporibus
1143 2888 1202 2951 pro
1226 2868 1339 2932 diebus
1363 2869 1420 2933 do·

96 2955 224 3020 minicia
251 2954 388 3036 aliisque
413 2953 507 3020 festis
535 2975 600 3019 uon
626 2954 674 3020 ita
697 2953 826 3035 quidem
850 2954 1017 3031 strictam,
1048 2954 1187 3021 similem
1210 2960 1321 3022 tamen
1344 2978 1420 3041 pro·

95 3044 285 3111 bibitionem
309 3043 398 3120 fecit,
423 3064 507 3124 quae
530 3065 557 3109 c.
575 3046 595 3108 3
612 3044 681 3110 et5
706 3043 735 3107 X
755 3047 785 3122 2,
810 3047 829 3110 9
855 3046 911 3125 (de
934 3045 1056 3126 Feriis)
1083 3044 1192 3128 potius
1215 3046 1418 3129 supponitur,

98 3154 195 3216 quam
219 3133 259 3197 de
283 3153 367 3197 novo
391 3131 506 3198 fertur.

187 3222 352 3287 Vetantur
373 3221 491 3304 igitur:
518 3218 550 3301 1)
568 3241 668 3304 opera
684 3224 832 3304 servium·
855 3220 888 3301 2)
911 3220 1072 3287 iudicialis
1088 3221 1262 3305 strepitum
1287 3222 1321 3305 3)
1337 3244 1420 3288 nun-

98 3311 193 3376 dinae
216 3310 376 3394 publicae,
401 3314 437 3376 at
461 3331 534 3374 cum
558 3309 807 3376 modificatione.
847 3310 895 3379 Cf.
912 3310 1057 3377 Bened.
1082 3309 1159 3375 XIV
1183 3310 1292 3378 (louet.
1316 3314 1366 3377 Ab
1388 3335 1419 3378 eo

97 3409 241 3486 tempore.
285 3401 342 3466 'lu
366 3422 407 3466 m.
430 3399 455 3476 I,
481 3401 556 3464 544.

186 3506 225 3572 R.
244 3508 273 3572 2.
308 3505 415 3588 Opera
439 3503 570 3569 servilia
593 3504 698 3571 vetita
722 3525 762 3570 ea
784 3507 871 3584 sunt,
895 3525 979 3587 quae
1001 3504 1176 3589 praecipue
1192 3526 1309 3590 corpus
1325 3526 1421 3572 exer·
1430 3522 1482 3576 343

99 3599 191 3673 cent,
216 3599 253 3661 ut
276 3616 374 3677 agros
398 3594 520 3670 colere,
546 3597 636 3659 artes
659 3593 866 3659 mechanicas
890 3614 1060 3659 exercerc:
1092 3598 1191 3677 etque
1214 3600 1422 3679 opponuntur

100 3685 132 3768 l)
153 3683 305 3768 operibus
328 3685 544 3749 communibus
559 3704 617 3748 seu
632 3682 682 3760 iis,
707 3704 790 3768 quae
806 3682 847 3748 ad
863 3683 1082 3749 necessariam
1098 3683 1242 3767 corporis
1259 3685 1420 3752 culturam

99 3774 281 3859 pertinent,
307 3772 341 3852 2)
365 3772 517 3856 operibus
539 3772 741 3854 mentalibus,
766 3793 866 3853 quae,
890 3775 928 3837 ut
950 3776 1040 3837 artes
1063 3772 1225 3852 liberales,
1250 3774 1305 3840 vel
1328 3775 1421 3840 unice

99 3865 152 3929 vel
168 3861 392 3947 principaliter
408 3860 515 3926 animo
531 3864 744 3944 peraguntur,
768 3865 805 3927 ut
819 3861 940 3943 legere,
957 3861 1109 3940 scribere,
1127 3865 1272 3942 cantare,
1289 3863 1421 3929 musicis

99 3951 232 4036 organis
253 3951 376 4029 ludere,
399 3951 534 4035 pingere
558 3953 621 4017 etc.

189 4059 227 4124 R.
253 4061 283 4124 3.
323 4058 399 4123 Sive
429 4078 528 4140 opera
557 4060 770 4140 praestantur
791 4056 938 4139 gratuito
967 4057 1037 4122 sive
1059 4079 1119 4141 pro
1142 4059 1311 4124 mercede:
1341 4058 1421 4123 haec

99 4170 164 4214 non
187 4147 357 4224 sabrolio,
381 4147 466 4211 uude
489 4146 734 4230 distinguantur
756 4167 856 4230 opere
879 4168 943 4211 nou
967 4146 1100 4212 servilia
1123 4151 1157 4213 et
1179 4147 1270 4214 licita
1286 4147 1327 4213 ab
1344 4167 1421 4230 ope·

100 4237 189 4303 ribus
212 4236 335 4302 illicitis
359 4240 392 4301 et
410 4235 599 4310 servilibus;
623 4235 685 4301 nisi
701 4236 788 4301 forte
804 4256 846 4301 ex
861 4236 1007 4317 gratuito
1022 4236 1135 4301 labore
1150 4257 1208 4320 pro
1225 4235 1421 4320 pauperibus

100 4327 290 4393 desumatur
312 4325 397 4392 ratio
425 4346 508 4407 quac
532 4324 649 4391 dicitur
672 4346 844 4406 excusans,
858 4326 911 4390 ,ob
935 4346 1031 4408 quum
1054 4324 1179 4392 scilicet
1201 4324 1300 4391 liceat
1323 4344 1421 4406 opera

101 4415 288 4498 ceteroquin
319 4414 484 4498 prohibita
512 4413 631 4479 facere.
677 4412 771 4480 Alius
801 4413 885 4479 enim
914 4435 945 4482 v.
973 4436 1005 4497 g.
1036 4435 1151 4495 agrum
1181 4413 1287 4478 colere
1317 4411 1421 4479 amico

101 4506 200 4572 etiem
231 4504 377 4586 gratuito
406 4524 471 4568 non
500 4502 594 4580 lieet,
623 4501 701 4569 licet
728 4502 934 4570 econtrario
966 4503 1065 4569 etiam
1088 4523 1148 4584 pro
1171 4502 1322 4567 mercede
1346 4521 1422 4565 con·

100 4595 242 4662 scribere
265 4593 320 4658 vel
341 4613 522 4658 sermonem
545 4592 675 4659 habere.
