3106 5168
152 278 195 344 96
336 274 377 329 De
395 272 544 328 virtutibus
562 275 591 327 et
608 272 708 328 officiis
726 289 792 342 erge
810 271 905 326 Deum.
924 301 959 315 -ν
977 271 1102 328 Virtutes
1120 272 1298 342 theologicae.

152 452 255 517 Immo
285 452 319 517 in
348 471 505 536 responso
536 449 613 515 dato
642 472 702 536 per
724 472 757 514 sc
779 448 952 515 cerinthus
975 449 1095 516 limites
1117 455 1385 534 praetergressus
1412 456 1480 527 est;

153 541 285 625 sepiunt
300 538 387 606 enim
402 539 563 624 quendam
578 537 882 604 indifferentismum
905 542 938 606 et
958 538 1079 623 publici
1097 539 1238 605 numinis
1254 539 1362 606 cultus
1378 559 1481 622 nega·

152 629 291 697 tionem:
322 629 355 695 in
386 650 449 712 quo
479 627 651 694 Corinthus
681 627 862 693 subiective
885 628 1013 711 quidem
1045 628 1142 694 facile
1169 627 1392 706 excusabitur,
1423 629 1481 694 ob-

152 719 272 786 iective
295 739 360 784 non
383 718 466 784 satis
489 720 580 783 recte
602 716 730 783 locutus
754 721 815 783 est.

92 846 142 901 189
241 833 280 899 R.
301 836 332 900 3.
372 831 406 898 Si
427 831 557 916 publica
573 831 754 898 auotoritas
776 830 817 895 de
838 830 908 895 solo
927 833 1017 897 statu
1033 829 1229 896 sacerdotali
1244 829 1480 914 inquisivisset,

152 922 324 989 cerinthus
346 942 407 1005 per
429 942 465 987 se
488 920 596 1004 potuit
611 920 724 1003 utique
748 939 786 984 eo
810 919 916 996 modo,
941 940 1004 1002 quo
1020 919 1110 998 fecit,
1133 940 1206 985 sese
1221 919 1379 986 liberare:
1403 942 1481 986 nam

152 1010 390 1077 sacerdotalem
419 1014 543 1077 statum
567 1008 773 1074 dissimulare
802 1029 867 1073 non
899 1012 952 1074 est
981 1008 1147 1087 illicitum3
1179 1008 1369 1093 ceteroquin
1398 1009 1480 1076 nihil

152 1100 227 1167 falsi
251 1099 344 1167 dixit.

241 1190 363 1254 Verum
380 1209 452 1253 cum
469 1192 624 1270 ageretur
640 1186 739 1253 etiam
764 1186 804 1252 de
826 1185 1035 1269 inquisitione
1057 1185 1144 1253 circa
1159 1184 1353 1253 catholicam
1368 1186 1479 1266 iidem,

151 1277 184 1344 in
207 1278 258 1344 his
282 1275 536 1344 circumstantiis
560 1296 633 1342 eam
657 1274 880 1342 dissimulandi
902 1275 987 1342 ratio
1010 1296 1076 1340 non
1099 1278 1182 1354 erat,
1206 1276 1264 1341 aed
1287 1275 1397 1359 potius
1421 1276 1480 1341 ob-

151 1367 266 1450 ligatio
290 1366 400 1451 palam
424 1364 614 1450 profitendi,
645 1369 683 1432 ut
705 1364 807 1430 habes
830 1385 931 1448 supra
953 1385 995 1429 ex
1018 1363 1105 1431 thesi
1134 1365 1176 1430 ab
1198 1364 1308 1431 innoc.
1332 1364 1380 1430 XI
1402 1386 1481 1449 pro-

151 1456 283 1540 scripta.
326 1456 433 1534 Quare
456 1454 489 1519 iu
512 1455 574 1520 hoc
597 1475 675 1520 casu
699 1452 882 1531 Corinthus,
904 1453 967 1519 nisi
990 1453 1173 1520 subiectiva
1196 1452 1396 1521 conamentia
1419 1476 1481 1521 ex-

152 1551 293 1622 cusetur,
325 1566 345 1611 a
368 1544 462 1628 gravi
487 1546 622 1627 peccato
646 1547 762 1609 contra
786 1542 860 1608 fidei
885 1542 1122 1626 professionem
1144 1541 1297 1609 immunis
1326 1563 1392 1610 uon
1416 1549 1479 1611 est.

424 1785 562 1853 DUBIA
585 1785 711 1853 elnon
734 1785 873 1851 EIDEM
895 1786 952 1851 ET
975 1785 1202 1854 HAERESIS.

714 1957 826 2029 tuus.
852 1967 911 2037 (ss)

240 2120 329 2180 Caius
350 2124 481 2196 tempore
499 2118 638 2178 Vaticani
654 2117 776 2178 Consilii
798 2119 920 2178 multum
942 2122 1046 2177 contre
1066 2117 1309 2178 infallibilitatem
1323 2118 1479 2180 Pontificis

151 2199 226 2258 dixit
257 2206 287 2259 et
317 2199 436 2276 scripsit
462 2218 557 2275 neque
578 2218 657 2258 nunc
678 2219 711 2258 se
731 2200 809 2257 hanc
831 2199 995 2258 doctrinam
1017 2198 1172 2257 admittere
1192 2217 1282 2275 posse
1303 2198 1396 2271 dixit,
1419 2201 1478 2261 nisi

151 2279 207 2339 sibi
228 2281 383 2339 solvantur
403 2279 562 2339 historicae
577 2279 777 2350 difficultates,
800 2297 875 2355 quae
896 2278 952 2339 sibi
968 2278 1124 2338 videantur
1138 2297 1254 2338 errores
1268 2298 1287 2338 a
1300 2279 1362 2340 RE.
1378 2279 1478 2341 Ponti·

149 2360 254 2420 ficibus
276 2360 449 2419 commissos
471 2361 669 2437 comprobare.

239 2441 327 2500 Proin
348 2459 443 2516 neque
465 2439 590 2500 Consilii
612 2437 752 2498 Vaticani
772 2437 992 2514 legitimitatem
1012 2438 1077 2498 vult
1097 2437 1254 2498 admittere
1274 2457 1371 2516 nsque
1392 2441 1477 2500 certi·

149 2521 280 2579 tudinem
300 2521 508 2580 immaculatae
524 2521 558 2580 B.
574 2520 613 2580 M.
628 2519 664 2580 V.
687 2519 899 2596 conceptionis,
919 2524 1022 2596 utpote
1043 2538 1062 2578 a
1082 2519 1146 2578 eolo
1160 2517 1305 2579 Pontifice
1326 2520 1476 2593 definitae,

149 2600 236 2677 idque
257 2605 415 2677 antequam
435 2600 601 2660 infallibilis
622 2600 791 2659 declaratus
811 2598 860 2660 sit.

150 2721 326 2793 Qosunrrua
348 2724 377 2781 1⁰
402 2722 471 2799 quid
493 2722 533 2782 sit
552 2722 626 2781 fides
648 2721 769 2797 eiusque
790 2721 942 2792 motivum,
964 2720 1032 2798 quid
1053 2739 1070 2780 e
1091 2720 1241 2781 contrario
1262 2721 1406 2783 haeresis.

346 2812 376 2870 2⁰
402 2811 490 2871 dubia
512 2817 542 2871 et
563 2811 755 2871 difficultates
777 2814 960 2870 exousentne
981 2809 1083 2869 Caium
1106 2829 1124 2869 a
1144 2815 1269 2887 peccato
1292 2810 1436 2873 haeresis.

744 3015 880 3084 Solutio.

88 3199 138 3254 190
237 3178 290 3242 An
314 3198 504 3254 ounssrruu
531 3181 568 3241 1¹²¹
591 3176 629 3243 a.
654 3180 681 3242 l.
728 3176 824 3241 Fides
853 3179 905 3240 est
928 3174 1034 3240 virtus
1064 3173 1265 3257 theologica,
1296 3196 1361 3259 qua
1388 3177 1474 3258 veri-

148 3266 272 3334 tatibus
295 3287 316 3332 a
339 3267 408 3332 Deo
431 3266 588 3332 revelatis
610 3264 749 3330 firmiter
772 3284 873 3349 supra
897 3264 1005 3328 omnia
1029 3263 1227 3329 assentimur
1251 3285 1315 3330 non
1339 3272 1474 3350 propter

148 3355 411 3439 perspicientiam
435 3359 469 3421 et
483 3354 743 3437 intellegentiam
759 3374 868 3418 rerum
885 3353 1137 3437 propositarum,
1162 3353 1219 3418 sed
1235 3358 1371 3438 propter
1386 3377 1473 3421 sum-

148 3466 234 3510 mam
259 3445 320 3510 Dei
343 3444 518 3510 veritatem
541 3465 599 3509 seu
623 3443 854 3510 auctoritatem
876 3441 938 3508 Dei
961 3441 1149 3507 revelantis.
1174 3480 1218 3489 -
1247 3441 1355 3520 Quare
1378 3465 1473 3529 prae·

147 3533 324 3615 requiritur
340 3533 469 3616 quidem
491 3533 658 3598 sufficiens
674 3531 836 3598 certitudo
861 3531 901 3596 de
924 3530 1125 3597 revelatione
1148 3551 1206 3596 seu
1229 3531 1394 3598 locutione
1412 3533 1474 3600 Dei

147 3622 246 3699 tacta,
272 3643 355 3704 quae
378 3643 437 3706 pro
461 3622 600 3700 homine,
626 3621 679 3704 qui
702 3621 884 3686 Ecclesiam
906 3620 1009 3686 semel
1032 3620 1177 3702 agnovit,
1202 3641 1261 3703 per
1275 3620 1382 3705 ipsam
1397 3644 1474 3706 pro-

146 3711 340 3795 positionem
370 3713 411 3777 ab
441 3711 589 3776 Ecclesia
619 3710 741 3776 factam
765 3710 920 3787 hebetum
951 3709 1008 3774 sed
1038 3708 1100 3775 hac
1128 3709 1323 3775 certitudine
1349 3711 1473 3791 habita,

147 3821 259 3866 omnes
282 3800 427 3867 rationes
450 3803 647 3883 apparentes
678 3799 863 3865 contrariae
886 3799 1071 3864 necessario
1101 3819 1159 3881 pro
1187 3798 1281 3864 falsis
1303 3799 1473 3867 habendae

146 3894 232 3967 suut,
258 3889 320 3956 etsi
343 3910 455 3954 earum
471 3889 601 3955 falsitas
624 3910 667 3954 ex
689 3887 827 3955 internis
842 3888 1023 3954 rationibus
1042 3908 1106 3953 nou
1121 3887 1349 3971 perspiciatur,
1374 3893 1473 3972 atque

146 3978 349 4044 firmissimus
373 3999 527 4044 assensus
550 3978 621 4044 dari
646 3978 743 4043 debet
766 3999 831 4042 non
857 3977 1009 4061 propriae
1032 3975 1152 4043 rationi
1174 3976 1391 4059 intellegenti,
1416 3979 1472 4045 sed

146 4069 216 4134 Deo
240 4068 395 4150 loquenti.

85 4202 132 4256 191
235 4183 274 4249 R.
300 4185 329 4248 2.
376 4180 532 4247 Haeresis
555 4180 685 4264 quidem
709 4203 815 4246 coram
838 4181 905 4246 Deo
936 4182 977 4245 ab
1008 4202 1056 4263 eo,
1088 4183 1143 4265 qui
1169 4181 1265 4264 fidem
1296 4182 1473 4268 aliquunde

145 4276 288 4358 suscepit,
313 4274 492 4336 voluntario
508 4293 615 4336 errore
632 4273 665 4336 in
679 4271 744 4354 fide
766 4269 990 4347 committitur,
1016 4275 1115 4351 atque
1137 4269 1186 4334 ita
1206 4271 1285 4354 fidei
1307 4292 1473 4338 assensum

145 4360 336 4444 denegando
361 4360 550 4442 cuicumque
566 4360 700 4425 veritati
717 4379 814 4442 quam
830 4380 851 4424 a
867 4358 936 4423 Deo
960 4358 1161 4443 propositam
1185 4379 1243 4423 seu
1265 4358 1360 4425 nobis
1383 4381 1472 4426 com·

144 4451 343 4516 manicatam
368 4470 439 4514 esse
463 4452 552 4514 certo
576 4448 770 4516 constiterit.
787 4486 832 4495 -
854 4441 902 4514 Ut
917 4452 1027 4513 autem
1050 4449 1191 4514 haeresis
1207 4470 1314 4513 eorem
1329 4449 1471 4516 Ecclesia

144 4539 314 4614 habeatur,
338 4536 525 4621 requiritur,
550 4543 588 4605 ut
610 4538 691 4603 haec
715 4538 839 4603 veritas
862 4558 946 4620 quae
969 4540 1006 4602 ut
1029 4559 1049 4602 a
1073 4538 1142 4602 Deo
1166 4536 1254 4602 dicta
1276 4558 1336 4622 per
1356 4539 1471 4605 Eccle-

145 4628 226 4694 siam
250 4628 350 4695 fuerit
372 4627 541 4712 proposita
564 4628 605 4693 ab
628 4627 693 4694 isto
717 4631 865 4709 negetur.
