<?xml version="1.0" encoding="UTF-8"?>
<!DOCTYPE html PUBLIC "-//W3C//DTD XHTML 1.0 Transitional//EN"
    "http://www.w3.org/TR/xhtml1/DTD/xhtml1-transitional.dtd">
<html xmlns="http://www.w3.org/1999/xhtml" xml:lang="en" lang="en">
 <head>
  <title>
</title>
<meta http-equiv="Content-Type" content="text/html;charset=utf-8" />
  <meta name='ocr-system' content='tesseract 3.04.00' />
  <meta name='ocr-capabilities' content='ocr_page ocr_carea ocr_par ocr_line ocrx_word'/>
</head>
<body>
  <div class='ocr_page' id='page_1' title='image "./casusconscienti01lehmgoog_0459.png"; bbox 0 0 3106 5168; ppageno 0'>
   <div class='ocr_carea' id='block_1_1' title="bbox 308 293 1415 365">
    <p class='ocr_par' dir='ltr' id='par_1_1' title="bbox 308 293 1415 365">
     <span class='ocr_line' id='line_1_1' title="bbox 308 293 1415 365; baseline 0.004 -17"><span class='ocrx_word' id='word_1_1' title='bbox 308 293 461 349; x_wconf 77' lang='lat' dir='ltr'>Translatio</span> <span class='ocrx_word' id='word_1_2' title='bbox 480 295 530 348; x_wconf 87' lang='lat' dir='ltr'>iur.</span> <span class='ocrx_word' id='word_1_3' title='bbox 549 312 575 365; x_wconf 93' lang='lat' dir='ltr'>p.</span> <span class='ocrx_word' id='word_1_4' title='bbox 594 299 751 349; x_wconf 76' lang='lat' dir='ltr'>contractus</span> <span class='ocrx_word' id='word_1_5' title='bbox 768 324 805 333; x_wconf 86' lang='grc'>-</span> <span class='ocrx_word' id='word_1_6' title='bbox 822 298 936 350; x_wconf 73' lang='lat' dir='ltr'>venditio</span> <span class='ocrx_word' id='word_1_7' title='bbox 954 298 1061 364; x_wconf 79' lang='lat' dir='ltr'>eiusque</span> <span class='ocrx_word' id='word_1_8' title='bbox 1079 298 1202 363; x_wconf 72' lang='lat' dir='ltr'>defectus.</span> <span class='ocrx_word' id='word_1_9' title='bbox 1350 301 1415 365; x_wconf 78' lang='grc'>443</span> 
     </span>
    </p>
   </div>
   <div class='ocr_carea' id='block_1_2' title="bbox 91 471 1416 894">
    <p class='ocr_par' dir='ltr' id='par_1_2' title="bbox 91 471 1416 894">
     <span class='ocr_line' id='line_1_2' title="bbox 183 471 1416 556; baseline 0.002 -20"><span class='ocrx_word' id='word_1_10' title='bbox 183 472 222 538; x_wconf 88' lang='lat' dir='ltr'>R.</span> <span class='ocrx_word' id='word_1_11' title='bbox 248 475 278 538; x_wconf 84' lang='lat'>2.</span> <span class='ocrx_word' id='word_1_12' title='bbox 325 472 507 538; x_wconf 86' lang='lat' dir='ltr'>Secundum</span> <span class='ocrx_word' id='word_1_13' title='bbox 531 472 686 555; x_wconf 80' lang='lat' dir='ltr'>pleraque</span> <span class='ocrx_word' id='word_1_14' title='bbox 715 473 787 537; x_wconf 92' lang='lat' dir='ltr'>iura</span> <span class='ocrx_word' id='word_1_15' title='bbox 816 472 980 556; x_wconf 83' lang='lat' dir='ltr'>emptione</span> <span class='ocrx_word' id='word_1_16' title='bbox 1010 472 1158 556; x_wconf 87' lang='lat' dir='ltr'>perfecta</span> <span class='ocrx_word' id='word_1_17' title='bbox 1187 471 1329 537; x_wconf 89' lang='lat' dir='ltr'>nondum</span> <span class='ocrx_word' id='word_1_18' title='bbox 1359 493 1416 538; x_wconf 88' lang='lat' dir='ltr'>ac·</span> 
     </span>
     <span class='ocr_line' id='line_1_3' title="bbox 91 559 1416 644; baseline 0.001 -19"><span class='ocrx_word' id='word_1_19' title='bbox 91 560 234 642; x_wconf 88' lang='lat' dir='ltr'>quiritur</span> <span class='ocrx_word' id='word_1_20' title='bbox 257 560 358 644; x_wconf 92' lang='lat' dir='ltr'>ipsius</span> <span class='ocrx_word' id='word_1_21' title='bbox 381 559 429 626; x_wconf 89' lang='lat' dir='ltr'>rei</span> <span class='ocrx_word' id='word_1_22' title='bbox 453 559 627 625; x_wconf 91' lang='lat' dir='ltr'>dominium</span> <span class='ocrx_word' id='word_1_23' title='bbox 651 581 708 625; x_wconf 90' lang='lat' dir='ltr'>seu</span> <span class='ocrx_word' id='word_1_24' title='bbox 732 560 783 625; x_wconf 91' lang='lat' dir='ltr'>ius</span> <span class='ocrx_word' id='word_1_25' title='bbox 797 561 831 625; x_wconf 89' lang='lat' dir='ltr'>in</span> <span class='ocrx_word' id='word_1_26' title='bbox 847 582 899 639; x_wconf 90' lang='lat' dir='ltr'>re,</span> <span class='ocrx_word' id='word_1_27' title='bbox 932 561 990 626; x_wconf 94' lang='lat' dir='ltr'>sed</span> <span class='ocrx_word' id='word_1_28' title='bbox 1012 561 1063 625; x_wconf 90' lang='lat' dir='ltr'>ius</span> <span class='ocrx_word' id='word_1_29' title='bbox 1086 561 1128 626; x_wconf 91' lang='lat' dir='ltr'>ad</span> <span class='ocrx_word' id='word_1_30' title='bbox 1144 581 1223 638; x_wconf 85' lang='lat' dir='ltr'>rem,</span> <span class='ocrx_word' id='word_1_31' title='bbox 1249 582 1313 643; x_wconf 86' lang='lat' dir='ltr'>qua</span> <span class='ocrx_word' id='word_1_32' title='bbox 1336 582 1416 626; x_wconf 89' lang='lat' dir='ltr'>ven·</span> 
     </span>
     <span class='ocr_line' id='line_1_4' title="bbox 92 649 1416 733; baseline 0.002 -19"><span class='ocrx_word' id='word_1_33' title='bbox 92 651 181 715; x_wconf 90' lang='lat' dir='ltr'>ditor</span> <span class='ocrx_word' id='word_1_34' title='bbox 204 649 369 732; x_wconf 82' lang='lat' dir='ltr'>obligatur</span> <span class='ocrx_word' id='word_1_35' title='bbox 397 650 439 715; x_wconf 89' lang='lat' dir='ltr'>ad</span> <span class='ocrx_word' id='word_1_36' title='bbox 469 671 537 715; x_wconf 91' lang='lat' dir='ltr'>rem</span> <span class='ocrx_word' id='word_1_37' title='bbox 568 649 709 733; x_wconf 78' lang='lat' dir='ltr'>emptori</span> <span class='ocrx_word' id='word_1_38' title='bbox 736 650 938 717; x_wconf 79' lang='lat' dir='ltr'>tradendam.</span> <span class='ocrx_word' id='word_1_39' title='bbox 963 688 1007 697; x_wconf 95' lang='lat'><em>-</em></span> <span class='ocrx_word' id='word_1_40' title='bbox 1030 649 1214 715; x_wconf 91' lang='lat' dir='ltr'>Dominium</span> <span class='ocrx_word' id='word_1_41' title='bbox 1244 651 1291 715; x_wconf 92' lang='lat' dir='ltr'>rei</span> <span class='ocrx_word' id='word_1_42' title='bbox 1313 649 1416 717; x_wconf 87' lang='lat' dir='ltr'>tradi·</span> 
     </span>
     <span class='ocr_line' id='line_1_5' title="bbox 92 737 1416 822; baseline 0 -18"><span class='ocrx_word' id='word_1_43' title='bbox 92 739 183 804; x_wconf 90' lang='lat' dir='ltr'>tione</span> <span class='ocrx_word' id='word_1_44' title='bbox 215 738 286 803; x_wconf 90' lang='lat' dir='ltr'>sive</span> <span class='ocrx_word' id='word_1_45' title='bbox 317 737 399 804; x_wconf 91' lang='lat' dir='ltr'>reali</span> <span class='ocrx_word' id='word_1_46' title='bbox 433 739 503 803; x_wconf 91' lang='lat' dir='ltr'>sive</span> <span class='ocrx_word' id='word_1_47' title='bbox 538 738 759 820; x_wconf 84' lang='lat' dir='ltr'>aequivalenti</span> <span class='ocrx_word' id='word_1_48' title='bbox 796 738 910 820; x_wconf 91' lang='lat' dir='ltr'>(etiam</span> <span class='ocrx_word' id='word_1_49' title='bbox 942 738 1136 822; x_wconf 82' lang='lat' dir='ltr'>symbolica)</span> <span class='ocrx_word' id='word_1_50' title='bbox 1170 738 1203 802; x_wconf 92' lang='lat' dir='ltr'>in</span> <span class='ocrx_word' id='word_1_51' title='bbox 1236 744 1416 822; x_wconf 85' lang='lat' dir='ltr'>emptorem</span> 
     </span>
     <span class='ocr_line' id='line_1_6' title="bbox 92 827 377 894; baseline 0.004 -1"><span class='ocrx_word' id='word_1_52' title='bbox 92 829 225 893; x_wconf 87' lang='lat' dir='ltr'>demum</span> <span class='ocrx_word' id='word_1_53' title='bbox 247 827 377 894; x_wconf 84' lang='lat' dir='ltr'>transit.</span> 
     </span>
    </p>
   </div>
   <div class='ocr_carea' id='block_1_3' title="bbox 92 931 1478 1301">
    <p class='ocr_par' dir='ltr' id='par_1_3' title="bbox 92 931 1478 1301">
     <span class='ocr_line' id='line_1_7' title="bbox 184 931 1478 1033; baseline -0.001 -18"><span class='ocrx_word' id='word_1_54' title='bbox 184 952 236 1015; x_wconf 84' lang='lat' dir='ltr'>An</span> <span class='ocrx_word' id='word_1_55' title='bbox 269 971 459 1027; x_wconf 74' lang='lat' dir='ltr'><strong>QUAESITUM</strong></span> <span class='ocrx_word' id='word_1_56' title='bbox 493 953 532 1015; x_wconf 72' lang='lat'>2¹²</span> <span class='ocrx_word' id='word_1_57' title='bbox 564 950 603 1016; x_wconf 88' lang='lat' dir='ltr'>R.</span> <span class='ocrx_word' id='word_1_58' title='bbox 631 954 659 1016; x_wconf 88' lang='lat'>1.</span> <span class='ocrx_word' id='word_1_59' title='bbox 706 951 759 1015; x_wconf 82' lang='lat' dir='ltr'>Ex</span> <span class='ocrx_word' id='word_1_60' title='bbox 788 956 885 1033; x_wconf 87' lang='lat' dir='ltr'>parte</span> <span class='ocrx_word' id='word_1_61' title='bbox 916 951 1011 1018; x_wconf 82' lang='lat' dir='ltr'>Gellii</span> <span class='ocrx_word' id='word_1_62' title='bbox 1043 951 1113 1017; x_wconf 90' lang='lat' dir='ltr'>sine</span> <span class='ocrx_word' id='word_1_63' title='bbox 1143 931 1240 1016; x_wconf 85' lang='lat' dir='ltr'>dubib</span> <span class='ocrx_word' id='word_1_64' title='bbox 1271 950 1478 1017; x_wconf 74' lang='lat' dir='ltr'>venditione</span> 
     </span>
     <span class='ocr_line' id='line_1_8' title="bbox 93 1038 1416 1123; baseline 0 -19"><span class='ocrx_word' id='word_1_65' title='bbox 93 1039 257 1123; x_wconf 85' lang='lat' dir='ltr'>posterior</span> <span class='ocrx_word' id='word_1_66' title='bbox 286 1042 360 1105; x_wconf 85' lang='lat' dir='ltr'>erat</span> <span class='ocrx_word' id='word_1_67' title='bbox 390 1038 515 1106; x_wconf 89' lang='lat' dir='ltr'>illicita.</span> <span class='ocrx_word' id='word_1_68' title='bbox 562 1039 682 1104; x_wconf 90' lang='lat' dir='ltr'>Debuit</span> <span class='ocrx_word' id='word_1_69' title='bbox 712 1039 797 1104; x_wconf 89' lang='lat' dir='ltr'>enim</span> <span class='ocrx_word' id='word_1_70' title='bbox 828 1040 1012 1106; x_wconf 91' lang='lat' dir='ltr'>necessario</span> <span class='ocrx_word' id='word_1_71' title='bbox 1043 1041 1237 1106; x_wconf 87' lang='lat' dir='ltr'>alterutrum</span> <span class='ocrx_word' id='word_1_72' title='bbox 1268 1039 1416 1123; x_wconf 85' lang='lat' dir='ltr'>decipere</span> 
     </span>
     <span class='ocr_line' id='line_1_9' title="bbox 92 1128 1418 1212; baseline -0.002 -18"><span class='ocrx_word' id='word_1_73' title='bbox 92 1132 128 1195; x_wconf 89' lang='lat' dir='ltr'>et</span> <span class='ocrx_word' id='word_1_74' title='bbox 152 1128 270 1194; x_wconf 91' lang='lat' dir='ltr'>iniuria</span> <span class='ocrx_word' id='word_1_75' title='bbox 286 1128 428 1205; x_wconf 88' lang='lat' dir='ltr'>afficere,</span> <span class='ocrx_word' id='word_1_76' title='bbox 453 1149 526 1193; x_wconf 89' lang='lat' dir='ltr'>cum</span> <span class='ocrx_word' id='word_1_77' title='bbox 542 1128 741 1212; x_wconf 90' lang='lat' dir='ltr'>impossibile</span> <span class='ocrx_word' id='word_1_78' title='bbox 757 1133 845 1195; x_wconf 86' lang='lat' dir='ltr'>esset</span> <span class='ocrx_word' id='word_1_79' title='bbox 861 1129 991 1212; x_wconf 85' lang='lat' dir='ltr'>utrique</span> <span class='ocrx_word' id='word_1_80' title='bbox 1014 1130 1046 1195; x_wconf 95' lang='lat' dir='ltr'>id</span> <span class='ocrx_word' id='word_1_81' title='bbox 1070 1135 1249 1212; x_wconf 85' lang='lat' dir='ltr'>praestare,</span> <span class='ocrx_word' id='word_1_82' title='bbox 1273 1129 1314 1193; x_wconf 91' lang='lat' dir='ltr'>ad</span> <span class='ocrx_word' id='word_1_83' title='bbox 1331 1128 1418 1210; x_wconf 93' lang='lat' dir='ltr'>quod</span> 
     </span>
     <span class='ocr_line' id='line_1_10' title="bbox 92 1217 855 1301; baseline 0.005 -20"><span class='ocrx_word' id='word_1_84' title='bbox 92 1218 328 1301; x_wconf 88' lang='lat' dir='ltr'>praestandum</span> <span class='ocrx_word' id='word_1_85' title='bbox 352 1219 567 1283; x_wconf 87' lang='lat' dir='ltr'>conventione</span> <span class='ocrx_word' id='word_1_86' title='bbox 590 1238 663 1283; x_wconf 90' lang='lat' dir='ltr'>sese</span> <span class='ocrx_word' id='word_1_87' title='bbox 686 1217 855 1300; x_wconf 84' lang='lat' dir='ltr'>obligavit.</span> 
     </span>
    </p>
   </div>
   <div class='ocr_carea' id='block_1_4' title="bbox 91 1330 1418 1860">
    <p class='ocr_par' dir='ltr' id='par_1_4' title="bbox 91 1330 1418 1860">
     <span class='ocr_line' id='line_1_11' title="bbox 184 1330 1418 1415; baseline 0 -20"><span class='ocrx_word' id='word_1_88' title='bbox 184 1332 222 1397; x_wconf 97' lang='lat' dir='ltr'>R.</span> <span class='ocrx_word' id='word_1_89' title='bbox 248 1335 278 1396; x_wconf 81' lang='lat'>2.</span> <span class='ocrx_word' id='word_1_90' title='bbox 325 1331 466 1395; x_wconf 88' lang='lat' dir='ltr'>Difficile</span> <span class='ocrx_word' id='word_1_91' title='bbox 497 1330 584 1395; x_wconf 89' lang='lat' dir='ltr'>dictu</span> <span class='ocrx_word' id='word_1_92' title='bbox 615 1335 682 1410; x_wconf 90' lang='lat' dir='ltr'>est,</span> <span class='ocrx_word' id='word_1_93' title='bbox 712 1330 788 1414; x_wconf 89' lang='lat' dir='ltr'>quid</span> <span class='ocrx_word' id='word_1_94' title='bbox 812 1332 892 1397; x_wconf 91' lang='lat' dir='ltr'>iuris</span> <span class='ocrx_word' id='word_1_95' title='bbox 915 1332 1064 1415; x_wconf 89' lang='lat' dir='ltr'>acquirat</span> <span class='ocrx_word' id='word_1_96' title='bbox 1087 1332 1224 1409; x_wconf 90' lang='lat' dir='ltr'>Paulus,</span> <span class='ocrx_word' id='word_1_97' title='bbox 1255 1331 1418 1396; x_wconf 89' lang='lat' dir='ltr'>secundus</span> 
     </span>
     <span class='ocr_line' id='line_1_12' title="bbox 92 1420 1417 1504; baseline -0.001 -19"><span class='ocrx_word' id='word_1_98' title='bbox 92 1425 239 1504; x_wconf 89' lang='lat' dir='ltr'>emptor,</span> <span class='ocrx_word' id='word_1_99' title='bbox 264 1424 415 1503; x_wconf 87' lang='lat' dir='ltr'>spectato</span> <span class='ocrx_word' id='word_1_100' title='bbox 445 1421 515 1485; x_wconf 87' lang='lat' dir='ltr'>solo</span> <span class='ocrx_word' id='word_1_101' title='bbox 545 1420 615 1485; x_wconf 90' lang='lat' dir='ltr'>iure</span> <span class='ocrx_word' id='word_1_102' title='bbox 639 1428 793 1499; x_wconf 86' lang='lat' dir='ltr'>naturae,</span> <span class='ocrx_word' id='word_1_103' title='bbox 826 1421 852 1485; x_wconf 94' lang='lat' dir='ltr'>si</span> <span class='ocrx_word' id='word_1_104' title='bbox 882 1421 937 1486; x_wconf 92' lang='lat' dir='ltr'>ille</span> <span class='ocrx_word' id='word_1_105' title='bbox 961 1420 1100 1487; x_wconf 89' lang='lat' dir='ltr'>nescivit</span> <span class='ocrx_word' id='word_1_106' title='bbox 1129 1442 1196 1486; x_wconf 91' lang='lat' dir='ltr'>rem</span> <span class='ocrx_word' id='word_1_107' title='bbox 1221 1421 1319 1487; x_wconf 90' lang='lat' dir='ltr'>Petro</span> <span class='ocrx_word' id='word_1_108' title='bbox 1352 1421 1417 1485; x_wconf 86' lang='lat' dir='ltr'>iam</span> 
     </span>
     <span class='ocr_line' id='line_1_13' title="bbox 91 1508 1417 1594; baseline 0 -20"><span class='ocrx_word' id='word_1_109' title='bbox 91 1531 167 1574; x_wconf 90' lang='lat' dir='ltr'>esse</span> <span class='ocrx_word' id='word_1_110' title='bbox 190 1509 368 1585; x_wconf 90' lang='lat' dir='ltr'>venditam,</span> <span class='ocrx_word' id='word_1_111' title='bbox 393 1513 500 1573; x_wconf 90' lang='lat' dir='ltr'>utrum</span> <span class='ocrx_word' id='word_1_112' title='bbox 517 1508 670 1575; x_wconf 86' lang='lat' dir='ltr'>videlieet</span> <span class='ocrx_word' id='word_1_113' title='bbox 693 1510 838 1576; x_wconf 89' lang='lat' dir='ltr'>venditio</span> <span class='ocrx_word' id='word_1_114' title='bbox 854 1510 1017 1594; x_wconf 88' lang='lat' dir='ltr'>posterior</span> <span class='ocrx_word' id='word_1_115' title='bbox 1039 1510 1083 1575; x_wconf 88' lang='lat' dir='ltr'>sit</span> <span class='ocrx_word' id='word_1_116' title='bbox 1105 1509 1221 1575; x_wconf 87' lang='lat' dir='ltr'>illicita</span> <span class='ocrx_word' id='word_1_117' title='bbox 1248 1509 1353 1574; x_wconf 89' lang='lat' dir='ltr'>solum</span> <span class='ocrx_word' id='word_1_118' title='bbox 1376 1530 1417 1574; x_wconf 88' lang='lat' dir='ltr'>an</span> 
     </span>
     <span class='ocr_line' id='line_1_14' title="bbox 92 1597 1416 1674; baseline -0.001 -11"><span class='ocrx_word' id='word_1_119' title='bbox 92 1599 194 1665; x_wconf 89' lang='lat' dir='ltr'>etiam</span> <span class='ocrx_word' id='word_1_120' title='bbox 219 1597 373 1674; x_wconf 84' lang='lat' dir='ltr'>invalida,</span> <span class='ocrx_word' id='word_1_121' title='bbox 399 1598 446 1663; x_wconf 91' lang='lat' dir='ltr'>ita</span> <span class='ocrx_word' id='word_1_122' title='bbox 469 1603 506 1664; x_wconf 92' lang='lat' dir='ltr'>ut</span> <span class='ocrx_word' id='word_1_123' title='bbox 529 1598 630 1664; x_wconf 89' lang='lat' dir='ltr'>etiam</span> <span class='ocrx_word' id='word_1_124' title='bbox 652 1618 722 1663; x_wconf 91' lang='lat' dir='ltr'>rem</span> <span class='ocrx_word' id='word_1_125' title='bbox 746 1598 807 1663; x_wconf 89' lang='lat' dir='ltr'>sibi</span> <span class='ocrx_word' id='word_1_126' title='bbox 830 1600 988 1665; x_wconf 87' lang='lat' dir='ltr'>traditam</span> <span class='ocrx_word' id='word_1_127' title='bbox 1012 1598 1150 1664; x_wconf 86' lang='lat' dir='ltr'>reddere</span> <span class='ocrx_word' id='word_1_128' title='bbox 1173 1599 1292 1665; x_wconf 86' lang='lat' dir='ltr'>debeat</span> <span class='ocrx_word' id='word_1_129' title='bbox 1308 1599 1416 1664; x_wconf 89' lang='lat' dir='ltr'>Petro.</span> 
     </span>
     <span class='ocr_line' id='line_1_15' title="bbox 92 1686 1418 1768; baseline -0.002 -15"><span class='ocrx_word' id='word_1_130' title='bbox 92 1687 180 1753; x_wconf 88' lang='lat' dir='ltr'>Nam</span> <span class='ocrx_word' id='word_1_131' title='bbox 206 1686 359 1768; x_wconf 89' lang='lat' dir='ltr'>quamdiu</span> <span class='ocrx_word' id='word_1_132' title='bbox 382 1686 484 1753; x_wconf 91' lang='lat' dir='ltr'>Paulo</span> <span class='ocrx_word' id='word_1_133' title='bbox 515 1686 631 1751; x_wconf 89' lang='lat' dir='ltr'>anulus</span> <span class='ocrx_word' id='word_1_134' title='bbox 661 1686 802 1752; x_wconf 90' lang='lat' dir='ltr'>noudum</span> <span class='ocrx_word' id='word_1_135' title='bbox 834 1688 877 1753; x_wconf 90' lang='lat' dir='ltr'>sit</span> <span class='ocrx_word' id='word_1_136' title='bbox 900 1688 1060 1766; x_wconf 89' lang='lat' dir='ltr'>traditus,</span> <span class='ocrx_word' id='word_1_137' title='bbox 1085 1688 1204 1754; x_wconf 91' lang='lat' dir='ltr'>Petrus</span> <span class='ocrx_word' id='word_1_138' title='bbox 1227 1688 1297 1752; x_wconf 87' lang='lat' dir='ltr'>sine</span> <span class='ocrx_word' id='word_1_139' title='bbox 1321 1687 1418 1752; x_wconf 94' lang='lat' dir='ltr'>dubio</span> 
     </span>
     <span class='ocr_line' id='line_1_16' title="bbox 93 1775 1075 1860; baseline 0.001 -20"><span class='ocrx_word' id='word_1_140' title='bbox 93 1776 185 1860; x_wconf 91' lang='lat' dir='ltr'>prior</span> <span class='ocrx_word' id='word_1_141' title='bbox 208 1781 242 1842; x_wconf 91' lang='lat' dir='ltr'>et</span> <span class='ocrx_word' id='word_1_142' title='bbox 265 1775 373 1859; x_wconf 88' lang='lat' dir='ltr'>potior</span> <span class='ocrx_word' id='word_1_143' title='bbox 397 1780 447 1842; x_wconf 89' lang='lat' dir='ltr'>est</span> <span class='ocrx_word' id='word_1_144' title='bbox 470 1775 503 1839; x_wconf 91' lang='lat' dir='ltr'>in</span> <span class='ocrx_word' id='word_1_145' title='bbox 526 1775 605 1854; x_wconf 91' lang='lat' dir='ltr'>iure,</span> <span class='ocrx_word' id='word_1_146' title='bbox 631 1780 668 1841; x_wconf 92' lang='lat' dir='ltr'>ut</span> <span class='ocrx_word' id='word_1_147' title='bbox 690 1776 752 1840; x_wconf 93' lang='lat' dir='ltr'>sibi</span> <span class='ocrx_word' id='word_1_148' title='bbox 776 1777 891 1841; x_wconf 87' lang='lat' dir='ltr'>anulus</span> <span class='ocrx_word' id='word_1_149' title='bbox 914 1777 1075 1843; x_wconf 84' lang='lat' dir='ltr'>tradatur.</span> 
     </span>
    </p>
   </div>
   <div class='ocr_carea' id='block_1_5' title="bbox 92 1889 1420 2332">
    <p class='ocr_par' dir='ltr' id='par_1_5' title="bbox 92 1889 1420 2332">
     <span class='ocr_line' id='line_1_17' title="bbox 184 1889 1419 1974; baseline -0.001 -18"><span class='ocrx_word' id='word_1_150' title='bbox 184 1893 223 1958; x_wconf 93' lang='lat' dir='ltr'>R.</span> <span class='ocrx_word' id='word_1_151' title='bbox 249 1895 278 1958; x_wconf 86' lang='lat'>3.</span> <span class='ocrx_word' id='word_1_152' title='bbox 327 1890 402 1955; x_wconf 90' lang='lat' dir='ltr'>Iura</span> <span class='ocrx_word' id='word_1_153' title='bbox 436 1890 580 1974; x_wconf 91' lang='lat' dir='ltr'>positiva</span> <span class='ocrx_word' id='word_1_154' title='bbox 611 1890 661 1967; x_wconf 90' lang='lat' dir='ltr'>id,</span> <span class='ocrx_word' id='word_1_155' title='bbox 693 1891 778 1973; x_wconf 92' lang='lat' dir='ltr'>quod</span> <span class='ocrx_word' id='word_1_156' title='bbox 811 1891 955 1956; x_wconf 88' lang='lat' dir='ltr'>naturali</span> <span class='ocrx_word' id='word_1_157' title='bbox 982 1891 1088 1972; x_wconf 82' lang='lat' dir='ltr'>magis</span> <span class='ocrx_word' id='word_1_158' title='bbox 1118 1890 1287 1969; x_wconf 90' lang='lat' dir='ltr'>convenit,</span> <span class='ocrx_word' id='word_1_159' title='bbox 1319 1889 1419 1957; x_wconf 91' lang='lat' dir='ltr'>etiam</span> 
     </span>
     <span class='ocr_line' id='line_1_18' title="bbox 93 1979 1420 2060; baseline -0.002 -14"><span class='ocrx_word' id='word_1_160' title='bbox 93 1981 308 2057; x_wconf 88' lang='lat' dir='ltr'>constituunt,</span> <span class='ocrx_word' id='word_1_161' title='bbox 333 1984 370 2046; x_wconf 91' lang='lat' dir='ltr'>ut</span> <span class='ocrx_word' id='word_1_162' title='bbox 392 1979 527 2045; x_wconf 88' lang='lat' dir='ltr'>traditio</span> <span class='ocrx_word' id='word_1_163' title='bbox 551 1979 611 2056; x_wconf 90' lang='lat' dir='ltr'>rei,</span> <span class='ocrx_word' id='word_1_164' title='bbox 645 1999 728 2060; x_wconf 86' lang='lat' dir='ltr'>quae</span> <span class='ocrx_word' id='word_1_165' title='bbox 752 1979 967 2045; x_wconf 90' lang='lat' dir='ltr'>communiter</span> <span class='ocrx_word' id='word_1_166' title='bbox 989 1980 1091 2045; x_wconf 87' lang='lat' dir='ltr'>faciat</span> <span class='ocrx_word' id='word_1_167' title='bbox 1113 1979 1164 2045; x_wconf 91' lang='lat' dir='ltr'>ius</span> <span class='ocrx_word' id='word_1_168' title='bbox 1187 1980 1219 2044; x_wconf 87' lang='lat' dir='ltr'>in</span> <span class='ocrx_word' id='word_1_169' title='bbox 1243 2000 1294 2056; x_wconf 90' lang='lat' dir='ltr'>re,</span> <span class='ocrx_word' id='word_1_170' title='bbox 1320 1979 1420 2045; x_wconf 87' lang='lat' dir='ltr'>etiam</span> 
     </span>
     <span class='ocr_line' id='line_1_19' title="bbox 92 2067 1419 2152; baseline 0 -18"><span class='ocrx_word' id='word_1_171' title='bbox 92 2070 128 2134; x_wconf 90' lang='lat' dir='ltr'>in</span> <span class='ocrx_word' id='word_1_172' title='bbox 152 2069 308 2134; x_wconf 92' lang='lat' dir='ltr'>eiusmodi</span> <span class='ocrx_word' id='word_1_173' title='bbox 334 2067 520 2134; x_wconf 89' lang='lat' dir='ltr'>venditione</span> <span class='ocrx_word' id='word_1_174' title='bbox 549 2069 729 2151; x_wconf 88' lang='lat' dir='ltr'>posteriore</span> <span class='ocrx_word' id='word_1_175' title='bbox 760 2069 871 2135; x_wconf 89' lang='lat' dir='ltr'>vineat</span> <span class='ocrx_word' id='word_1_176' title='bbox 893 2069 965 2133; x_wconf 88' lang='lat' dir='ltr'>iura</span> <span class='ocrx_word' id='word_1_177' title='bbox 994 2068 1105 2152; x_wconf 91' lang='lat' dir='ltr'>priora</span> <span class='ocrx_word' id='word_1_178' title='bbox 1134 2068 1228 2152; x_wconf 92' lang='lat' dir='ltr'>primi</span> <span class='ocrx_word' id='word_1_179' title='bbox 1252 2069 1419 2151; x_wconf 90' lang='lat' dir='ltr'>emptoris,</span> 
     </span>
     <span class='ocr_line' id='line_1_20' title="bbox 94 2156 1420 2241; baseline -0.002 -18"><span class='ocrx_word' id='word_1_180' title='bbox 94 2159 150 2241; x_wconf 90' lang='lat' dir='ltr'>qui</span> <span class='ocrx_word' id='word_1_181' title='bbox 184 2179 221 2223; x_wconf 89' lang='lat' dir='ltr'>eo</span> <span class='ocrx_word' id='word_1_182' title='bbox 255 2178 357 2241; x_wconf 92' lang='lat' dir='ltr'>usque</span> <span class='ocrx_word' id='word_1_183' title='bbox 389 2157 590 2222; x_wconf 92' lang='lat' dir='ltr'>solummodo</span> <span class='ocrx_word' id='word_1_184' title='bbox 613 2156 664 2221; x_wconf 88' lang='lat' dir='ltr'>ius</span> <span class='ocrx_word' id='word_1_185' title='bbox 695 2159 739 2222; x_wconf 88' lang='lat' dir='ltr'>ad</span> <span class='ocrx_word' id='word_1_186' title='bbox 770 2181 835 2223; x_wconf 83' lang='lat' dir='ltr'>rem</span> <span class='ocrx_word' id='word_1_187' title='bbox 865 2157 1024 2223; x_wconf 87' lang='lat' dir='ltr'>habebat:</span> <span class='ocrx_word' id='word_1_188' title='bbox 1058 2157 1120 2222; x_wconf 89' lang='lat' dir='ltr'>nisi</span> <span class='ocrx_word' id='word_1_189' title='bbox 1150 2164 1261 2224; x_wconf 89' lang='lat' dir='ltr'>tamen</span> <span class='ocrx_word' id='word_1_190' title='bbox 1292 2163 1420 2240; x_wconf 89' lang='lat' dir='ltr'>emptor</span> 
     </span>
     <span class='ocr_line' id='line_1_21' title="bbox 96 2245 847 2332; baseline -0.003 -19"><span class='ocrx_word' id='word_1_191' title='bbox 96 2246 261 2332; x_wconf 90' lang='lat' dir='ltr'>posterior</span> <span class='ocrx_word' id='word_1_192' title='bbox 282 2246 355 2313; x_wconf 87' lang='lat' dir='ltr'>iura</span> <span class='ocrx_word' id='word_1_193' title='bbox 377 2246 496 2330; x_wconf 87' lang='lat' dir='ltr'>prioris</span> <span class='ocrx_word' id='word_1_194' title='bbox 520 2245 676 2329; x_wconf 88' lang='lat' dir='ltr'>emptoris</span> <span class='ocrx_word' id='word_1_195' title='bbox 700 2252 847 2313; x_wconf 88' lang='lat' dir='ltr'>noverat.</span> 
     </span>
    </p>
   </div>
   <div class='ocr_carea' id='block_1_6' title="bbox 93 2367 1481 2968">
    <p class='ocr_par' dir='ltr' id='par_1_6' title="bbox 93 2367 1481 2968">
     <span class='ocr_line' id='line_1_22' title="bbox 185 2367 1481 2452; baseline -0.001 -19"><span class='ocrx_word' id='word_1_196' title='bbox 185 2371 238 2433; x_wconf 88' lang='lat' dir='ltr'>An</span> <span class='ocrx_word' id='word_1_197' title='bbox 261 2389 452 2445; x_wconf 72' lang='lat' dir='ltr'>qunusrrurr</span> <span class='ocrx_word' id='word_1_198' title='bbox 477 2370 515 2432; x_wconf 82' lang='lat'><strong>3¹¹¹</strong></span> <span class='ocrx_word' id='word_1_199' title='bbox 539 2367 577 2433; x_wconf 88' lang='lat' dir='ltr'>R.</span> <span class='ocrx_word' id='word_1_200' title='bbox 605 2371 632 2435; x_wconf 92' lang='lat'>1.</span> <span class='ocrx_word' id='word_1_201' title='bbox 681 2369 732 2432; x_wconf 83' lang='lat' dir='ltr'>Ex</span> <span class='ocrx_word' id='word_1_202' title='bbox 760 2367 856 2434; x_wconf 89' lang='lat' dir='ltr'>dictis</span> <span class='ocrx_word' id='word_1_203' title='bbox 887 2368 1052 2450; x_wconf 86' lang='lat' dir='ltr'>colligitur</span> <span class='ocrx_word' id='word_1_204' title='bbox 1074 2368 1212 2434; x_wconf 90' lang='lat' dir='ltr'>Paulum</span> <span class='ocrx_word' id='word_1_205' title='bbox 1242 2388 1301 2452; x_wconf 91' lang='lat' dir='ltr'>per</span> <span class='ocrx_word' id='word_1_206' title='bbox 1330 2367 1419 2433; x_wconf 90' lang='lat' dir='ltr'>anuli</span> <span class='ocrx_word' id='word_1_207' title='bbox 1428 2378 1481 2432; x_wconf 81' lang='lat'>874</span> 
     </span>
     <span class='ocr_line' id='line_1_23' title="bbox 94 2456 1419 2541; baseline -0.001 -18"><span class='ocrx_word' id='word_1_208' title='bbox 94 2457 307 2523; x_wconf 89' lang='lat' dir='ltr'>traditionem</span> <span class='ocrx_word' id='word_1_209' title='bbox 333 2457 508 2522; x_wconf 91' lang='lat' dir='ltr'>dominium</span> <span class='ocrx_word' id='word_1_210' title='bbox 539 2457 750 2539; x_wconf 86' lang='lat' dir='ltr'>acquisivisse</span> <span class='ocrx_word' id='word_1_211' title='bbox 781 2461 880 2540; x_wconf 90' lang='lat' dir='ltr'>atque</span> <span class='ocrx_word' id='word_1_212' title='bbox 905 2458 1043 2524; x_wconf 83' lang='lat' dir='ltr'>Gellium</span> <span class='ocrx_word' id='word_1_213' title='bbox 1074 2456 1243 2541; x_wconf 90' lang='lat' dir='ltr'>pecuniam</span> <span class='ocrx_word' id='word_1_214' title='bbox 1273 2478 1293 2522; x_wconf 91' lang='lat' dir='ltr'>a</span> <span class='ocrx_word' id='word_1_215' title='bbox 1317 2456 1419 2522; x_wconf 92' lang='lat' dir='ltr'>Paulo</span> 
     </span>
     <span class='ocr_line' id='line_1_24' title="bbox 93 2545 1418 2630; baseline 0.001 -19"><span class='ocrx_word' id='word_1_216' title='bbox 93 2546 155 2612; x_wconf 88' lang='lat' dir='ltr'>sibi</span> <span class='ocrx_word' id='word_1_217' title='bbox 181 2548 294 2612; x_wconf 90' lang='lat' dir='ltr'>datam</span> <span class='ocrx_word' id='word_1_218' title='bbox 316 2567 413 2630; x_wconf 91' lang='lat' dir='ltr'>posse</span> <span class='ocrx_word' id='word_1_219' title='bbox 436 2546 588 2622; x_wconf 87' lang='lat' dir='ltr'>retinere,</span> <span class='ocrx_word' id='word_1_220' title='bbox 613 2545 640 2610; x_wconf 92' lang='lat' dir='ltr'>si</span> <span class='ocrx_word' id='word_1_221' title='bbox 666 2546 787 2611; x_wconf 91' lang='lat' dir='ltr'>Paulus</span> <span class='ocrx_word' id='word_1_222' title='bbox 810 2567 918 2612; x_wconf 91' lang='lat' dir='ltr'>rerum</span> <span class='ocrx_word' id='word_1_223' title='bbox 943 2545 1167 2612; x_wconf 90' lang='lat' dir='ltr'>condicionum</span> <span class='ocrx_word' id='word_1_224' title='bbox 1190 2545 1311 2611; x_wconf 89' lang='lat' dir='ltr'>inscius</span> <span class='ocrx_word' id='word_1_225' title='bbox 1336 2551 1418 2623; x_wconf 86' lang='lat' dir='ltr'>erat,</span> 
     </span>
     <span class='ocr_line' id='line_1_25' title="bbox 94 2633 1420 2711; baseline -0.002 -10"><span class='ocrx_word' id='word_1_226' title='bbox 94 2657 170 2701; x_wconf 90' lang='lat' dir='ltr'>cum</span> <span class='ocrx_word' id='word_1_227' title='bbox 195 2636 327 2701; x_wconf 89' lang='lat' dir='ltr'>anulum</span> <span class='ocrx_word' id='word_1_228' title='bbox 351 2639 484 2701; x_wconf 88' lang='lat' dir='ltr'>emeret.</span> <span class='ocrx_word' id='word_1_229' title='bbox 532 2633 652 2711; x_wconf 83' lang='lat' dir='ltr'>Quodsi</span> <span class='ocrx_word' id='word_1_230' title='bbox 684 2635 819 2702; x_wconf 87' lang='lat' dir='ltr'>sciverit</span> <span class='ocrx_word' id='word_1_231' title='bbox 843 2636 974 2701; x_wconf 89' lang='lat' dir='ltr'>anulum</span> <span class='ocrx_word' id='word_1_232' title='bbox 998 2634 1063 2700; x_wconf 85' lang='lat' dir='ltr'>iam</span> <span class='ocrx_word' id='word_1_233' title='bbox 1087 2656 1159 2700; x_wconf 91' lang='lat' dir='ltr'>esse</span> <span class='ocrx_word' id='word_1_234' title='bbox 1182 2634 1282 2700; x_wconf 91' lang='lat' dir='ltr'>Petro</span> <span class='ocrx_word' id='word_1_235' title='bbox 1306 2634 1420 2700; x_wconf 90' lang='lat' dir='ltr'>vendi·</span> 
     </span>
     <span class='ocr_line' id='line_1_26' title="bbox 96 2723 1421 2808; baseline 0 -17"><span class='ocrx_word' id='word_1_236' title='bbox 96 2730 185 2801; x_wconf 88' lang='lat' dir='ltr'>tum,</span> <span class='ocrx_word' id='word_1_237' title='bbox 211 2725 308 2789; x_wconf 90' lang='lat' dir='ltr'>debet</span> <span class='ocrx_word' id='word_1_238' title='bbox 331 2745 404 2789; x_wconf 89' lang='lat' dir='ltr'>eum</span> <span class='ocrx_word' id='word_1_239' title='bbox 429 2724 527 2788; x_wconf 91' lang='lat' dir='ltr'>Petro</span> <span class='ocrx_word' id='word_1_240' title='bbox 558 2723 636 2788; x_wconf 89' lang='lat' dir='ltr'>dare</span> <span class='ocrx_word' id='word_1_241' title='bbox 666 2727 765 2807; x_wconf 90' lang='lat' dir='ltr'>atque</span> <span class='ocrx_word' id='word_1_242' title='bbox 794 2725 934 2808; x_wconf 87' lang='lat' dir='ltr'>pretium</span> <span class='ocrx_word' id='word_1_243' title='bbox 966 2725 1107 2790; x_wconf 90' lang='lat' dir='ltr'>solutum</span> <span class='ocrx_word' id='word_1_244' title='bbox 1132 2746 1152 2790; x_wconf 88' lang='lat' dir='ltr'>a</span> <span class='ocrx_word' id='word_1_245' title='bbox 1176 2724 1280 2790; x_wconf 85' lang='lat' dir='ltr'>Gellio</span> <span class='ocrx_word' id='word_1_246' title='bbox 1310 2727 1421 2807; x_wconf 89' lang='lat' dir='ltr'>potest</span> 
     </span>
     <span class='ocr_line' id='line_1_27' title="bbox 97 2813 1420 2898; baseline -0.001 -19"><span class='ocrx_word' id='word_1_247' title='bbox 97 2818 258 2898; x_wconf 88' lang='lat' dir='ltr'>repetere.</span> <span class='ocrx_word' id='word_1_248' title='bbox 307 2813 424 2879; x_wconf 90' lang='lat' dir='ltr'>Petrus</span> <span class='ocrx_word' id='word_1_249' title='bbox 448 2833 525 2878; x_wconf 90' lang='lat' dir='ltr'>vero</span> <span class='ocrx_word' id='word_1_250' title='bbox 551 2813 654 2878; x_wconf 85' lang='lat' dir='ltr'>Gellio</span> <span class='ocrx_word' id='word_1_251' title='bbox 678 2814 807 2878; x_wconf 89' lang='lat' dir='ltr'>solvere</span> <span class='ocrx_word' id='word_1_252' title='bbox 831 2814 928 2879; x_wconf 91' lang='lat' dir='ltr'>debet</span> <span class='ocrx_word' id='word_1_253' title='bbox 951 2813 1101 2896; x_wconf 86' lang='lat' dir='ltr'>pretium,</span> <span class='ocrx_word' id='word_1_254' title='bbox 1125 2813 1212 2879; x_wconf 89' lang='lat' dir='ltr'>circa</span> <span class='ocrx_word' id='word_1_255' title='bbox 1241 2813 1327 2896; x_wconf 91' lang='lat' dir='ltr'>quod</span> <span class='ocrx_word' id='word_1_256' title='bbox 1349 2813 1420 2897; x_wconf 91' lang='lat' dir='ltr'>ipse</span> 
     </span>
     <span class='ocr_line' id='line_1_28' title="bbox 98 2906 468 2968; baseline -0.005 0"><span class='ocrx_word' id='word_1_257' title='bbox 98 2924 172 2968; x_wconf 93' lang='lat' dir='ltr'>cum</span> <span class='ocrx_word' id='word_1_258' title='bbox 197 2923 235 2967; x_wconf 90' lang='lat' dir='ltr'>eo</span> <span class='ocrx_word' id='word_1_259' title='bbox 260 2906 468 2968; x_wconf 90' lang='lat' dir='ltr'>convenerat.</span> 
     </span>
    </p>
   </div>
   <div class='ocr_carea' id='block_1_7' title="bbox 95 3015 1423 4261">
    <p class='ocr_par' dir='ltr' id='par_1_7' title="bbox 95 3015 1423 4261">
     <span class='ocr_line' id='line_1_29' title="bbox 188 3015 1421 3097; baseline 0 -16"><span class='ocrx_word' id='word_1_260' title='bbox 188 3017 227 3083; x_wconf 92' lang='lat' dir='ltr'>R.</span> <span class='ocrx_word' id='word_1_261' title='bbox 254 3020 283 3083; x_wconf 87' lang='lat'>2.</span> <span class='ocrx_word' id='word_1_262' title='bbox 331 3016 365 3081; x_wconf 92' lang='lat' dir='ltr'>Si</span> <span class='ocrx_word' id='word_1_263' title='bbox 388 3016 489 3097; x_wconf 85' lang='lat' dir='ltr'>igitur</span> <span class='ocrx_word' id='word_1_264' title='bbox 505 3015 625 3080; x_wconf 87' lang='lat' dir='ltr'>Paulus</span> <span class='ocrx_word' id='word_1_265' title='bbox 641 3017 773 3081; x_wconf 89' lang='lat' dir='ltr'>anulum</span> <span class='ocrx_word' id='word_1_266' title='bbox 790 3016 859 3081; x_wconf 91' lang='lat' dir='ltr'>iure</span> <span class='ocrx_word' id='word_1_267' title='bbox 883 3016 1012 3091; x_wconf 87' lang='lat' dir='ltr'>retinet,</span> <span class='ocrx_word' id='word_1_268' title='bbox 1038 3016 1161 3081; x_wconf 83' lang='lat' dir='ltr'>Gellius</span> <span class='ocrx_word' id='word_1_269' title='bbox 1177 3015 1273 3080; x_wconf 86' lang='lat' dir='ltr'>aliter</span> <span class='ocrx_word' id='word_1_270' title='bbox 1288 3019 1421 3081; x_wconf 89' lang='lat' dir='ltr'>tenetur</span> 
     </span>
     <span class='ocr_line' id='line_1_30' title="bbox 96 3104 1420 3188; baseline -0.001 -17"><span class='ocrx_word' id='word_1_271' title='bbox 96 3127 178 3188; x_wconf 86' lang='lat' dir='ltr'>erga</span> <span class='ocrx_word' id='word_1_272' title='bbox 202 3106 345 3172; x_wconf 91' lang='lat' dir='ltr'>Petrum.</span> <span class='ocrx_word' id='word_1_273' title='bbox 392 3105 612 3170; x_wconf 80' lang='lat' dir='ltr'>Commuuiter</span> <span class='ocrx_word' id='word_1_274' title='bbox 641 3105 770 3187; x_wconf 88' lang='lat' dir='ltr'>quidem</span> <span class='ocrx_word' id='word_1_275' title='bbox 800 3104 957 3170; x_wconf 90' lang='lat' dir='ltr'>eiusmodi</span> <span class='ocrx_word' id='word_1_276' title='bbox 980 3125 1033 3169; x_wconf 89' lang='lat' dir='ltr'>res</span> <span class='ocrx_word' id='word_1_277' title='bbox 1063 3104 1347 3181; x_wconf 88' lang='lat' dir='ltr'>transmittuntur,</span> <span class='ocrx_word' id='word_1_278' title='bbox 1381 3125 1420 3170; x_wconf 90' lang='lat' dir='ltr'>eo</span> 
     </span>
     <span class='ocr_line' id='line_1_31' title="bbox 97 3192 1419 3278; baseline -0.002 -18"><span class='ocrx_word' id='word_1_279' title='bbox 97 3195 185 3278; x_wconf 92' lang='lat' dir='ltr'>quod</span> <span class='ocrx_word' id='word_1_280' title='bbox 215 3199 343 3278; x_wconf 88' lang='lat' dir='ltr'>emptor</span> <span class='ocrx_word' id='word_1_281' title='bbox 372 3196 486 3259; x_wconf 86' lang='lat' dir='ltr'>tenent</span> <span class='ocrx_word' id='word_1_282' title='bbox 516 3194 687 3258; x_wconf 87' lang='lat' dir='ltr'>etiamtum</span> <span class='ocrx_word' id='word_1_283' title='bbox 716 3195 887 3277; x_wconf 87' lang='lat' dir='ltr'>pecuniam</span> <span class='ocrx_word' id='word_1_284' title='bbox 917 3214 1009 3259; x_wconf 87' lang='lat' dir='ltr'>suam</span> <span class='ocrx_word' id='word_1_285' title='bbox 1041 3197 1140 3274; x_wconf 88' lang='lat' dir='ltr'>atque</span> <span class='ocrx_word' id='word_1_286' title='bbox 1170 3192 1259 3258; x_wconf 86' lang='lat' dir='ltr'>facili</span> <span class='ocrx_word' id='word_1_287' title='bbox 1287 3193 1419 3273; x_wconf 84' lang='lat' dir='ltr'>negotio</span> 
     </span>
     <span class='ocr_line' id='line_1_32' title="bbox 96 3280 1421 3366; baseline -0.001 -17"><span class='ocrx_word' id='word_1_288' title='bbox 96 3284 175 3349; x_wconf 89' lang='lat' dir='ltr'>alibi</span> <span class='ocrx_word' id='word_1_289' title='bbox 206 3283 344 3349; x_wconf 90' lang='lat' dir='ltr'>similem</span> <span class='ocrx_word' id='word_1_290' title='bbox 374 3304 442 3348; x_wconf 90' lang='lat' dir='ltr'>rem</span> <span class='ocrx_word' id='word_1_291' title='bbox 473 3282 534 3346; x_wconf 92' lang='lat' dir='ltr'>sibi</span> <span class='ocrx_word' id='word_1_292' title='bbox 564 3282 668 3365; x_wconf 88' lang='lat' dir='ltr'>possit</span> <span class='ocrx_word' id='word_1_293' title='bbox 698 3303 897 3366; x_wconf 87' lang='lat' dir='ltr'>comparare.</span> <span class='ocrx_word' id='word_1_294' title='bbox 944 3282 1007 3347; x_wconf 86' lang='lat' dir='ltr'>Sed</span> <span class='ocrx_word' id='word_1_295' title='bbox 1038 3281 1066 3346; x_wconf 91' lang='lat' dir='ltr'>si</span> <span class='ocrx_word' id='word_1_296' title='bbox 1094 3281 1128 3345; x_wconf 93' lang='lat' dir='ltr'>id</span> <span class='ocrx_word' id='word_1_297' title='bbox 1151 3280 1221 3346; x_wconf 90' lang='lat' dir='ltr'>fieri</span> <span class='ocrx_word' id='word_1_298' title='bbox 1251 3281 1364 3363; x_wconf 90' lang='lat' dir='ltr'>nequit</span> <span class='ocrx_word' id='word_1_299' title='bbox 1386 3286 1421 3348; x_wconf 92' lang='lat' dir='ltr'>et</span> 
     </span>
     <span class='ocr_line' id='line_1_33' title="bbox 96 3370 1421 3454; baseline -0.002 -17"><span class='ocrx_word' id='word_1_300' title='bbox 96 3374 126 3438; x_wconf 93' lang='lat' dir='ltr'>si</span> <span class='ocrx_word' id='word_1_301' title='bbox 156 3394 283 3437; x_wconf 92' lang='lat' dir='ltr'>summo</span> <span class='ocrx_word' id='word_1_302' title='bbox 305 3373 376 3438; x_wconf 92' lang='lat' dir='ltr'>iure</span> <span class='ocrx_word' id='word_1_303' title='bbox 406 3393 517 3437; x_wconf 90' lang='lat' dir='ltr'>casum</span> <span class='ocrx_word' id='word_1_304' title='bbox 542 3370 691 3437; x_wconf 89' lang='lat' dir='ltr'>decidere</span> <span class='ocrx_word' id='word_1_305' title='bbox 720 3372 886 3437; x_wconf 89' lang='lat' dir='ltr'>volumus:</span> <span class='ocrx_word' id='word_1_306' title='bbox 917 3371 1016 3437; x_wconf 88' lang='lat' dir='ltr'>Petro</span> <span class='ocrx_word' id='word_1_307' title='bbox 1045 3371 1095 3435; x_wconf 92' lang='lat' dir='ltr'>ius</span> <span class='ocrx_word' id='word_1_308' title='bbox 1125 3371 1211 3436; x_wconf 90' lang='lat' dir='ltr'>inest</span> <span class='ocrx_word' id='word_1_309' title='bbox 1233 3370 1421 3454; x_wconf 90' lang='lat' dir='ltr'>postulandi</span> 
     </span>
     <span class='ocr_line' id='line_1_34' title="bbox 97 3459 1421 3545; baseline -0.004 -17"><span class='ocrx_word' id='word_1_310' title='bbox 97 3483 119 3528; x_wconf 91' lang='lat' dir='ltr'>a</span> <span class='ocrx_word' id='word_1_311' title='bbox 143 3462 247 3527; x_wconf 85' lang='lat' dir='ltr'>Gellio</span> <span class='ocrx_word' id='word_1_312' title='bbox 271 3462 400 3545; x_wconf 86' lang='lat' dir='ltr'>plenam</span> <span class='ocrx_word' id='word_1_313' title='bbox 422 3460 681 3527; x_wconf 89' lang='lat' dir='ltr'>indemnitatem.</span> <span class='ocrx_word' id='word_1_314' title='bbox 727 3461 833 3537; x_wconf 87' lang='lat' dir='ltr'>Quare</span> <span class='ocrx_word' id='word_1_315' title='bbox 856 3460 884 3526; x_wconf 93' lang='lat' dir='ltr'>si</span> <span class='ocrx_word' id='word_1_316' title='bbox 907 3460 993 3525; x_wconf 88' lang='lat' dir='ltr'>forte</span> <span class='ocrx_word' id='word_1_317' title='bbox 1022 3459 1160 3524; x_wconf 90' lang='lat' dir='ltr'>similem</span> <span class='ocrx_word' id='word_1_318' title='bbox 1184 3459 1315 3525; x_wconf 90' lang='lat' dir='ltr'>anulum</span> <span class='ocrx_word' id='word_1_319' title='bbox 1339 3480 1421 3524; x_wconf 90' lang='lat' dir='ltr'>uon·</span> 
     </span>
     <span class='ocr_line' id='line_1_35' title="bbox 97 3547 1421 3633; baseline -0.003 -17"><span class='ocrx_word' id='word_1_320' title='bbox 97 3552 160 3616; x_wconf 89' lang='lat' dir='ltr'>nisi</span> <span class='ocrx_word' id='word_1_321' title='bbox 199 3551 321 3616; x_wconf 87' lang='lat' dir='ltr'>maiore</span> <span class='ocrx_word' id='word_1_322' title='bbox 360 3550 464 3633; x_wconf 89' lang='lat' dir='ltr'>pretio</span> <span class='ocrx_word' id='word_1_323' title='bbox 499 3548 560 3614; x_wconf 87' lang='lat' dir='ltr'>sibi</span> <span class='ocrx_word' id='word_1_324' title='bbox 598 3571 790 3633; x_wconf 89' lang='lat' dir='ltr'>comparare</span> <span class='ocrx_word' id='word_1_325' title='bbox 828 3549 947 3633; x_wconf 87' lang='lat' dir='ltr'>possit,</span> <span class='ocrx_word' id='word_1_326' title='bbox 988 3549 1110 3615; x_wconf 82' lang='lat' dir='ltr'>Gellius</span> <span class='ocrx_word' id='word_1_327' title='bbox 1149 3549 1190 3613; x_wconf 88' lang='lat' dir='ltr'>ad</span> <span class='ocrx_word' id='word_1_328' title='bbox 1229 3547 1421 3613; x_wconf 90' lang='lat' dir='ltr'>solvendum</span> 
     </span>
     <span class='ocr_line' id='line_1_36' title="bbox 96 3639 1421 3724; baseline -0.002 -19"><span class='ocrx_word' id='word_1_329' title='bbox 96 3662 269 3705; x_wconf 86' lang='lat' dir='ltr'>excessum</span> <span class='ocrx_word' id='word_1_330' title='bbox 300 3639 398 3724; x_wconf 88' lang='lat' dir='ltr'>pretii</span> <span class='ocrx_word' id='word_1_331' title='bbox 427 3642 576 3712; x_wconf 76' lang='lat' dir='ltr'>tenetur:</span> <span class='ocrx_word' id='word_1_332' title='bbox 611 3639 663 3703; x_wconf 89' lang='lat' dir='ltr'>vel</span> <span class='ocrx_word' id='word_1_333' title='bbox 694 3639 792 3705; x_wconf 89' lang='lat' dir='ltr'>etiam</span> <span class='ocrx_word' id='word_1_334' title='bbox 824 3639 866 3703; x_wconf 85' lang='lat' dir='ltr'>ad</span> <span class='ocrx_word' id='word_1_335' title='bbox 896 3639 1086 3703; x_wconf 88' lang='lat' dir='ltr'>solvendum</span> <span class='ocrx_word' id='word_1_336' title='bbox 1117 3641 1264 3714; x_wconf 86' lang='lat' dir='ltr'>tantum,</span> <span class='ocrx_word' id='word_1_337' title='bbox 1299 3641 1421 3718; x_wconf 90' lang='lat' dir='ltr'>quanto</span> 
     </span>
     <span class='ocr_line' id='line_1_37' title="bbox 96 3726 1421 3805; baseline -0.002 -10"><span class='ocrx_word' id='word_1_338' title='bbox 96 3729 230 3795; x_wconf 89' lang='lat' dir='ltr'>intersit</span> <span class='ocrx_word' id='word_1_339' title='bbox 259 3728 349 3794; x_wconf 91' lang='lat' dir='ltr'>Petri</span> <span class='ocrx_word' id='word_1_340' title='bbox 379 3728 512 3793; x_wconf 89' lang='lat' dir='ltr'>anulum</span> <span class='ocrx_word' id='word_1_341' title='bbox 541 3727 615 3792; x_wconf 91' lang='lat' dir='ltr'>ilico</span> <span class='ocrx_word' id='word_1_342' title='bbox 646 3728 785 3805; x_wconf 89' lang='lat' dir='ltr'>habere,</span> <span class='ocrx_word' id='word_1_343' title='bbox 819 3748 891 3792; x_wconf 88' lang='lat' dir='ltr'>cum</span> <span class='ocrx_word' id='word_1_344' title='bbox 921 3749 1007 3792; x_wconf 90' lang='lat' dir='ltr'>nunc</span> <span class='ocrx_word' id='word_1_345' title='bbox 1036 3727 1173 3793; x_wconf 92' lang='lat' dir='ltr'>similem</span> <span class='ocrx_word' id='word_1_346' title='bbox 1205 3726 1325 3792; x_wconf 89' lang='lat' dir='ltr'>habere</span> <span class='ocrx_word' id='word_1_347' title='bbox 1357 3747 1421 3792; x_wconf 91' lang='lat' dir='ltr'>non</span> 
     </span>
     <span class='ocr_line' id='line_1_38' title="bbox 97 3816 1421 3903; baseline -0.002 -19"><span class='ocrx_word' id='word_1_348' title='bbox 97 3818 202 3903; x_wconf 84' lang='lat' dir='ltr'>possit</span> <span class='ocrx_word' id='word_1_349' title='bbox 234 3817 294 3883; x_wconf 90' lang='lat' dir='ltr'>nisi</span> <span class='ocrx_word' id='word_1_350' title='bbox 329 3822 403 3901; x_wconf 91' lang='lat' dir='ltr'>post</span> <span class='ocrx_word' id='word_1_351' title='bbox 436 3816 566 3899; x_wconf 89' lang='lat' dir='ltr'>aliquod</span> <span class='ocrx_word' id='word_1_352' title='bbox 598 3820 746 3900; x_wconf 87' lang='lat' dir='ltr'>tempus;</span> <span class='ocrx_word' id='word_1_353' title='bbox 782 3817 834 3881; x_wconf 93' lang='lat' dir='ltr'>vel</span> <span class='ocrx_word' id='word_1_354' title='bbox 870 3817 897 3881; x_wconf 92' lang='lat' dir='ltr'>si</span> <span class='ocrx_word' id='word_1_355' title='bbox 930 3817 1048 3882; x_wconf 90' lang='lat' dir='ltr'>Petrus</span> <span class='ocrx_word' id='word_1_356' title='bbox 1079 3816 1257 3882; x_wconf 90' lang='lat' dir='ltr'>intenderit</span> <span class='ocrx_word' id='word_1_357' title='bbox 1288 3817 1421 3881; x_wconf 89' lang='lat' dir='ltr'>anulum</span> 
     </span>
     <span class='ocr_line' id='line_1_39' title="bbox 95 3905 1422 3989; baseline -0.003 -16"><span class='ocrx_word' id='word_1_358' title='bbox 95 3909 215 3974; x_wconf 88' lang='lat' dir='ltr'>iterum</span> <span class='ocrx_word' id='word_1_359' title='bbox 240 3907 382 3972; x_wconf 90' lang='lat' dir='ltr'>vendere</span> <span class='ocrx_word' id='word_1_360' title='bbox 405 3905 501 3988; x_wconf 88' lang='lat' dir='ltr'>idque</span> <span class='ocrx_word' id='word_1_361' title='bbox 526 3905 649 3970; x_wconf 82' lang='lat' dir='ltr'>Gellius</span> <span class='ocrx_word' id='word_1_362' title='bbox 671 3905 830 3988; x_wconf 88' lang='lat' dir='ltr'>suspicari</span> <span class='ocrx_word' id='word_1_363' title='bbox 854 3905 1014 3989; x_wconf 83' lang='lat' dir='ltr'>potuerit,</span> <span class='ocrx_word' id='word_1_364' title='bbox 1040 3909 1140 3988; x_wconf 89' lang='lat' dir='ltr'>atque</span> <span class='ocrx_word' id='word_1_365' title='bbox 1163 3906 1280 3972; x_wconf 88' lang='lat' dir='ltr'>Petrus</span> <span class='ocrx_word' id='word_1_366' title='bbox 1304 3926 1422 3988; x_wconf 91' lang='lat' dir='ltr'>oppor-</span> 
     </span>
     <span class='ocr_line' id='line_1_40' title="bbox 97 3995 1423 4077; baseline -0.005 -13"><span class='ocrx_word' id='word_1_367' title='bbox 97 3998 274 4064; x_wconf 87' lang='lat' dir='ltr'>tunitatem</span> <span class='ocrx_word' id='word_1_368' title='bbox 298 4002 415 4062; x_wconf 88' lang='lat' dir='ltr'>nactus</span> <span class='ocrx_word' id='word_1_369' title='bbox 439 3995 483 4060; x_wconf 92' lang='lat' dir='ltr'>sit</span> <span class='ocrx_word' id='word_1_370' title='bbox 506 4015 578 4058; x_wconf 91' lang='lat' dir='ltr'>cum</span> <span class='ocrx_word' id='word_1_371' title='bbox 603 3995 691 4059; x_wconf 93' lang='lat' dir='ltr'>lucro</span> <span class='ocrx_word' id='word_1_372' title='bbox 709 3995 880 4073; x_wconf 88' lang='lat' dir='ltr'>vendendi,</span> <span class='ocrx_word' id='word_1_373' title='bbox 905 3995 983 4060; x_wconf 92' lang='lat' dir='ltr'>illud</span> <span class='ocrx_word' id='word_1_374' title='bbox 1007 3995 1132 4059; x_wconf 92' lang='lat' dir='ltr'>lucrum</span> <span class='ocrx_word' id='word_1_375' title='bbox 1157 4015 1289 4060; x_wconf 83' lang='lat' dir='ltr'>cessans</span> <span class='ocrx_word' id='word_1_376' title='bbox 1313 3997 1423 4077; x_wconf 89' lang='lat' dir='ltr'>potest</span> 
     </span>
     <span class='ocr_line' id='line_1_41' title="bbox 97 4082 1422 4168; baseline -0.003 -17"><span class='ocrx_word' id='word_1_377' title='bbox 97 4109 119 4152; x_wconf 89' lang='lat' dir='ltr'>a</span> <span class='ocrx_word' id='word_1_378' title='bbox 143 4086 248 4152; x_wconf 79' lang='lat' dir='ltr'>Gellio</span> <span class='ocrx_word' id='word_1_379' title='bbox 272 4090 402 4168; x_wconf 89' lang='lat' dir='ltr'>petere,</span> <span class='ocrx_word' id='word_1_380' title='bbox 433 4084 459 4148; x_wconf 90' lang='lat' dir='ltr'>si</span> <span class='ocrx_word' id='word_1_381' title='bbox 483 4087 594 4148; x_wconf 89' lang='lat' dir='ltr'>tamen</span> <span class='ocrx_word' id='word_1_382' title='bbox 618 4084 742 4148; x_wconf 90' lang='lat' dir='ltr'>lucrum</span> <span class='ocrx_word' id='word_1_383' title='bbox 772 4084 852 4149; x_wconf 91' lang='lat' dir='ltr'>illud</span> <span class='ocrx_word' id='word_1_384' title='bbox 880 4105 1068 4149; x_wconf 89' lang='lat' dir='ltr'>mansurum</span> <span class='ocrx_word' id='word_1_385' title='bbox 1092 4087 1165 4150; x_wconf 89' lang='lat' dir='ltr'>erat</span> <span class='ocrx_word' id='word_1_386' title='bbox 1194 4083 1279 4148; x_wconf 84' lang='lat' dir='ltr'>inter</span> <span class='ocrx_word' id='word_1_387' title='bbox 1302 4082 1422 4147; x_wconf 90' lang='lat' dir='ltr'>limites</span> 
     </span>
     <span class='ocr_line' id='line_1_42' title="bbox 96 4173 421 4261; baseline -0.003 -21"><span class='ocrx_word' id='word_1_388' title='bbox 96 4175 196 4261; x_wconf 89' lang='lat' dir='ltr'>pretii</span> <span class='ocrx_word' id='word_1_389' title='bbox 220 4179 300 4240; x_wconf 81' lang='lat' dir='ltr'>iuste</span> <span class='ocrx_word' id='word_1_390' title='bbox 322 4173 421 4240; x_wconf 90' lang='lat' dir='ltr'>aucti.</span> 
     </span>
    </p>
   </div>
   <div class='ocr_carea' id='block_1_8' title="bbox 188 4283 1422 4371">
    <p class='ocr_par' dir='ltr' id='par_1_8' title="bbox 188 4283 1422 4371">
     <span class='ocr_line' id='line_1_43' title="bbox 188 4283 1422 4371; baseline -0.005 -17"><span class='ocrx_word' id='word_1_391' title='bbox 188 4290 226 4356; x_wconf 90' lang='lat' dir='ltr'>R.</span> <span class='ocrx_word' id='word_1_392' title='bbox 245 4292 274 4354; x_wconf 89' lang='lat'>3.</span> <span class='ocrx_word' id='word_1_393' title='bbox 306 4287 396 4365; x_wconf 85' lang='lat' dir='ltr'>Quae</span> <span class='ocrx_word' id='word_1_394' title='bbox 413 4286 542 4369; x_wconf 91' lang='lat' dir='ltr'>quidem</span> <span class='ocrx_word' id='word_1_395' title='bbox 559 4286 656 4350; x_wconf 88' lang='lat' dir='ltr'>etiam</span> <span class='ocrx_word' id='word_1_396' title='bbox 673 4286 808 4352; x_wconf 89' lang='lat' dir='ltr'>iuridice</span> <span class='ocrx_word' id='word_1_397' title='bbox 824 4287 1010 4371; x_wconf 89' lang='lat' dir='ltr'>postulandi</span> <span class='ocrx_word' id='word_1_398' title='bbox 1027 4287 1124 4353; x_wconf 88' lang='lat' dir='ltr'>Petro</span> <span class='ocrx_word' id='word_1_399' title='bbox 1140 4286 1282 4351; x_wconf 88' lang='lat' dir='ltr'>facultas</span> <span class='ocrx_word' id='word_1_400' title='bbox 1306 4283 1422 4362; x_wconf 83' lang='lat' dir='ltr'>aderit,</span> 
     </span>
    </p>
   </div>
   <div class='ocr_carea' id='block_1_9' title="bbox 94 4373 1423 4640">
    <p class='ocr_par' dir='ltr' id='par_1_9' title="bbox 94 4373 1423 4640">
     <span class='ocr_line' id='line_1_44' title="bbox 96 4373 1423 4464; baseline -0.005 -19"><span class='ocrx_word' id='word_1_401' title='bbox 96 4380 125 4446; x_wconf 89' lang='lat' dir='ltr'>si</span> <span class='ocrx_word' id='word_1_402' title='bbox 148 4380 288 4464; x_wconf 90' lang='lat' dir='ltr'>probare</span> <span class='ocrx_word' id='word_1_403' title='bbox 311 4377 417 4460; x_wconf 91' lang='lat' dir='ltr'>possit</span> <span class='ocrx_word' id='word_1_404' title='bbox 447 4381 481 4441; x_wconf 91' lang='lat' dir='ltr'>et</span> <span class='ocrx_word' id='word_1_405' title='bbox 510 4375 705 4457; x_wconf 89' lang='lat' dir='ltr'>emptionem</span> <span class='ocrx_word' id='word_1_406' title='bbox 731 4397 751 4440; x_wconf 89' lang='lat' dir='ltr'>a</span> <span class='ocrx_word' id='word_1_407' title='bbox 774 4397 809 4440; x_wconf 88' lang='lat' dir='ltr'>se</span> <span class='ocrx_word' id='word_1_408' title='bbox 832 4376 956 4442; x_wconf 90' lang='lat' dir='ltr'>factam</span> <span class='ocrx_word' id='word_1_409' title='bbox 979 4379 1013 4440; x_wconf 92' lang='lat' dir='ltr'>et</span> <span class='ocrx_word' id='word_1_410' title='bbox 1037 4376 1189 4440; x_wconf 89' lang='lat' dir='ltr'>damnum</span> <span class='ocrx_word' id='word_1_411' title='bbox 1213 4396 1233 4439; x_wconf 88' lang='lat' dir='ltr'>a</span> <span class='ocrx_word' id='word_1_412' title='bbox 1256 4395 1292 4438; x_wconf 90' lang='lat' dir='ltr'>se</span> <span class='ocrx_word' id='word_1_413' title='bbox 1315 4373 1423 4439; x_wconf 89' lang='lat' dir='ltr'>ineur-</span> 
     </span>
     <span class='ocr_line' id='line_1_45' title="bbox 94 4462 1423 4549; baseline -0.005 -14"><span class='ocrx_word' id='word_1_414' title='bbox 94 4491 179 4536; x_wconf 86' lang='lat' dir='ltr'>sum.</span> <span class='ocrx_word' id='word_1_415' title='bbox 212 4468 335 4532; x_wconf 90' lang='lat' dir='ltr'>Verum</span> <span class='ocrx_word' id='word_1_416' title='bbox 359 4464 422 4531; x_wconf 89' lang='lat' dir='ltr'>etsi</span> <span class='ocrx_word' id='word_1_417' title='bbox 445 4465 583 4549; x_wconf 89' lang='lat' dir='ltr'>probare</span> <span class='ocrx_word' id='word_1_418' title='bbox 606 4485 670 4528; x_wconf 88' lang='lat' dir='ltr'>nou</span> <span class='ocrx_word' id='word_1_419' title='bbox 696 4464 807 4547; x_wconf 86' lang='lat' dir='ltr'>possit,</span> <span class='ocrx_word' id='word_1_420' title='bbox 832 4465 865 4529; x_wconf 90' lang='lat' dir='ltr'>in</span> <span class='ocrx_word' id='word_1_421' title='bbox 888 4464 1087 4530; x_wconf 88' lang='lat' dir='ltr'>conscientia</span> <span class='ocrx_word' id='word_1_422' title='bbox 1109 4464 1159 4528; x_wconf 88' lang='lat' dir='ltr'>ius</span> <span class='ocrx_word' id='word_1_423' title='bbox 1182 4463 1268 4528; x_wconf 89' lang='lat' dir='ltr'>idem</span> <span class='ocrx_word' id='word_1_424' title='bbox 1291 4462 1423 4541; x_wconf 82' lang='lat' dir='ltr'>retinet,</span> 
     </span>
     <span class='ocr_line' id='line_1_46' title="bbox 96 4553 776 4640; baseline -0.01 -15"><span class='ocrx_word' id='word_1_425' title='bbox 96 4558 268 4640; x_wconf 84' lang='lat' dir='ltr'>Gellioque</span> <span class='ocrx_word' id='word_1_426' title='bbox 291 4556 406 4621; x_wconf 89' lang='lat' dir='ltr'>eadem</span> <span class='ocrx_word' id='word_1_427' title='bbox 430 4553 587 4619; x_wconf 89' lang='lat' dir='ltr'>incumbit</span> <span class='ocrx_word' id='word_1_428' title='bbox 611 4553 776 4634; x_wconf 86' lang='lat' dir='ltr'>obligatio.</span> 
     </span>
    </p>
   </div>
   <div class='ocr_carea' id='block_1_10' title="bbox 0 0 1561 5168">
    <p class='ocr_par' dir='ltr' id='par_1_10' title="bbox 0 0 1561 5168">
     <span class='ocr_line' id='line_1_47' title="bbox 0 0 1561 5168; baseline 0 0"><span class='ocrx_word' id='word_1_429' title='bbox 0 0 1561 5168; x_wconf 95' lang='lat' dir='ltr'> </span> 
     </span>
    </p>
   </div>
  </div>
 </body>
</html>
