3106 5168
381 290 453 345 Iuris
470 290 538 346 laesi
556 291 699 361 reparatio.
720 320 753 329 -
774 290 892 345 Causae:
912 295 1070 359 cooperatio.
1321 293 1386 357 373

63 487 213 550 puer-
237 466 299 533 etsi
323 466 456 550 propria
477 467 563 531 bona
585 467 717 546 habeat,
742 467 919 549 exquibus
942 466 1046 551 possit
1069 471 1103 533 et
1127 466 1245 532 debeat
1268 466 1388 532 damna

61 577 220 641 reparare
243 593 287 600 —
313 555 347 620 in
369 555 449 621 illud
473 555 645 622 discrimen
668 555 888 635 coniceretur,
917 560 1016 638 atque
1040 557 1081 622 ab
1104 557 1166 622 hac
1189 577 1249 622 sua
1271 556 1387 620 volun-

61 652 136 712 tate
159 645 369 728 exsequenda
391 666 450 728 per
465 645 648 711 Cornelium
670 644 790 711 iniuste
813 666 886 711 esse
908 644 1110 729 impeditum.
1145 644 1252 727 Magis
1276 644 1386 722 etiam,

62 735 93 799 si
123 734 302 800 secundum
331 734 422 816 leges
451 734 543 818 pueri
573 739 727 818 parentes
757 755 799 800 ex
822 735 890 800 suis
912 735 1006 799 bonis
1036 733 1078 800 ad
1101 734 1255 799 damnum
1278 754 1299 799 a
1320 734 1388 798 filio

62 827 235 889 causatum
252 827 449 904 cogerentur
463 824 692 907 reparandum,
715 824 798 889 bene
821 823 1078 906 intellegeretur,
1102 822 1263 905 quomodo
1280 822 1388 906 Scipio

61 912 250 979 intenderet
273 933 332 976 suo
355 912 544 980 interventu
566 913 628 977 hoc
644 912 798 977 damnum
813 933 834 978 a
849 912 1039 996 parentibus
1057 912 1112 977 vel
1135 911 1235 977 etiam
1251 932 1387 994 spuere

62 1001 130 1066 levi
154 1020 196 1065 ex
219 1001 358 1067 caritate
389 1005 550 1068 avertere.
597 1001 634 1066 In
658 1023 721 1084 quo
745 1022 823 1066 casu
846 1001 1030 1079 Cornelius,
1061 1000 1173 1083 quivi
1195 1000 1249 1066 vel
1272 1000 1388 1066 fraude

64 1089 247 1173 Scipionem
272 1090 467 1156 detinuisset
495 1089 651 1167 invitum,
682 1090 873 1174 parentibus
896 1088 965 1170 (vel
989 1090 1088 1157 etiam
1111 1110 1231 1173 puero,
1259 1089 1287 1154 si
1311 1110 1388 1154 con-

62 1185 171 1245 staret
201 1200 275 1244 eum
305 1199 349 1243 ex
380 1178 517 1245 levitate
547 1179 600 1244 vel
631 1179 702 1244 sine
734 1184 870 1263 peccato
901 1179 997 1262 gravi
1026 1181 1080 1246 vel
1112 1179 1182 1244 sine
1213 1178 1390 1244 sufficienti

62 1267 251 1349 cognitione
263 1267 372 1333 damni
388 1267 500 1334 eiusve
516 1267 749 1350 magnitudinis
766 1266 887 1350 egisse)
903 1269 1066 1348 damnum,
1083 1268 1169 1351 quod
1184 1272 1388 1353 paterentur,

63 1357 201 1423 deberet
224 1377 389 1440 reparare.
934 1375 935 1379 ’

135 1589 410 1657 COOPERATIO
435 1587 638 1654 POSITIVA
661 1588 717 1654 ET
740 1588 971 1656 NEGATIVA
995 1589 1043 1655 IN
1066 1589 1224 1657 DAMNO
1250 1590 1279 1671 (Ι
1296 1591 1319 1672 ).

621 1744 732 1811 basus.
760 1752 836 1821 (228)

156 1887 244 1945 Sumo
272 1884 303 1942 in
328 1904 400 1943 casu
427 1883 616 1960 praecedenti
639 1884 746 1944 silvam
774 1904 832 1943 non
853 1885 947 1946 fuisse
968 1891 1170 1946 assecuratam
1192 1893 1223 1946 et
1243 1887 1391 1947 dominum

63 1967 203 2024 damnum
231 1964 344 2023 tulisse.
387 1963 572 2024 Oeconomus
599 1965 806 2040 neglegentiae
834 1985 905 2024 suae
933 1966 991 2025 sibi
1019 1967 1156 2026 conscius
1183 1986 1245 2025 rem
1273 1968 1391 2028 domino

63 2052 170 2104 narrat
191 2050 221 2104 et
235 2044 352 2103 veniam
372 2045 513 2121 impetrat
532 2045 579 2103 his
594 2045 709 2104 verbis:
735 2045 818 2117 ,Tibi
832 2045 947 2120 quidem
968 2051 1062 2106 totam
1083 2066 1145 2105 rem
1167 2048 1310 2118 condono,
1331 2068 1391 2107 non

64 2146 138 2184 vero
160 2125 295 2185 Cornelio
317 2125 380 2182 viro
402 2125 452 2183 isti
474 2124 664 2200 nequissimo,
687 2125 737 2200 qui
758 2125 816 2183 iam
837 2145 927 2202 saepe
947 2126 1020 2185 mihi
1040 2146 1147 2186 nocere
1168 2128 1306 2187 studuit.“

63 2229 244 2301 Quaeramus
265 2233 294 2288 1ο
319 2231 388 2304 quid
409 2229 481 2288 iuris
499 2229 548 2300 sit,
570 2229 597 2288 si
611 2249 649 2287 ex
663 2230 797 2306 pluribus
812 2232 1040 2307 cooperantibus
1054 2252 1130 2292 unus
1145 2232 1390 2293 condonationem

320 2311 478 2385 acceperit.

264 2399 295 2455 2⁰
320 2398 357 2456 ad
379 2398 447 2474 quid
469 2397 623 2458 Cornelius
644 2398 709 2458 loco
731 2397 877 2476 Scipionis
898 2405 1043 2460 teneatur.

661 2589 796 2657 solatio.

155 2730 208 2796 An
232 2752 423 2807 Quansrruu
449 2734 486 2796 1m
517 2732 556 2799 R..
583 2734 611 2797 1.
658 2731 692 2797 Si
725 2733 908 2816 complures
939 2736 1017 2797 sunt
1047 2732 1102 2814 qui
1126 2732 1255 2798 diverso
1279 2734 1454 2802 ordine740

64 2822 110 2887 ad
125 2821 367 2887 restitutionem
382 2824 575 2886 teneantur:
600 2821 794 2887 condonatio
811 2822 865 2886 uni
882 2820 973 2887 facta
988 2842 1097 2887 secum
1122 2843 1187 2887 non
1202 2822 1292 2890 ducit
1315 2845 1392 2889 con·

65 2911 275 2976 donationem
299 2930 358 2992 pro
381 2909 421 2973 iis
445 2909 501 2991 qui
524 2918 597 2975 unte
620 2932 691 2975 eum
713 2931 772 2974 seu
795 2910 922 2993 potiore
944 2911 1015 2976 iure
1038 2914 1209 2983 tenentum
1233 2912 1292 2977 sed
1315 2933 1392 2978 con-

65 2999 200 3065 donatio
224 2998 253 3064 ei
277 2999 368 3064 facts
391 2997 445 3080 qui
478 2998 605 3081 potiore
628 2999 698 3064 iure
723 2999 898 3065 restituere
922 2998 1036 3077 debet,
1067 3020 1176 3064 secum
1201 3001 1291 3067 ducit
1314 3022 1392 3066 con·

65 3088 274 3155 donationem
291 3108 350 3171 pro
367 3086 516 3152 omnibus
531 3088 581 3165 iis,
604 3087 660 3169 qui
674 3088 901 3154 tantummodo
916 3097 984 3173 post
1000 3111 1070 3154 earn
1093 3109 1151 3153 seu
1167 3109 1205 3154 eo
1222 3089 1392 3155 deficiente

64 3182 230 3244 tenentur.
278 3176 478 3242 Condonatio
506 3177 591 3240 enim
616 3181 667 3241 est
696 3176 767 3241 loco
798 3177 1016 3244 restitutionis
1039 3176 1159 3244 factae.
1206 3178 1329 3243 Verum
1352 3178 1390 3255 si,

65 3267 122 3348 qui
146 3266 272 3349 potiore
295 3266 365 3331 iure
388 3265 564 3331 restituere
587 3265 701 3343 debet,
732 3266 895 3344 restituit,
927 3266 1042 3348 reliqui
1066 3266 1121 3350 qui
1144 3270 1220 3351 post
1243 3288 1317 3332 eum
1340 3271 1392 3333 te·

64 3360 196 3432 nentur,
224 3355 265 3421 ab
289 3355 376 3420 omni
399 3376 497 3420 onere
521 3354 686 3421 exsistunt
707 3355 877 3422 immunes.
912 3354 959 3421 At
981 3355 1010 3420 si
1032 3356 1097 3435 ille,
1122 3357 1177 3438 qui
1200 3356 1392 3423 secundarie

65 3445 242 3511 tenebatur
264 3444 455 3522 restituere,
486 3465 523 3509 re
546 3465 626 3510 vera
649 3443 811 3524 restituit,
842 3445 870 3510 is
893 3466 1061 3511 recursum
1083 3445 1183 3512 habet
1206 3446 1249 3511 ad
1270 3446 1392 3530 princi-

64 3533 175 3618 palem
199 3536 355 3600 actorem.

156 3638 195 3703 R.
221 3641 251 3705 2.
297 3638 332 3703 Si
361 3659 404 3703 ex
436 3638 476 3703 iis
499 3639 553 3720 qui
584 3638 714 3720 aequali
743 3639 856 3704 ordine
879 3643 1035 3706 tenentur
1057 3660 1141 3704 unus
1165 3639 1291 3724 accepit
1315 3662 1392 3707 con·

65 3727 286 3804 donationem,
310 3727 442 3809 reliqui,
467 3727 522 3809 qui
545 3727 615 3793 sive
638 3728 849 3811 hypothetice
872 3729 942 3794 sive
965 3729 1115 3795 absolute
1138 3733 1303 3808 tenentur,
1328 3752 1392 3796 non

65 3816 248 3882 liberantur
263 3817 305 3882 ab
322 3816 521 3899 obligatione
544 3817 767 3884 restituendae
790 3838 870 3883 suae
893 3817 1007 3900 partis.
1050 3818 1083 3884 Si
1102 3839 1182 3884 vero
1207 3819 1393 3902 obligantur

63 3905 278 3983 insolidum,
306 3926 371 3970 non
394 3909 533 3989 possunt
556 3906 696 3989 amplius
719 3906 856 3988 obligari
882 3908 923 3972 ad
947 3910 1054 3974 totum
1078 3907 1140 3973 nisi
1163 3909 1313 3975 detracta
1336 3909 1393 3974 illa

64 3998 179 4149 partie,
217 4015 301 4077 quae
336 3993 370 4058 in
400 3994 628 4061 distributione
658 3996 786 4077 aequali
821 3996 983 4063 recideret
1012 3997 1045 4062 in
1076 4018 1150 4063 eum
1181 3997 1235 4080 qui
1265 3998 1393 4081 accepit

63 4105 125 4150 con
151 4083 348 4149 ouationem.
931 4125 934 4130 -

157 4197 209 4262 An
232 4218 424 4273 eucnemon
454 4200 493 4261 2¹²
523 4197 562 4263 R.
589 4200 617 4263 1.
665 4198 699 4264 Si
729 4199 897 4264 Cornelius
927 4199 1111 4282 Scipionem
1141 4201 1211 4265 sola
1241 4199 1452 4270 suasionem

61 4287 136 4353 sine
160 4287 194 4351 vi
216 4286 270 4351 vel
294 4286 409 4351 fraude
433 4285 583 4363 detinuit,
609 4287 803 4353 condonatio
827 4288 968 4371 Scipioni
991 4288 1083 4353 facta
1105 4310 1169 4353 non
1194 4292 1304 4371 potest
1326 4309 1391 4353 non

63 4375 201 4443 extendi
233 4375 275 4441 ad
299 4375 499 4453 Cornelium,
534 4376 663 4441 etiamsi
687 4376 826 4440 exodio
850 4377 1118 4458 ergadominum
1142 4377 1257 4458 egerit.
1303 4377 1391 4443 Nam

63 4464 271 4531 consiliarius
294 4485 337 4529 ex
360 4485 395 4529 se
419 4486 483 4529 non
506 4469 639 4531 tenetur
662 4465 723 4529 nisi
740 4464 911 4529 deficiente
939 4487 976 4530 eo
1001 4466 1055 4547 qui
1072 4465 1241 4530 consilium
1264 4466 1392 4548 accepit

62 4559 99 4621 et
123 4555 225 4620 libere
249 4559 425 4620 exsecutus
448 4558 516 4628 est;
549 4554 647 4619 immo
678 4553 706 4618 si
730 4553 948 4633 restituisset,
979 4554 1021 4620 ad
1044 4575 1117 4619 eum
1141 4574 1308 4619 recursum
1330 4575 1390 4638 pro

61 4643 282 4711 indemnitate
304 4643 452 4709 haberet.
