3106 5168
162 266 226 330 392
299 261 340 315 De
358 259 507 314 virtutibus
525 262 554 313 et
571 258 669 313 officiis
688 275 754 327 erga
771 257 901 313 homines.
922 288 955 298 -
974 257 1026 312 Off.
1046 256 1120 313 circa
1137 256 1207 313 bona
1226 261 1350 313 externa.

250 436 323 496 Cum
344 435 412 494 dein
432 435 591 494 infeliciter
611 434 745 506 accidat,
774 441 807 494 ut
828 454 921 510 equus
949 433 1084 510 sequenti
1111 439 1198 493 nocte
1219 435 1300 494 furto
1324 435 1486 505 auferatur,

161 518 289 577 Irminus
304 519 341 575 ab
356 516 479 575 Alberto
493 516 570 592 petit
583 516 710 592 pretium
724 515 799 590 equi,
822 534 856 574 eo
871 515 948 590 quod
962 514 992 572 in
1006 533 1090 573 mora
1103 514 1202 585 fuerit,
1224 514 1382 590 quominus
1397 535 1488 592 equus

161 598 289 657 traditus
311 597 365 666 sit,
394 602 482 672 atque
502 596 546 654 ita
567 614 658 654 causa
680 596 779 654 damni
800 594 935 654 exsistat.
957 626 996 636 -
1019 595 1161 654 Albertus
1182 595 1333 654 autemid
1355 596 1489 671 graviter

162 679 263 737 ferens
284 696 349 736 cum
370 696 403 735 se
424 696 443 735 a
464 675 605 735 solvendo
626 676 722 752 pretio
742 675 869 734 liberare
890 695 949 733 non
970 679 1081 752 posset,
1106 674 1224 734 occulta
1244 676 1488 752 compensatione

162 760 200 818 ab
221 757 331 816 Irmino
352 755 424 815 illud
445 761 580 833 repetere
602 756 710 815 studet.

163 864 339 934 Qunsmrua
360 864 390 921 1⁰
415 870 536 923 rectene
550 864 692 922 Albertus
707 861 818 921 Irmino
833 881 938 938 equum
953 861 1128 921 subduxerit
1146 880 1185 920 aa
1205 861 1329 921 reddere
1345 862 1487 922 debuerit.

360 955 390 1011 2⁰
416 972 560 1028 quaenam
581 952 672 1010 fuerit
692 952 815 1011 Alberto
837 951 978 1026 obligatio
999 950 1175 1009 restituendi
1195 950 1322 1028 pretium
1344 952 1423 1027 equi.

361 1044 390 1101 3⁰
415 1041 582 1119 potueritne
606 1041 649 1099 uti
671 1041 788 1099 occulta
809 1040 1058 1116 compensatione.

757 1205 892 1272 Salutio.

102 1352 152 1406 777
251 1338 305 1402 An
327 1357 519 1411 ousnsrruu
541 1339 578 1400 17
601 1337 640 1401 u.
661 1338 688 1401 1.
736 1337 799 1400 Pro
824 1356 923 1401 causa
940 1357 959 1401 a
974 1335 1183 1403 rest'tutione
1206 1337 1253 1401 rei
1276 1337 1407 1404 alienae
1430 1360 1487 1405 ex·

163 1430 300 1494 cusante
323 1425 538 1491 communiter
553 1426 695 1490 afferunt
718 1424 870 1490 damnum
895 1424 1065 1490 creditoris
1088 1426 1141 1491 vel
1166 1425 1303 1492 alicuius
1326 1429 1485 1494 extranei.

163 1516 225 1597 (uf.
248 1517 303 1582 lt.
326 1537 365 1580 m.
389 1515 415 1592 I,
435 1514 546 1595 1036.)
584 1514 675 1591 Quod
697 1513 731 1578 in
754 1518 867 1579 nostro
891 1535 968 1579 casu
993 1515 1128 1581 obtinet.
1168 1515 1255 1580 Nam
1278 1515 1306 1580 si
1330 1516 1487 1584 Albertus

162 1605 283 1671 Irmino
314 1625 431 1686 equum
461 1603 660 1670 restituisset
689 1602 833 1686 petenti,
867 1603 1006 1669 lrminus
1035 1603 1266 1685 gravissimum
1296 1605 1487 1672 incurrisset

164 1696 318 1760 damnum
341 1692 464 1776 patrati
488 1692 629 1770 sceleris,
654 1692 723 1757 eius
746 1692 895 1757 inimicus
919 1692 1007 1758 vitae
1030 1693 1208 1776 periculum
1232 1693 1435 1762 incurrisset.

252 1791 292 1856 R.
310 1793 339 1856 2.
379 1789 585 1873 Quapropter
599 1790 757 1855 Albertus
780 1790 965 1855 nouaclum
985 1790 1074 1856 licite
1096 1791 1204 1874 potuit
1226 1812 1345 1874 equum
1370 1793 1485 1871 celare,

164 1880 239 1956 sed,
271 1879 399 1961 quando
429 1879 500 1943 sine
529 1899 587 1943 suo
611 1879 729 1944 damno
757 1879 853 1944 valde
876 1879 971 1961 gravi
996 1879 1123 1946 celandi
1145 1880 1339 1947 facultatem
1363 1881 1484 1957 habuit,

164 1970 272 2036 celare
296 1967 407 2034 debuit
429 1971 528 2051 atque
552 1967 792 2035 restitutionem
817 1967 956 2034 differre.

103 2090 155 2145 778
253 2076 307 2141 An
330 2094 521 2149 uusnsrruu
546 2075 584 2137 27
611 2075 650 2140 R.
677 2076 706 2140 l.
753 2074 805 2138 Ex
837 2073 1003 2158 responsis
1035 2075 1077 2140 ad
1100 2074 1216 2151 Quaes.
1244 2078 1282 2139 17
1304 2080 1401 2160 patet
1429 2078 1485 2143 Al·

164 2166 292 2231 bertum
308 2163 341 2229 in
357 2184 449 2228 mora
465 2162 628 2246 culpabili,
654 2162 824 2245 quominus
840 2184 942 2245 equus
958 2163 1159 2240 redderetur,
1184 2186 1248 2229 non
1263 2164 1368 2231 fuisse
1384 2188 1485 2250 neque

164 2274 207 2319 ex
230 2255 292 2320 hoc
315 2253 412 2319 titulo
436 2251 591 2317 Irminum
615 2272 711 2335 posse
734 2255 884 2334 repetere
907 2253 1047 2335 pretium
1071 2253 1146 2335 equi
1169 2275 1247 2318 casu
1270 2254 1403 2323 sublati.

254 2352 292 2416 R.
311 2352 340 2416 2.
371 2349 555 2414 Videndum
571 2354 632 2425 est,
657 2370 720 2431 quo
744 2348 840 2415 titulo
858 2350 1013 2415 Albertus
1036 2351 1110 2431 equi
1133 2351 1314 2417 custodiam
1340 2374 1484 2437 assump-

165 2439 255 2517 serit,
279 2460 356 2503 num
380 2439 521 2504 fortasse
544 2459 586 2502 ex
609 2438 670 2503 hoc
692 2438 885 2505 restituendi
910 2439 1006 2521 pretii
1030 2440 1186 2522 obligatio
1210 2440 1395 2522 colligatur.

256 2527 289 2593 si
312 2529 416 2592 solum
433 2546 475 2591 ex
490 2526 635 2593 amicitia
650 2527 704 2591 vel
719 2528 923 2594 humanitate
942 2549 1060 2611 equum
1076 2528 1322 2595 custodiendum
1338 2531 1484 2616 sumpsit,

166 2620 255 2683 certe
279 2637 344 2681 non
367 2620 498 2681 tenetur
514 2615 554 2680 de
572 2616 699 2681 damnis
723 2638 805 2699 equo
829 2617 940 2694 illatis,
965 2617 1026 2683 nisi
1050 2639 1186 2700 gravem
1210 2619 1411 2687 commiserit
1432 2642 1485 2685 ne·

166 2705 376 2788 glegentiam.
423 2705 517 2769 Hanc
541 2709 652 2770 autem
675 2726 739 2770 non
763 2706 934 2772 commisit.

255 2803 294 2868 R.
319 2805 349 2867 3.
397 2800 430 2866 si
455 2802 547 2883 quasi
578 2823 620 2866 ex
643 2823 776 2867 munere
806 2825 864 2867 suo
889 2825 1006 2884 equum
1031 2805 1275 2870 custodiendum
1301 2807 1484 2891 assumpsit,

167 2913 206 2956 co
230 2891 315 2973 quod
339 2891 458 2974 publici
483 2892 680 2974 receptaculi
704 2892 773 2956 sive
797 2914 854 2974 pro
879 2892 1062 2957 hominibus
1085 2893 1155 2958 sive
1177 2911 1236 2977 pro
1261 2894 1340 2960 solis
1365 2897 1485 2960 anima·

166 2980 251 3045 libus
274 3001 384 3046 curam
408 2979 503 3062 gerit,
527 2980 630 3044 videri
648 2981 745 3046 debet
768 2982 966 3046 consuetudo
990 2987 1023 3046 et
1047 2983 1101 3047 lex
1117 2982 1269 3064 regionis,
1294 2989 1331 3049 ut
1355 2985 1484 3061 sciatur,

167 3069 208 3135 ad
240 3091 415 3151 quamnam
445 3069 649 3151 diligentiam
681 3074 715 3136 et
745 3091 919 3150 quamnam
952 3071 1087 3154 periculi
1119 3072 1302 3137 cautionem
1332 3073 1486 3140 Albertus

165 3163 328 3225 teneatur.
382 3157 435 3223 Sic
465 3159 642 3223 secundum
672 3159 721 3223 ius
753 3160 860 3225 Germ.
895 3160 912 3241 ξ
944 3162 1004 3225 701
1039 3182 1141 3243 caupo
1173 3182 1290 3226 cavere
1322 3162 1421 3230 debet
1450 3165 1486 3228 de

167 3248 285 3314 damno
315 3247 380 3312 illis
409 3248 507 3312 rebus
536 3247 645 3325 illato,
677 3269 761 3329 quae
791 3248 860 3313 eius
884 3249 1051 3314 custodiae
1075 3250 1116 3314 ab
1139 3250 1322 3333 hospitibus
1346 3254 1487 3318 traditae

166 3343 260 3415 sunt,
290 3337 352 3403 nisi
376 3337 409 3401 vi
433 3337 624 3402 elementari
654 3341 712 3403 aut
740 3338 781 3402 ab
809 3338 880 3420 ipso
904 3338 1031 3421 hospite
1056 3339 1167 3404 eiusve
1191 3339 1286 3404 sociis
1310 3342 1486 3424 periculum

167 3433 201 3492 et
225 3427 378 3491 damnum
402 3426 501 3491 fuerit
524 3426 700 3491 inductum.

107 3536 158 3589 779
257 3523 295 3588 R.
319 3525 350 3588 4.
389 3525 546 3589 Attamen
569 3523 602 3587 in
626 3527 738 3588 nostro
762 3544 840 3588 casu
864 3546 904 3589 ne
927 3525 1012 3590 hunc
1035 3526 1164 3607 quidem
1187 3526 1318 3593 titulum
1343 3529 1488 3595 videmur

168 3611 334 3695 applicare
366 3611 493 3678 dehere.
540 3612 625 3676 Nam
659 3613 852 3694 quicumque
883 3619 1071 3679 contractus
1104 3616 1157 3680 vel
1190 3616 1488 3697 quasi-contractus

168 3701 255 3764 circa
279 3701 460 3765 custodiam
484 3701 557 3783 equi
582 3701 692 3765 Irmini
716 3702 953 3781 intercesserit,
987 3704 1077 3768 illum
1102 3709 1306 3771 contractum
1332 3707 1487 3773 11661111-

168 3790 261 3853 berto
291 3810 351 3871 pro
381 3790 518 3854 rescisso
550 3790 688 3865 hahere,
721 3812 758 3854 eo
788 3791 858 3874 ipso
883 3793 967 3873 quod
992 3793 1131 3858 lrminus
1164 3798 1259 3859 tanta
1282 3795 1487 3863 vehementia

168 3881 327 3958 tantaque
361 3876 411 3941 ira
444 3884 623 3943 commotus
658 3901 750 3943 suum
784 3901 901 3963 equum
935 3881 995 3946 sibi
1029 3883 1229 3948 reddendum
1261 3888 1487 3967 postulaverit.

168 3966 219 4030 Ab
243 3966 304 4031 hoc
327 3972 490 4033 momento
515 3967 686 4045 AlbertuS,
718 3969 855 4033 rescisso
886 3975 1056 4035 contractu
1088 3972 1173 4037 circa
1198 3974 1269 4054 equi
1299 3977 1487 4047 custodiam,

170 4077 269 4137 agere
293 4057 400 4138 potuit
424 4061 458 4120 et
482 4058 587 4138 egisse
612 4058 791 4122 censendus
815 4064 930 4124 estex
955 4060 1023 4124 iure
1047 4082 1122 4137 suo,
1148 4063 1233 4143 quod
1257 4063 1388 4140 hahuit,
1419 4087 1488 4148 pro-

169 4145 321 4228 pulsandi
353 4145 538 4226 gravissimi
564 4147 672 4211 damni
703 4151 773 4212 tum
797 4149 837 4211 ab
862 4148 970 4212 lrvino
995 4150 1064 4231 ipso
1098 4155 1167 4215 tum
1192 4152 1233 4215 ab
1257 4152 1326 4216 eius
1350 4153 1486 4218 inimico.

170 4235 206 4298 ln
230 4235 314 4299 hunc
338 4236 434 4298 finem
458 4256 573 4316 equum
599 4236 709 4300 lrmini
740 4236 876 4301 abduxit
901 4238 979 4315 alic,
1012 4244 1111 4321 atque
1142 4240 1175 4303 in
1205 4240 1266 4304 hac
1297 4241 1488 4308 abductione

170 4345 271 4405 equus
302 4323 371 4388 sine
402 4325 497 4406 culpa
521 4323 649 4390 Alberti
673 4326 824 4389 damnum
855 4347 971 4409 passus
1002 4333 1063 4395 est.
1110 4329 1202 4405 Quod
1226 4330 1380 4396 damnum
1407 4334 1488 4398 ferre

171 4413 268 4477 debet
292 4412 450 4491 dominae,
475 4435 540 4477 non
564 4414 729 4481 Albertus

110 4528 162 4583 780
259 4518 311 4582 ΑΙ)
335 4540 525 4593 ounssmurr
551 4523 589 4584 37
612 4520 650 4584 R.
672 4525 699 4585 1.
739 4519 773 4584 si
796 4541 831 4584 re
856 4519 926 4602 ipsa
950 4544 1050 4588 causa
1073 4523 1232 4589 iudicialis
1256 4525 1419 4592 instructa
1443 4531 1489 4591 est

171 4607 210 4670 de
235 4628 326 4672 mora
350 4608 501 4691 culpabili
527 4608 670 4685 Alberti,
703 4629 797 4689 quam
823 4609 966 4675 abfuisse
990 4612 1146 4679 Albertus
1177 4615 1316 4697 probare
1347 4639 1411 4681 non
1435 4639 1488 4700 po·
