3106 5168
578 283 814 355 Vitiaeapitalia:
835 286 952 339 Invidia.
1386 290 1427 354 79

192 458 230 525 R.
251 461 281 526 3.
320 460 358 525 ln
382 464 472 526 tertio
495 481 583 538 casu,
607 461 634 526 si
658 461 762 526 solum
780 460 1008 538 desiderasset,
1034 464 1071 525 nt
1093 459 1136 526 ad
1158 481 1195 526 se
1218 461 1316 528 etiarn
1334 462 1427 527 multi

100 547 315 626 confluerent,
339 549 467 633 peccati
490 549 638 616 accusari
668 571 734 614 non
757 549 900 615 deberet.
947 549 1070 615 Verum
1092 549 1151 616 illa
1179 549 1249 617 irae
1275 551 1370 634 signa
1393 557 1428 618 et

99 636 354 720 imprecationes
369 639 520 723 prolatae
535 639 713 705 ostendunt
728 640 825 723 plane
841 638 1015 704 Arnulfum
1031 639 1203 705 transiisse
1222 640 1264 705 ad
1283 640 1427 706 dolorem

98 746 237 809 gravem
250 731 285 793 et
294 726 450 794 iniustum
463 728 504 793 de
516 728 600 794 bono
616 727 764 806 aliorum,
781 749 919 810 eumque
931 749 1045 793 veram
1059 727 1215 795 invidiam
1229 729 1426 814 concepisse.

99 853 136 861 -
166 815 270 881 Immo
293 816 530 882 examinandus
554 821 615 895 est,
639 838 716 882 num
739 820 871 901 praeter
894 817 1013 882 seriam
1037 817 1302 902 imprecationem
1326 818 1426 884 etiam

97 904 335 989 blasphemiam
359 905 574 973 commiserit:
599 928 697 989 quam
725 906 813 984 ,dira
838 906 1049 991 imprecatio“
1076 928 1141 972 non
1171 927 1245 973 raro
1269 908 1425 975 continet.

627 1121 802 1188 ruvrnrn
827 1121 896 1206 (11).

664 1277 775 1344 dasne.
803 1285 862 1354 (44)

187 1419 272 1477 Maro
299 1417 378 1477 inter
406 1421 505 1475 cetera
532 1416 692 1476 confitetur
718 1436 752 1476 ae
778 1417 908 1476 invidum
932 1417 1033 1478 luisse.
1074 1417 1280 1494 Interrogatus
1310 1438 1328 1478 a
1359 1439 1424 1478 con-

95 1499 241 1568 fessario,
271 1499 410 1576 quomodo
429 1496 542 1555 invidia
563 1496 747 1573 peccaverit:
774 1500 870 1573 primo
890 1517 979 1572 aegre
1000 1497 1070 1569 tuli,
1098 1498 1207 1574 inquit,
1236 1500 1352 1575 quaudo
1374 1500 1425 1558 alii

95 1579 306 1650 laudabantur,
328 1596 428 1637 eorum
443 1578 559 1636 laudern
574 1578 621 1635 vel
642 1577 774 1636 imminui
794 1577 842 1636 vel
863 1582 966 1637 tacens
981 1577 1095 1654 excepi,
1116 1579 1172 1637 mei
1188 1578 1425 1639 aestimationem

95 1658 165 1718 inde
187 1658 399 1728 minuimus,
427 1659 549 1718 accendo
568 1656 740 1732 indignatus
762 1676 836 1727 sum,
861 1657 978 1734 quando
998 1657 1059 1717 ridi
1080 1658 1147 1717 aliis
1168 1678 1238 1718 suaa
1259 1679 1308 1719 res
1329 1661 1425 1736 magis

95 1759 238 1817 prospere
259 1739 419 1815 procedere
441 1756 526 1813 qnam
548 1737 619 1795 mihi
640 1756 737 1810 meas;
766 1741 850 1797 tertio
871 1737 966 1808 dolui,
988 1738 1064 1814 quod
1085 1739 1122 1797 ad
1144 1739 1266 1798 aliorum
1288 1740 1424 1800 officinas

95 1820 198 1889 multi,
220 1818 375 1896 pauciores
397 1817 433 1876 ad
454 1837 549 1877 meam
572 1818 720 1876 officinam
742 1823 890 1893 emptores
912 1818 1102 1890 accederent;
1124 1829 1227 1896 quarto
1247 1820 1365 1898 optavi,
1386 1839 1424 1880 ne

95 1901 206 1959 fratres
235 1899 292 1957 mei
313 1897 515 1974 diligentiores
538 1898 586 1956 vel
613 1897 709 1973 magia
739 1897 840 1956 devoti
867 1906 969 1957 essent
996 1917 1081 1973 qnam
1110 1917 1182 1973 ego,
1210 1919 1247 1958 no
1276 1920 1330 1975 ego
1361 1900 1423 1959 vili·

96 1980 225 2055 pendar;
254 1983 354 2057 quinto
374 1978 506 2053 graviter
527 1977 598 2049 tuli,
627 1978 703 2053 quod
724 1976 840 2037 ricinus
862 1984 966 2037 noster
986 1979 1022 2036 ad
1044 1998 1150 2037 munus
1170 1981 1363 2055 magistratus
1385 1980 1425 2040 sit

94 2064 237 2130 evectus,
272 2058 342 2136 quia
375 2058 461 2118 nobis
495 2059 673 2117 adversatur
701 2058 844 2134 uobisque
878 2077 957 2117 nunc
992 2059 1154 2118 efficaciter
1182 2065 1283 2136 potest
1316 2080 1424 2120 nocere

95 2140 273 2211 (Renter,
295 2140 387 2199 &ecca
406 2141 446 2199 cd
466 2140 611 2213 Necrons.
634 2159 659 2199 c.
682 2139 741 2212 12).

95 2244 276 2314 (lornarrua
296 2245 326 2302 1⁰
351 2245 456 2383 quipus
476 2244 508 2382 lin
528 2245 649 2382 pasibua
671 2245 755 2303 Maro
779 2243 891 2302 invidia
912 2245 1090 2320 peccaverit,
1112 2245 1218 2321 quibus
1239 2246 1372 2321 graviter
1394 2252 1424 2306 et

351 2344 399 2400 qur
420 2344 455 2383 us
488 2344 535 2383 evr
550 2344 590 2384 er.

294 2414 326 2472 2⁰
350 2433 425 2490 quae
446 2414 542 2472 media
563 2418 667 2473 contra
688 2412 829 2472 invidiam
851 2412 1017 2473 adhibenda
1038 2413 1107 2474 sint.

693 2593 828 2661 solutio.

185 2739 238 2802 An
261 2757 452 2812 ouaasrruu
480 2742 516 2802 1¹⁰
539 2737 578 2803 R.
599 2742 626 2803 l.
674 2736 765 2814 Quod
789 2737 845 2802 alii
867 2737 1096 2817 laudabantur,
1120 2738 1153 2803 id
1177 2760 1257 2804 sano
1278 2738 1423 2805 Maronis
1434 2755 1483 2809 155

92 2828 209 2895 laudea
233 2847 297 2891 non
320 2826 452 2902 minuit;
477 2827 570 2910 proin
586 2827 679 2891 Maro
702 2826 817 2892 laudes
837 2826 961 2892 alienae
984 2847 1083 2908 aegre
1106 2829 1215 2893 ferens
1238 2828 1422 2893 necessario

93 2915 209 2983 debuit
232 2935 289 2980 eas
312 2915 488 2981 aestimare
512 2923 550 2981 ut
572 2916 693 2980 malum
717 2915 883 2999 proprium
908 2921 1007 2997 atque
1030 2917 1077 2981 sic
1101 2937 1142 2982 ex
1165 2917 1206 2981 iis
1229 2917 1356 2982 tristari
1379 2954 1423 2962 —

93 3007 180 3089 quod
209 3004 339 3089 proprie
370 3008 422 3070 eet
451 3004 602 3071 invidiae.
649 3005 790 3069 Dubium
820 3004 921 3087 igitur
950 3027 1013 3071 non
1044 3011 1111 3085 est,
1143 3006 1220 3088 quin
1243 3006 1304 3071 hoc
1327 3006 1422 3071 modo

93 3096 188 3161 Maro
211 3093 408 3178 peccaverit,
432 3093 529 3176 idque
552 3114 594 3159 ex
617 3114 653 3158 se
676 3094 833 3176 graviter,
858 3094 920 3159 nisi
943 3095 1104 3176 agebatur
1120 3095 1160 3161 de
1183 3096 1279 3160 rebus
1302 3095 1423 3160 nullius

94 3183 253 3250 momenti
277 3187 376 3265 atque
400 3182 440 3247 de
463 3183 570 3261 laude,
594 3203 678 3264 quae
702 3183 821 3247 nullius
845 3183 1046 3250 aestimetur.

185 3290 224 3354 R.
250 3292 280 3354 2.
326 3288 364 3353 In
387 3290 486 3354 altero
509 3309 586 3354 casu
611 3287 874 3370 distinguendum
898 3292 959 3354 eet.
1005 3288 1039 3354 Si
1062 3289 1154 3354 Maro
1185 3289 1354 3356 tristitiam
1380 3309 1422 3355 ex

95 3400 134 3445 eo
154 3379 251 3462 cepit,
276 3377 361 3460 quod
385 3398 438 3442 res
461 3379 524 3443 sibi
546 3380 629 3444 mole
652 3376 873 3454 succederent,
898 3381 997 3459 atque
1013 3377 1229 3445 consideratio
1252 3399 1423 3444 successus

95 3469 170 3534 boni
203 3467 340 3533 aliorum
374 3466 468 3531 huius
499 3467 538 3531 de
571 3465 665 3531 malie
698 3467 838 3551 propriis
870 3465 1026 3533 tristitiae
1058 3470 1187 3533 tanturn
1220 3467 1422 3533 occasionem

95 3558 239 3635 dederit,
270 3576 335 3620 non
358 3555 510 3639 peccavit
532 3555 671 3630 invidia;
703 3555 731 3620 si
754 3576 833 3620 vero
860 3556 963 3621 bonus
987 3556 1124 3621 aliorum
1147 3577 1316 3622 successus
1339 3562 1422 3635 erat,

95 3647 136 3713 de
160 3667 223 3729 quo
247 3644 459 3723 tristabatur,
490 3645 583 3727 quasi
607 3644 677 3727 ipse
701 3665 742 3709 ex
766 3665 805 3710 eo
828 3645 1081 3730 deprimeretur,
1111 3645 1262 3730 peccavit
1284 3666 1320 3710 re
1343 3667 1423 3713 vera

94 3735 230 3802 invidia.

186 3825 224 3890 R.
250 3825 280 3890 3.
327 3823 364 3888 ln
394 3826 484 3888 tertio
516 3843 594 3887 casu
624 3843 689 3887 non
712 3821 843 3889 videtur
867 3844 946 3888 vera
975 3822 1098 3889 invidia
1121 3823 1214 3889 Maro
1244 3823 1421 3903 laborasse,
1435 3841 1484 3894 156

95 3914 247 3980 similiter
278 3917 316 3979 ut
346 3911 380 3977 in
412 3912 520 3995 priore
553 3932 632 3977 casu
666 3911 787 3978 dictum
820 3917 871 3978 eet
903 3912 943 3978 de
973 3912 1121 3979 Arnulfo.
1169 3913 1308 3978 Videtur
1337 3914 1421 3978 enim

95 4003 206 4087 potius
231 4001 383 4068 tristatus
411 4022 499 4077 esse,
531 4002 616 4083 quod
642 4003 683 4066 ad
707 4023 743 4067 se
766 4002 860 4085 pauci
883 4005 1012 4067 tantum
1036 4007 1200 4086 emptores
1224 4003 1425 4068 confluerent

96 4097 197 4175 atque
220 4091 290 4176 ipse
313 4094 445 4175 sperato
469 4090 560 4155 lucro
585 4095 723 4168 careret,
748 4091 833 4172 quod
856 4089 912 4155 alii
933 4089 1100 4156 faciebant
1122 4092 1351 4159 abundantius.
1391 4091 1423 4157 Si

95 4187 207 4249 autem
238 4201 302 4245 non
325 4180 374 4245 ita
397 4200 491 4245 sunm
515 4179 745 4245 detrimentum
773 4179 844 4244 sive
866 4179 991 4245 lucrum
1015 4201 1148 4246 cessans
1172 4181 1421 4258 considerasset,

95 4271 183 4337 unde
204 4270 389 4353 conciperet
412 4267 592 4346 tristitiam,
617 4270 675 4334 sed
698 4267 807 4353 potins
830 4269 936 4352 ipsum
960 4268 1096 4334 aliorum
1119 4270 1255 4345 lucrum,
1280 4291 1343 4352 quo
1367 4291 1423 4335 eos

95 4380 211 4427 carere
235 4361 385 4442 cuperet,
414 4361 528 4441 utpote
553 4380 615 4440 quo
638 4359 709 4442 ipse
732 4360 827 4424 fieret
850 4358 992 4423 deterior
1015 4395 1058 4402 —
1082 4359 1181 4424 etiam
1204 4358 1237 4423 in
1261 4359 1321 4423 hoc
1345 4380 1422 4423 casu

95 4451 268 4535 peccasset
291 4446 423 4512 invidia.

187 4546 225 4612 R.
251 4548 282 4612 4.
328 4545 366 4610 ln
396 4552 509 4630 quarto
539 4565 617 4609 casu
646 4565 683 4610 re
712 4544 783 4629 ipsa
806 4566 889 4630 pura
912 4548 946 4608 et
969 4544 1084 4628 putida
1109 4543 1231 4608 invidia
1253 4544 1346 4608 Maro
1371 4548 1422 4608 ta-

95 4635 264 4705 bescebat.
311 4632 398 4699 Nam
422 4654 486 4698 non
508 4633 578 4716 ipse
605 4632 667 4698 sibi
690 4635 807 4700 bonum
832 4633 962 4715 aliquod
987 4634 1140 4717 optabat,
1170 4630 1326 4696 maiorem
1351 4631 1423 4697 dili·
