3106 5168
121 269 184 334 182
333 266 374 322 De
392 267 540 322 virtutibus
559 270 587 322 et
605 267 703 322 officiis
721 284 788 336 erga
805 267 900 321 Deum.
921 296 955 306 -
969 265 1066 321 Virtus
1083 265 1230 335 religionis.

119 470 301 538 AMISSA
324 470 549 538 DOMINICIS
572 472 659 537 VEL
688 471 834 538 FESTIS
857 469 1091 537 AUDIENDA
1115 469 1360 537 EXOUSATIO
1391 468 1441 552 (l.

683 637 793 704 Casus.
821 644 880 714 (96)

209 785 307 844 Dalila
334 785 434 862 puella
460 787 592 845 honesta
615 786 666 846 sed
695 787 732 845 ad
759 791 963 864 paupertatem
992 784 1114 843 redacta
1141 782 1318 861 compluries
1346 783 1444 844 omisit

121 864 243 924 Sacrum
265 865 366 924 diebus
387 867 563 943 praeceptis.
598 867 741 943 Tempore
762 867 881 925 hiemali
901 865 1020 925 humido
1041 872 1072 924 et
1092 863 1197 924 nivoso
1218 863 1317 923 timuit
1336 864 1443 924 laceris

120 945 229 1004 calceis
257 945 315 1005 iter
341 965 395 1023 per
422 947 610 1005 semileucam
639 948 783 1006 conficere
810 952 841 1006 et
869 945 900 1005 in
927 945 1035 1021 frigido
1065 944 1235 1021 pavimento
1263 944 1443 1014 consistere;

119 1025 195 1084 alias
217 1044 282 1084 eam
309 1025 439 1102 pudebat
459 1032 543 1085 veste
572 1027 643 1085 trita
671 1032 701 1085 et
727 1046 862 1103 pannosa
890 1031 920 1085 et
941 1024 1089 1084 cotidiano
1116 1043 1172 1083 usn
1199 1023 1319 1083 sordida
1347 1043 1443 1084 coram

119 1105 186 1164 aliis
208 1125 361 1183 apparere,
384 1125 450 1165 cum
471 1106 559 1165 aliam
580 1126 639 1166 non
660 1107 791 1165 haberet.
833 1106 934 1182 Nuper
953 1106 1110 1182 petebatur
1130 1104 1167 1163 ad
1188 1103 1408 1163 matrimonium
1427 1125 1444 1164 a

118 1185 235 1255 iuvene,
257 1186 305 1261 qui
327 1192 432 1262 postea
452 1191 552 1246 tamen
574 1206 638 1245 eam
653 1186 821 1262 dereliquit3
844 1206 909 1245 cum
929 1185 988 1245 iam
1002 1185 1250 1262 proclamationes
1264 1184 1443 1245 matrimonii

119 1267 233 1336 fierent,
256 1266 333 1325 domi
353 1265 472 1337 mansit,
493 1267 630 1341 neglecto
645 1266 752 1338 Sacro;
775 1267 854 1338 item,
877 1285 942 1325 cum
964 1264 1120 1341 aliquoties
1140 1264 1258 1323 timeret
1277 1265 1444 1324 insultusa
1509 1264 1512 1274 '

118 1346 232 1405 lascivo
254 1347 361 1405 iuvene
382 1352 470 1422 atque
492 1347 556 1406 eius
578 1347 760 1418 scandalum,
782 1367 847 1406 curn
864 1347 900 1406 de
920 1345 1000 1423 turpi
1022 1345 1086 1403 eius
1107 1364 1207 1404 amore
1220 1345 1273 1404 vix
1288 1344 1444 1405 dubitaret.

119 1450 297 1521 Quanmrua
319 1453 348 1510 1⁰
374 1471 449 1527 quae
470 1452 509 1511 sit
530 1452 606 1511 ratio
629 1471 777 1511 excusans
799 1453 903 1528 alege
924 1452 1088 1511 audiendae
1110 1450 1231 1510 Missae.

319 1542 349 1599 2⁰
375 1540 443 1616 quid
465 1541 500 1600 de
521 1541 640 1600 Dalilae
660 1541 826 1601 rationibus
847 1542 878 1600 in
899 1541 1023 1617 singulis
1045 1538 1164 1599 casibus
1185 1539 1350 1600 dicendum.

715 1724 850 1791 Salutio.

57 1886 112 1939 360
210 1873 262 1938 Ao
286 1895 478 1950 quaasrrun
504 1878 540 1941 1¹²
570 1875 609 1942 R.
660 1875 758 1941 Ratio
788 1896 949 1940 excusans
980 1896 1000 1940 a
1028 1876 1102 1958 lege
1131 1872 1274 1956 positiva
1304 1873 1445 1938 humana

120 1963 297 2028 secundum
322 1985 376 2042 ea,
409 1985 493 2046 quae
523 1985 621 2048 supra
645 1966 832 2030 dictasunt
861 1986 893 2031 n.
918 1967 959 2030 97
977 1984 1064 2046 sqq,
1096 1962 1225 2046 qnando
1249 1962 1289 2027 de
1319 1962 1446 2046 legibus

117 2053 302 2139 frequenter
324 2054 568 2119 occurrentibus
592 2054 718 2136 agitur,
750 2057 903 2119 censetur
925 2053 1091 2135 quodlibet
1120 2050 1361 2117 incommodum
1390 2072 1446 2117 seu

120 2141 273 2206 damnum
297 2143 349 2206 uel
374 2142 553 2226 periculum
578 2144 776 2209 mediocriter
799 2141 959 2221 notabile,
991 2141 1116 2207 sivein
1140 2140 1347 2220 valetudine,
1377 2140 1445 2206 sive

120 2230 153 2294 in
177 2230 266 2296 fama
296 2235 331 2297 et
359 2232 499 2316 pudore,
531 2231 601 2296 sive
630 2232 663 2298 in
687 2232 784 2297 rebus
808 2231 954 2297 externis
978 2235 1012 2297 et
1034 2231 1187 2298 fortunae
1210 2229 1327 2296 aliisve
1350 2230 1445 2295 rebus

119 2319 356 2403 personalibus.

210 2409 366 2474 Similiter
381 2408 560 2474 necessitas
577 2408 695 2485 aliena,
719 2429 803 2491 quae
827 2409 923 2475 aliter
945 2407 1109 2473 sublevari
1124 2411 1268 2490 nequeat
1291 2412 1326 2473 et
1349 2428 1445 2490 quam

121 2496 244 2562 auferri
268 2497 390 2564 caritas
412 2498 503 2563 iubet
525 2497 579 2563 vel
603 2497 729 2564 suadet.
774 2498 829 2565 Tb.
853 2521 895 2565 m.
919 2497 944 2576 Ι,
970 2499 1156 2563 563-566.

210 2621 264 2686 An
282 2642 474 2696 eunnsrrnu
499 2624 537 2685 2²²¹
560 2623 599 2690 R.
620 2626 647 2688 l.
687 2621 812 2687 Causae
836 2643 856 2687 a
879 2621 987 2686 Dalila
1010 2620 1132 2687 allatae
1156 2624 1264 2686 utrum
1289 2619 1357 2686 sint
1379 2618 1446 2685 suf-

120 2708 267 2776 ficientes
291 2711 333 2775 ad
356 2710 576 2776 excusandum
595 2731 707 2789 necne,
731 2711 853 2795 pendet
871 2710 1009 2775 multum
1032 2732 1052 2775 a
1076 2709 1264 2774 condicione
1282 2707 1445 2792 personali

122 2799 208 2877 eius,
240 2799 280 2864 de
311 2821 373 2881 quo
399 2800 518 2882 agitur.
566 2800 651 2865 Nam
675 2821 729 2865 res
753 2801 867 2865 eadem
891 2799 945 2864 uni
968 2799 1096 2881 gravis,
1127 2820 1191 2864 non
1215 2798 1328 2880 gravis
1352 2797 1446 2864 alteri

122 2909 194 2953 esse
210 2893 336 2971 potest3
361 2889 456 2953 bomo
473 2889 614 2955 rusticus
634 2893 668 2955 et
686 2889 776 2953 rudis
792 2889 905 2954 eadem
921 2888 1126 2953 incommoda
1144 2909 1208 2953 non
1227 2887 1275 2953 ita
1294 2886 1447 2953 aestimat

122 2999 182 3042 nec
206 2978 324 3054 sentit,
356 2978 440 3043 sicut
466 3000 607 3062 persona
631 2979 772 3043 delicata
802 2983 836 3044 et
859 2978 1008 3059 ingenua.
1056 2977 1166 3042 Etiam
1190 2976 1318 3042 attendi
1340 2976 1446 3053 debet,

121 3072 230 3132 utrum
250 3066 432 3150 paenitens,
456 3068 511 3150 qui
534 3067 692 3132 eiusmodi
715 3087 832 3133 causas
855 3069 961 3143 affert,
986 3067 1030 3132 sit
1053 3066 1123 3131 veri
1146 3087 1271 3143 amans,
1296 3086 1339 3131 an
1358 3065 1447 3131 vide·

122 3160 197 3221 atur
220 3177 273 3220 res
298 3177 502 3239 exaggerare
525 3161 559 3222 et
582 3161 774 3240 praetextus
798 3177 965 3239 quaerere.

60 3277 108 3330 361
211 3262 249 3327 n.
275 3265 305 3327 2.
353 3262 386 3327 Si
411 3263 520 3327 Dalila
544 3263 797 3346 deprehenditur
820 3260 1008 3343 ceteroquin
1031 3260 1206 3325 timoratae
1230 3259 1446 3325 conscientiae

122 3372 204 3427 esse,
227 3351 284 3414 vix
309 3351 375 3416 ulla
399 3373 441 3415 ex
465 3352 573 3416 causis
597 3352 707 3416 allatis
730 3355 791 3429 est,
817 3372 901 3433 quae
923 3351 966 3416 ad
989 3350 1233 3415 excusationem
1257 3370 1321 3413 uon
1346 3347 1447 3432 possit

122 3440 283 3515 sufficere,
310 3445 347 3506 ut
370 3440 400 3504 ei
422 3441 520 3506 liceat
544 3441 727 3522 aliquoties,
752 3462 816 3504 non
838 3445 950 3506 tamen
971 3460 1109 3522 semper,
1133 3438 1269 3503 Missam
1285 3437 1445 3503 omittere.

123 3626 143 3689 d
211 3537 297 3601 Nam
326 3541 434 3622 primo
464 3539 560 3617 ratio,
591 3538 689 3606 timor
712 3537 909 3605 valetudinis
932 3538 1018 3602 male
1041 3535 1244 3614 afficiendae,
1268 3556 1348 3601 sane
1375 3535 1447 3601 fun·

145 3629 202 3690 ata
225 3630 285 3692 est.

212 3726 360 3790 Secundo
390 3723 476 3789 ratio
507 3724 639 3807 pudoris
668 3745 733 3789 non
763 3728 874 3807 potest
903 3723 1094 3807 simpliciter
1119 3721 1244 3805 repelli.
1291 3722 1447 3788 Attamen

125 3811 227 3877 videri
247 3813 353 3890 debet,
377 3834 454 3877 num
478 3814 620 3880 fortasse
643 3813 843 3897 possibilitas
866 3813 962 3890 adsit,
987 3816 1024 3878 ut
1047 3833 1172 3877 summo
1188 3832 1295 3887 mane,
1320 3809 1446 3892 qnando

125 3902 264 3967 vestitus
288 3923 308 3966 a
331 3901 460 3967 nemine
483 3902 689 3986 conspicitur,
715 3902 813 3967 Sacro
836 3902 982 3977 intersit;
1007 3923 1112 3983 neque
1136 3901 1232 3964 nimis
1255 3898 1352 3965 facile
1375 3899 1447 3964 huic

124 3990 237 4074 pudori
263 3991 584 4056 condescendendum
609 3998 669 4068 est,
693 3992 836 4057 maxime
859 3991 886 4055 si
911 3995 1060 4056 extrema
1082 3993 1261 4074 paupertas
1285 3987 1448 4071 ceteroqui

125 4101 188 4144 non
211 4084 321 4163 potest
345 4080 454 4146 celari.
501 4081 538 4144 In
562 4085 674 4145 nostro
698 4088 808 4148 autem
833 4102 910 4145 casu
934 4080 1076 4145 Dalilam
1099 4100 1135 4144 re
1160 4098 1239 4143 vera
1262 4077 1368 4143 habeo
1391 4098 1447 4161 pre

124 4175 292 4234 excusat-a.

217 4269 324 4332 Tertio
357 4266 441 4331 ratio
471 4288 548 4330 num
579 4267 743 4333 sufficiens
773 4267 832 4345 sit,
863 4267 984 4350 pendet
1014 4287 1033 4330 a
1063 4264 1280 4349 peculiaribus
1313 4264 1447 4330 circum·

125 4356 256 4422 stantiis
280 4361 314 4422 et
337 4377 357 4420 a
380 4358 611 4433 cortsrcetudiao,
636 4357 734 4421 immo
757 4357 790 4420 in
813 4361 926 4421 nostro
951 4376 1038 4432 casu,
1063 4360 1099 4420 ut
1122 4357 1212 4438 puto,
1237 4374 1257 4419 a
1278 4354 1350 4419 sola
1374 4373 1447 4418 con·

125 4446 312 4522 suetudine;
343 4466 420 4510 nam
450 4446 622 4528 peculiaris
646 4446 891 4511 circumstantia
915 4445 1096 4527 personalis
1127 4444 1196 4508 fere
1220 4442 1387 4508 reducitur
1408 4441 1447 4506 ad

126 4556 278 4615 magnam
314 4534 606 4617 disproportiouenr
642 4534 839 4599 condicionis
873 4533 984 4617 spousi
1020 4537 1054 4598 et
1089 4552 1244 4615 sponsae,
1281 4552 1365 4613 qnae
1398 4530 1447 4595 hic

127 4625 311 4688 nullatenus
335 4624 466 4688 tidetur
489 4625 612 4689 adesse.
