3106 5168
543 1081 618 1164 DE
648 1081 911 1164 LUXURIA

434 1229 692 1297 (PRAECEPTUM
710 1229 836 1285 DECAL.
856 1230 1024 1298 SEXTUM).

153 1407 364 1490 Voluptatem
396 1427 571 1471 veneream
603 1427 721 1489 capere
753 1405 785 1471 in
818 1407 887 1472 solo
919 1407 1066 1490 legitimo
1099 1429 1160 1473 usu
1192 1408 1388 1474 matrimonii
1399 1423 1452 1478 536

62 1498 151 1564 licet.
206 1497 314 1562 Extra
348 1494 588 1561 matrimonium
624 1495 790 1577 quaelibet
823 1496 1010 1562 voluntaria
1045 1497 1202 1563 eiusmodi
1236 1498 1389 1582 voluptas

63 1590 237 1671 peccatum
257 1584 397 1650 mortale
418 1588 479 1650 est.
519 1584 554 1648 ln
572 1583 778 1650 matrimonio
799 1585 984 1652 mortaliter
999 1586 1128 1668 quidem
1144 1587 1273 1670 peccari
1289 1587 1389 1655 etiam

63 1679 214 1760 potesta
235 1673 435 1755 coniugibus,
460 1693 558 1757 saepe
582 1677 693 1738 tamen
715 1679 874 1758 peccatur
896 1674 1070 1742 venialiter
1093 1680 1233 1743 tantum.
1268 1675 1390 1753 Quodsi

64 1763 162 1830 abiis
181 1768 278 1830 extra
301 1763 445 1846 ipsorum
468 1762 710 1827 matrimonium
734 1763 788 1828 vel
812 1768 927 1830 contra
950 1764 1019 1829 eius
1035 1767 1116 1830 fines
1139 1764 1221 1831 haec
1235 1765 1389 1850 voluptas

65 1852 232 1936 capiatur,
264 1873 301 1917 eo
325 1852 460 1933 gravius
486 1851 701 1917 committitur
723 1858 895 1936 peccatum
919 1874 1016 1936 quam
1040 1874 1060 1919 a
1083 1853 1216 1930 solutis;
1248 1876 1324 1920 nam
1348 1854 1390 1920 ad

64 1942 215 2007 luxuriae
239 1944 408 2024 peccatum
439 1944 473 2006 et
503 1940 604 2005 laesio
630 1940 746 2005 iurium
770 1941 1057 2008 matrimonialium
1088 1947 1122 2009 et
1152 1943 1254 2008 laesio
1278 1965 1390 2010 sacra·

63 2030 167 2096 menti
192 2030 279 2114 apud
303 2029 498 2095 christianos
522 2029 658 2096 accedit.

153 2120 276 2184 Verum
301 2140 373 2183 cum
398 2140 453 2194 ca,
478 2118 594 2200 quibus
617 2119 650 2182 in
673 2119 734 2183 hac
758 2139 794 2184 re
816 2119 941 2185 lubrica
965 2124 1133 2203 peccetur,
1162 2119 1196 2185 in
1224 2123 1390 2207 Theolopia

63 2212 180 2274 cnoroli
210 2208 257 2275 ita
288 2208 454 2291 explicata
484 2208 566 2285 sint,
597 2211 633 2272 ut
657 2229 790 2272 casuum
822 2210 1062 2275 occurrentium
1092 2209 1262 2277 moralitas
1291 2211 1390 2276 facile

64 2298 293 2380 intellegatur:
318 2297 379 2361 hoc
403 2297 474 2361 loco
498 2296 710 2380 paucissimos
735 2318 831 2362 casus
852 2298 1080 2382 propositurus
1103 2321 1185 2375 sum,
1210 2321 1269 2383 pro
1293 2321 1388 2365 accu-

63 2387 187 2454 ratiore
211 2385 368 2469 capienda
391 2386 509 2451 notitia
532 2387 655 2452 lectore
679 2386 814 2451 remisso
842 2388 883 2451 ad
914 2388 1019 2471 ipsam
1047 2409 1152 2454 meam
1177 2389 1388 2473 Theologiam

64 2476 221 2542 moralem
245 2476 270 2553 Ι,
295 2478 489 2551 860-883;
514 2474 554 2551 ΙΙ,
580 2477 765 2542 833-859.

437 2668 636 2734 LUXURIA
659 2667 942 2734 INCOMPLETA
965 2669 1018 2751 (Ι).

618 2807 729 2875 Casus.
757 2817 834 2885 (158)

152 2933 235 2992 Cano
256 2931 373 2990 iuvenis
395 2933 432 2988 25
455 2950 598 2990 annorum
619 2931 709 2989 animi
734 2931 889 2991 relaxandi
917 2937 948 2991 et
976 2931 1128 2990 excolendi
1151 2951 1242 2991 causa
1270 2932 1327 2991 iter
1347 2932 1389 2990 in·

62 3013 176 3083 stituit,
206 3011 339 3071 diversas
367 3014 456 3070 urbes
483 3013 645 3088 perlustrat
672 3011 768 3087 ibique
792 3011 1004 3088 pinacothecas
1025 3018 1113 3086 atque
1133 3032 1236 3071 musea
1257 3012 1389 3071 studiose

62 3092 181 3162 invisit,
211 3097 328 3150 statuas
357 3097 444 3167 atque
472 3092 605 3168 picturas
633 3091 723 3150 etiam
744 3092 831 3150 valde
859 3094 1004 3151 obscenas
1033 3097 1146 3151 attente
1175 3093 1390 3168 contemplatur

62 3193 128 3232 cum
150 3192 258 3247 magno
280 3177 369 3246 gustu
391 3178 479 3247 atque
500 3172 601 3230 vivida
622 3171 838 3242 satisfactione,
860 3172 895 3231 de
918 3177 1016 3230 cetero
1037 3171 1110 3230 nihil
1132 3172 1201 3231 mali
1222 3172 1388 3232 intendens.

63 3254 172 3313 Verum
202 3254 239 3311 ab
268 3271 303 3310 eo
332 3258 463 3328 tempore
492 3252 665 3328 saepissime
693 3252 871 3328 phantasiae
900 3254 1096 3311 obversantur
1116 3252 1261 3328 imagines
1282 3271 1389 3323 rerum,

63 3354 136 3410 quas
158 3332 248 3396 vidit,
277 3332 371 3407 iisque
400 3331 531 3407 graviter
558 3332 622 3408 ipse
648 3337 781 3390 tentatur
802 3351 896 3407 neque
917 3351 984 3391 raro
1006 3333 1133 3391 trahitur
1154 3334 1191 3391 ad
1213 3351 1390 3391 consensum

62 3414 92 3472 in
113 3433 249 3473 morosas
271 3412 484 3471 delectationes
506 3418 536 3471 et
557 3413 586 3470 in
608 3412 799 3488 pollutionem
821 3411 947 3471 existis
968 3413 1133 3489 phantasiis
1156 3419 1297 3472 exortam.

62 3519 241 3589 Qussarrun
263 3520 291 3576 1⁰
317 3518 384 3593 quid
406 3516 592 3576 iudicandum
614 3518 654 3576 sit
669 3517 704 3576 de
720 3517 984 3594 peccaminositate
999 3523 1170 3595 aspectuum
1187 3521 1389 3580 obscenorum.

261 3609 292 3665 2⁰
318 3607 461 3683 quomodo
484 3606 564 3666 Ouno
586 3607 764 3683 peccaverit,
787 3613 817 3664 et
838 3606 905 3682 quid
926 3608 1026 3666 facere
1048 3607 1162 3667 debeat.

659 3763 794 3830 solutio.

14 3947 16 3951 ,
151 3890 205 3955 An
228 3909 420 3966 Quassrruu
447 3890 483 3951 1¹¹¹
506 3887 545 3956 R.
566 3891 593 3952 l.
633 3887 795 3972 Aspeotus
818 3910 926 3954 rerum
951 3894 1125 3971 utcumque
1149 3890 1301 3974 turpium,
1327 3890 1451 3962 etsi537

37 3984 125 4045 ‘non
150 4001 193 4044 ex
214 4000 250 4044 se
273 3979 422 4059 graviter
437 3977 589 4060 turpium,
614 3977 716 4042 hahiti
741 3999 783 4043 ex
799 3999 902 4061 prava
925 3977 1115 4055 intentione,
1140 4000 1204 4061 qua
1221 3980 1292 4061 quis
1308 3980 1390 4046 velit

61 4090 237 4134 veneream
255 4066 506 4132 delectationem
531 4067 563 4130 in
587 4087 623 4131 se
639 4066 785 4133 excitare
809 4088 891 4132 eave
914 4067 989 4144 frui,
1013 4072 1090 4133 sunt
1113 4069 1298 4135 mortaliter
1312 4091 1389 4152 pec·

61 4157 229 4224 caminosi.

150 4248 189 4312 R.
216 4250 246 4312 2.
289 4247 462 4328 Aspectua
486 4266 506 4308 a
530 4243 645 4326 quibus
668 4244 745 4310 talis
769 4243 906 4311 intentio
931 4265 1035 4328 prava
1058 4245 1162 4323 abest,
1187 4244 1214 4309 si
1238 4245 1389 4310 feruntur

60 4340 93 4402 in
125 4360 177 4402 res
206 4338 348 4418 praviter
375 4334 522 4399 obscenos
557 4339 656 4416 atque
687 4334 924 4417 protrahuntur
947 4354 1052 4416 neque
1087 4354 1128 4399 ex
1162 4333 1257 4414 gravi
1289 4355 1388 4399 causa

59 4429 152 4503 fiunt,
177 4428 257 4490 sunt
276 4422 460 4488 mortaliter
483 4422 561 4487 mali
583 4426 698 4506 utpote
722 4423 870 4506 proxima
894 4443 993 4488 causa
1016 4444 1139 4507 pravae
1163 4422 1388 4488 commotionis

59 4519 160 4598 atque
184 4534 363 4580 consensus
387 4511 538 4595 periculi3
563 4511 668 4588 aliter,
693 4510 720 4576 si
745 4532 786 4576 ex
802 4511 898 4592 gravi
921 4532 1020 4576 causa
1036 4514 1118 4579 fiunt
1142 4516 1176 4578 et
1195 4511 1291 4576 simul
1315 4533 1387 4577 cum

59 4604 216 4671 adhibitis
244 4601 396 4667 remediis
420 4605 534 4666 contra
559 4622 749 4666 consensum
778 4601 811 4664 in
836 4600 1086 4666 delectationem
1109 4601 1195 4666 forte
1219 4601 1387 4669 orituram.

111 4715 283 4760 Lehmkuhl.
299 4714 370 4755 Cusus
385 4713 545 4754 conscientiae.
571 4712 588 4754 1.
1143 4706 1175 4760 18
1422 4714 1480 4816 ι
