3106 5168
159 264 225 329 328
296 261 339 316 De
356 261 504 319 virtutibus
522 266 551 317 et
568 262 665 317 officiis
683 278 750 330 erga
767 261 897 316 homines.
917 291 950 300 -
970 261 1022 316 Oti.
1040 261 1114 317 circa
1131 261 1201 316 bona
1219 264 1342 316 extema.

502 466 743 534 POSSESSOR
765 466 917 534 BONAE
939 467 1058 533 EIDEI
1085 467 1137 551 (Ι).

715 624 826 690 Casus.
853 631 929 700 (197)

249 764 385 825 Getulius
412 764 443 823 in
470 764 561 824 fundo
589 784 628 823 ex
656 764 820 824 hereditate
843 769 967 841 accepto
989 763 1156 823 construxit
1182 764 1321 839 ingentes
1342 767 1434 825 aedes
1456 773 1486 826 et

158 846 321 917 machinas,
343 863 538 921 magnamque
552 844 752 922 operariorum
768 844 882 921 copiam
896 844 1037 903 attraxit:
1059 863 1116 920 quo
1136 845 1246 902 iactum
1268 850 1323 916 est,
1345 851 1380 904 ut
1400 847 1485 905 brevi

157 931 289 1003 tompore
309 926 394 984 locus
421 924 472 983 ille
501 944 629 1000 eousque
656 924 786 985 incultus
807 925 922 983 colatur
943 929 1030 1000 atqua
1051 925 1117 999 agri
1138 924 1188 1000 qui
1209 924 1319 984 circum
1341 933 1414 985 sunt
1433 926 1484 985 siti

158 1005 281 1065 aedibus
309 1004 497 1065 exstruendis
526 1004 589 1082 apti
618 1004 691 1064 decu
712 1005 741 1065 lo
767 1004 864 1082 pretio
892 1010 979 1080 atqua
1007 1004 1096 1063 otiam
1119 1004 1231 1064 maiore
1251 1004 1383 1065 veniant
1427 1005 1484 1065 Sed

157 1105 228 1145 mox
248 1089 459 1145 testamentum
480 1084 511 1143 iu
532 1086 665 1144 favorem
686 1025 798 1144 dccciii
821 1086 932 1143 iactum
952 1085 1143 1161 impugnatur
1164 1091 1252 1159 atque
1273 1084 1399 1144 iuridice
1420 1086 1483 1145 irri-

157 1170 240 1227 tatur
259 1166 290 1224 in
310 1166 443 1224 savorem
464 1165 594 1240 Evagrii.

158 1269 335 1341 Quanmrun
357 1274 386 1328 1⁰
412 1269 555 1328 debeatne
577 1269 713 1328 Getulius
740 1270 862 1328 fundum
884 1289 948 1328 cum
971 1269 1113 1329 aedificiis
1134 1269 1263 1346 Evagrio
1285 1271 1408 1343 cedere,
1436 1273 1484 1331 vel

412 1351 517 1409 saitem
545 1356 659 1426 partem
680 1349 763 1409 fundi
791 1349 914 1409 aedibus
935 1369 1076 1421 vacuam;
1106 1369 1144 1408 an
1165 1350 1307 1426 quomodo
1335 1351 1484 1410 indemnis

410 1430 474 1488 fieri
496 1431 582 1488 debet
603 1429 667 1489 sive
687 1430 844 1505 Evagrius,
866 1431 931 1490 sive
953 1429 1096 1490 Getuiius.

355 1521 385 1578 2⁰
411 1520 556 1578 debeatne
571 1517 707 1578 Getulins
728 1518 885 1578 restituere
906 1519 1031 1596 pretium
1052 1519 1209 1579 locationis
1230 1539 1249 1578 a
1268 1539 1374 1579 novem
1396 1521 1484 1579 annis

412 1603 567 1676 acceptum
587 1618 640 1676 pro
662 1605 748 1675 parte
768 1618 916 1674 agrorum,
938 1620 1012 1675 quos
1033 1601 1193 1660 locaverat.

754 1780 888 1849 Salutio.

94 1934 148 1990 648
247 1923 300 1988 An
323 1943 514 1999 qunnsrruu
533 1926 570 1988 1¹·
586 1922 625 1988 R.
645 1926 673 1988 1.
705 1921 807 1988 Casus
827 1922 882 1988 ille
898 1923 1061 2006 supponit,
1086 1923 1250 1990 Getuliunr
1265 1924 1374 2006 egisse
1398 1925 1483 1989 bona

156 2012 230 2080 fide.
262 2011 383 2095 Agitur
404 2011 438 2076 in
461 2011 522 2077 hoc
543 2011 697 2088 Quaesito
721 2011 761 2077 de
784 2011 992 2078 restitutione
1015 2012 1103 2077 circa
1126 2013 1344 2078 substantiam
1367 2013 1427 2092 rei,
1450 2013 1482 2078 in

156 2101 307 2185 sequenti
330 2100 485 2179 Quaesito
509 2100 549 2166 de
573 2099 780 2166 restitutione
803 2100 978 2168 fructuum.

246 2189 438 2257 Substantia
460 2190 524 2267 rei,
550 2188 678 2272 quando
702 2211 761 2273 pro
784 2189 893 2255 aliena
915 2189 1133 2272 cognoscitur,
1156 2210 1235 2254 vero
1259 2189 1389 2255 domino
1413 2194 1482 2257 tra·

157 2279 263 2346 denda
287 2283 347 2357 est,
372 2278 435 2344 nisi
458 2282 526 2364 ipse
547 2278 674 2343 mavult
696 2278 803 2362 pretio
825 2278 874 2343 rei
896 2299 918 2343 a
939 2278 1047 2362 priore
1070 2299 1259 2362 possessore
1278 2279 1389 2345 oblato
1407 2302 1482 2345 con·

155 2372 269 2435 tentus
291 2390 373 2434 esse.
413 2367 476 2432 Hic
499 2388 579 2434 vero
602 2367 762 2433 deducere
785 2371 895 2451 potest
917 2388 1080 2451 expensas
1102 2369 1203 2450 cedes,
1228 2389 1312 2451 quae
1335 2369 1482 2434 valorem

155 2457 204 2523 rei
233 2461 413 2532 auxerunt;
445 2460 545 2539 atque
575 2477 684 2522 secum
714 2456 802 2522 ferre
832 2460 942 2539 potest
965 2477 1006 2522 ea
1028 2477 1112 2538 quae
1135 2455 1255 2523 adiecit
1278 2461 1312 2523 et
1335 2458 1482 2542 separari

155 2552 304 2631 possunt.
356 2547 411 2612 tu.
436 2569 476 2611 m.
501 2546 526 2623 1,
551 2548 625 2611 953.

246 2644 285 2710 R.
310 2647 340 2710 2.
388 2643 421 2710 Si
444 2643 560 2709 stricto
583 2664 680 2709 sensu
704 2643 755 2707 ius
778 2645 957 2709 Romanum
981 2643 1147 2720 sumimus,
1176 2643 1325 2710 Getulius
1349 2644 1483 2710 deberet

157 2754 230 2798 curn
253 2732 354 2798 fundo
379 2731 488 2798 omnia
511 2732 626 2797 cedere
650 2753 733 2814 quae
751 2732 785 2797 in
801 2752 839 2796 eo
860 2732 1045 2798 construxit
1068 2736 1102 2798 st
1124 2732 1320 2811 aedificavit,
1345 2738 1483 2818 accepta

157 2822 422 2906 compensatione
446 2842 674 2905 expensarum.
706 2820 902 2886 Recentiora
925 2825 1033 2887 autem
1058 2821 1129 2886 iura
1152 2843 1217 2886 non
1240 2822 1349 2886 omnia
1368 2823 1480 2888 eodem

155 2911 252 2977 modo
276 2912 366 2978 litem
391 2916 597 2994 componunt,
621 2910 778 2994 imprimis
801 2914 912 2975 tamen
933 2910 965 2975 id
983 2911 1167 2987 attendunt,
1192 2917 1229 2977 ut
1252 2915 1371 2976 neutra
1394 2934 1481 2996 pars,

156 3005 315 3084 quantum
345 2999 414 3065 fieri
444 3000 565 3084 possit,
596 2999 748 3065 damnum
778 2998 874 3066 ferat.
922 3000 1006 3065 Hinc
1037 3000 1196 3082 aequitati
1227 3005 1481 3066 consentaneum

156 3089 303 3167 videtur,
332 3095 369 3155 ut
393 3089 522 3155 Getulio
546 3110 586 3155 ea
609 3089 850 3171 relinquantur,
882 3109 966 3170 quae
989 3089 1058 3172 ipse
1081 3089 1193 3154 multis
1216 3089 1370 3173 expensis
1393 3091 1481 3156 acdi-

156 3179 268 3244 ficavit
298 3182 331 3244 et
362 3179 563 3256 construxit,
597 3185 634 3245 ut
663 3200 725 3243 non
757 3177 951 3242 exturbetur
974 3198 992 3242 e
1015 3182 1105 3243 statu
1135 3199 1193 3242 suo
1223 3182 1257 3243 et
1285 3179 1375 3244 vitae
1405 3201 1483 3245 suae

157 3268 355 3334 condicione.

92 3381 147 3434 649
246 3366 284 3431 R.
310 3369 340 3432 3.
388 3366 489 3430 Plane
523 3371 631 3431 autem
662 3363 825 3446 Euagrius
857 3364 1024 3447 postulare
1056 3367 1167 3447 potest
1197 3385 1270 3429 earn
1302 3364 1395 3430 fundi
1427 3387 1482 3431 sen

157 3474 315 3536 agrorum.
341 3460 486 3539 partem,
518 3476 600 3537 quae
628 3453 820 3518 commercio
844 3457 879 3518 et
902 3453 1028 3518 artibus
1051 3474 1109 3517 seu
1133 3452 1268 3537 opificiis
1291 3456 1484 3520 exercendis

156 3564 216 3626 pro
241 3544 370 3610 Getulio
401 3544 586 3608 necessaria
615 3564 680 3607 non
710 3547 777 3620 est,
809 3542 872 3608 etsi
895 3543 989 3607 valor
1012 3541 1148 3624 decuplo
1178 3543 1283 3607 maior
1309 3548 1363 3609 est
1386 3566 1482 3626 quam

156 3637 273 3698 antea:
302 3653 354 3697 res
379 3631 474 3709 enim,
499 3632 584 3697 siout
606 3632 701 3715 perit,
726 3631 774 3697 ita
798 3632 897 3697 etiam
921 3631 1039 3697 crescit
1063 3631 1202 3697 domino.
1248 3633 1360 3714 Atque
1384 3635 1481 3700 etiarn

157 3741 229 3785 earn
254 3720 344 3784 fundi
369 3724 513 3804 partem,
539 3742 621 3802 quae
646 3742 718 3785 curn
742 3721 876 3786 aedibus
900 3720 1076 3787 exstructis
1101 3720 1229 3786 Getulio
1254 3721 1390 3800 ceditur,
1415 3724 1483 3788 iure

157 3809 332 3874 secundum
357 3810 503 3874 valorem
527 3811 688 3875 actualem
712 3810 789 3875 licet
813 3809 990 3886 aestimari,
1015 3811 1144 3892 quando
1167 3810 1307 3894 pretium
1331 3833 1483 3896 compen·

157 3899 293 3963 sationis
318 3898 511 3963 decernitur.

247 3989 369 4053 Verum
386 3987 414 4051 si
428 4009 492 4052 non
508 3988 682 4068 Euagrius
708 3988 764 4051 sed
781 3989 869 4052 solus
886 3987 1034 4053 Getulius
1053 3992 1165 4072 posset
1182 3987 1373 4054 continuare
1389 4012 1484 4055 exer·

157 4076 269 4142 citium
294 4077 497 4143 officinarum
517 4081 550 4142 et
567 4076 749 4140 commercii
766 4079 849 4157 quod
867 4077 1020 4153 instituit,
1045 4082 1144 4159 atque
1167 4078 1258 4159 proin
1275 4078 1338 4161 ipsi
1354 4080 1482 4160 quidem

157 4168 213 4232 sed
239 4189 303 4231 non
318 4166 463 4248 Evagrio
487 4165 606 4230 fundus
630 4166 792 4247 aedesque
816 4166 900 4232 tanti
925 4167 1083 4242 valerent,
1109 4187 1246 4246 aequum
1271 4187 1334 4230 non
1353 4168 1485 4235 videtur

157 4256 321 4322 Getulium
347 4276 464 4338 cogere
488 4255 529 4319 ad
553 4254 744 4319 solvendum
768 4259 874 4320 toturn
898 4255 989 4319 fundi
1019 4254 1168 4337 pretium.
1216 4254 1318 4318 Immo
1342 4256 1371 4320 si
1395 4259 1484 4322 solus

157 4345 306 4411 Getuiius
331 4349 397 4421 ost,
429 4344 482 4426 qui
514 4365 572 4409 suo
597 4344 708 4408 labore
732 4365 856 4426 suaque
884 4344 1043 4408 industria
1066 4342 1212 4407 valorem
1237 4343 1327 4408 fundi
1352 4346 1484 4410 auxerit

156 4455 344 4516 augereque
367 4434 480 4517 possit,
505 4453 661 4498 excessus
686 4433 806 4497 valoris
831 4436 893 4517 ipsi
918 4434 1103 4498 debetur.

246 4532 284 4596 R.
310 4535 340 4596 4.
388 4531 544 4607 Quoniam
575 4535 685 4596 autem
716 4531 748 4595 in
773 4530 984 4596 aestimandis
1007 4529 1077 4594 sive
1101 4530 1254 4614 expensis
1277 4530 1347 4595 sive
1377 4532 1483 4615 pretio

156 4620 248 4685 fundi
272 4619 303 4683 in
326 4620 481 4685 eiusmodi
506 4642 584 4686 casu
601 4642 727 4686 summa
744 4619 920 4684 difficultas
936 4625 996 4696 est,
1021 4619 1188 4683 suadenda
1205 4624 1256 4684 est
1272 4620 1379 4685 amica
1395 4642 1483 4686 com·
