3106 5168
419 276 514 332 Status
533 276 689 347 religiosus:
712 276 841 347 religiosa
859 278 1030 331 oboedientia.
1325 280 1387 345 171

152 451 191 520 11.
211 454 242 519 3.
282 452 366 519 Sunt
388 453 444 535 qui
467 456 593 536 putent,
618 454 748 535 quando
771 452 834 537 ipsi
852 453 1037 537 superiores
1060 451 1205 536 religiosi
1222 451 1389 521 subditum
1398 461 1450 518 339

61 540 195 624 aliquod
216 539 347 618 iubent,
377 562 420 607 ex
443 562 648 625 quacumque
669 542 704 608 id
726 545 785 611 fiat
807 546 991 627 potestate,
1015 541 1180 608 subditum
1204 562 1269 608 non
1292 563 1389 627 66666

62 650 127 695 666
149 629 256 697 166661
279 629 313 695 vi
336 631 416 709 voti,
442 652 516 697 cum
539 631 669 700 voverit
691 631 882 716 simpliciter
904 632 1143 700 oboedientiam.
1189 631 1242 697 Ita
1264 631 1387 714 Lugo,

62 721 111 785 De
128 722 252 804 poenit.
277 719 359 803 disp.
380 724 430 797 16,
454 722 578 787 6172.

151 815 218 882 Alii
240 821 352 883 tamen
380 817 414 883 id
444 821 584 900 negant:
613 817 663 887 ita
684 817 816 884 videtur
838 817 962 885 sentire
986 818 1139 885 Suarez
1162 818 1185 886 l.
1209 838 1236 886 c.
1261 838 1332 902 cap.
1358 821 1389 897 6,

61 927 93 972 6.
115 908 153 985 6,
184 906 274 972 clare
296 906 399 973 sentit
426 907 813 986 Sanchez,1adecal.
844 908 866 975 l.
890 909 921 986 4,
952 928 980 973 c.
1003 911 1054 986 11,
1085 928 1118 975 n.
1142 909 1196 974 25.
1241 907 1287 974 Et
1315 927 1390 973 mea

62 993 229 1061 sententia
251 998 343 1061 recte
366 995 505 1078 quidem.
551 995 640 1063 Nam
662 996 835 1079 religiosus
858 995 952 1063 vovit
975 995 1104 1079 quidem
1133 995 1300 1074 oboedire,
1331 996 1389 1063 661

61 1089 133 1150 turn
157 1083 303 1163 demum,
327 1085 457 1167 quando
480 1085 629 1170 superior
654 1094 805 1172 potestate
826 1086 889 1151 sibi
909 1107 971 1171 per
993 1087 1050 1151 boc
1072 1093 1175 1152 oolam
1196 1085 1318 1151 tributo
1341 1084 1390 1152 uti

62 1175 143 1239 velit.
178 1173 277 1239 Ratio
301 1193 366 1239 non
389 1178 441 1240 est
463 1195 521 1240 cur
543 1174 642 1242 aliter
664 1174 896 1257 intellegamus
918 1175 971 1241 vel
994 1174 1250 1258 interpretemur
1264 1177 1389 1240 votum.

62 1262 152 1328 Iuste
177 1261 305 1344 quidem
329 1263 534 1330 concluditur
556 1263 757 1348 superiorem
789 1263 993 1347 religiosum,
1026 1262 1054 1329 si
1077 1263 1155 1346 quid
1177 1283 1256 1328 vers
1278 1261 1390 1329 iubere

62 1350 161 1429 velit,
192 1350 351 1435 imprimis
378 1351 440 1418 hac
464 1351 665 1419 dominativa
687 1356 855 1437 potestate
883 1353 932 1421 uti
955 1352 1057 1429 velle;
1087 1356 1125 1420 at
1153 1351 1181 1417 si
1204 1352 1259 1418 vel
1287 1351 1390 1436 ipsius

62 1440 231 1524 praecepti
246 1440 349 1507 verba
364 1441 417 1507 vel
434 1441 701 1509 circumstantiae
715 1444 799 1508 banc
814 1442 1019 1509 voluntatem
1036 1441 1224 1520 excludunt,
1241 1439 1390 1525 superior

63 1528 235 1594 evidenter
257 1551 320 1595 non
345 1533 441 1615 eac-ipit
462 1530 552 1609 illud,
578 1531 662 1614 quod
685 1530 720 1596 vi
742 1531 814 1598 voti
836 1530 971 1613 exigere
992 1534 1114 1615 potest.
1158 1529 1251 1608 Quod
1274 1529 1302 1595 si
1325 1549 1389 1595 non

63 1616 178 1700 exigit,
202 1617 351 1685 subditus
374 1640 438 1684 666
461 1623 594 1686 1666166
614 1620 647 1686 vi
668 1619 738 1687 voti
760 1620 794 1686 id
817 1621 956 1686 solvere.
991 1619 1075 1686 Aliis
1091 1619 1217 1685 verbis:
1241 1618 1390 1703 superior

62 1707 236 1790 religiosus
251 1711 362 1791 potest
377 1728 477 1791 agere
502 1709 535 1789 1)
556 1708 738 1792 formaliter
752 1719 788 1775 at
802 1712 968 1796 relipiosas
983 1711 1139 1795 superior,
1163 1711 1275 1793 potest
1289 1728 1390 1791 agere

64 1797 98 1878 2)
121 1798 218 1862 simol
241 1804 276 1861 at
297 1800 445 1882 superior
464 1800 698 1882 ecclesiasticas,
722 1801 834 1883 potest
856 1797 956 1865 etiam
979 1818 1080 1881 agere
1104 1799 1138 1880 3)
1159 1797 1341 1881 formaliter
1356 1805 1391 1863 at

63 1908 171 1951 oleras
194 1888 419 1952 ecclesiasticas
442 1889 597 1973 superior.
643 1886 682 1952 In
704 1887 804 1954 tertio
828 1907 907 1953 casu
929 1886 1080 1953 subditus
1108 1907 1175 1953 non
1200 1890 1334 1954 tenetur
1356 1886 1390 1952 vi

65 1974 150 2052 voti,
181 1973 215 2038 16
246 1974 319 2040 aliis
341 1978 489 2051 tenetur;
519 1975 618 2041 immo
647 1976 682 2041 in
705 1976 810 2043 altero
834 1997 912 2042 casu
935 1976 1199 2058 transgressione
1221 1975 1388 2061 praecept'

63 2063 235 2147 specificae
250 2063 396 2130 malitiae
411 2063 680 2148 multiplicantur.
714 2065 836 2131 Verum
851 2064 1010 2149 superior,
1028 2065 1296 2148 quandocumque
1312 2085 1390 2131 vere

63 2151 241 2236 praecipit,
273 2155 412 2218 sumitur
441 2174 541 2236 agere
570 2153 675 2238 primo
705 2155 819 2229 modo;
852 2154 1013 2220 secundus
1042 2154 1097 2219 vel
1126 2153 1246 2220 tertius
1275 2155 1391 2220 modus

63 2242 197 2327 probari
220 2241 339 2307 debent.
387 2241 420 2307 Si
444 2263 528 2324 quae
551 2263 631 2308 vero
655 2246 834 2328 praecepta
858 2244 978 2310 dantur
1001 2266 1064 2330 per
1086 2245 1215 2309 modam
1237 2246 1314 2328 lepis
1336 2243 1391 2308 vel

64 2352 138 2396 cum
161 2329 274 2396 addita
297 2333 505 2397 ecclesiastica
526 2354 640 2418 paena,
664 2331 748 2398 sumi
770 2332 841 2398 fere
864 2332 962 2398 debet
984 2332 1145 2398 secundus
1160 2331 1275 2398 modus
1291 2335 1390 2415 atque

63 2420 118 2486 ille
141 2440 272 2503 semper
295 2418 443 2498 sumitur,
468 2420 531 2485 nisi
554 2426 647 2488 certa
669 2421 862 2506 probatione
886 2421 926 2487 ds
948 2421 1049 2489 tertio
1072 2425 1167 2488 const
1187 2425 1211 2488 t.

152 2550 205 2616 An
229 2572 420 2627 ournsrnuu
444 2551 545 2617 3-11.
569 2555 596 2620 l.
636 2551 828 2617 'timendum
849 2556 911 2630 est,
935 2572 977 2617 ne
1000 2551 1176 2618 Severinus
1190 2555 1452 2636 6616616166340

63 2639 311 2718 16616116116616,
342 2661 407 2723 666
429 2640 564 2725 potitur,
596 2641 684 2708 ultra
713 2640 834 2707 limites
856 2662 957 2707 verae
986 2640 1164 2725 potestatis
1193 2639 1389 2707 extenderit.

63 2728 150 2795 Nam
174 2730 317 2795 fortasse
339 2750 465 2795 summo
488 2729 560 2795 inre
582 2729 694 2796 iubere
709 2730 839 2812 quidem
858 2733 969 2815 potest
984 2731 1172 2813 regularum
1188 2729 1390 2812 singularum

63 2818 326 2885 observationem
349 2818 383 2884 vi
405 2818 492 2896 voti;
523 2822 560 2885 at
583 2819 617 2884 vi
645 2819 747 2885 solius
775 2818 1008 2886 iurisdictionis
1038 2822 1166 2885 omnes’
1180 2821 1215 2884 et
1243 2817 1391 2901 singulas

62 2908 110 2974 ita
133 2928 252 2990 urgere
276 2910 365 2974 66616
387 2929 452 2973 666
475 2911 596 2992 potest.
632 2907 711 2986 Quis
733 2909 819 2974 enirn
835 2908 956 2975 dixerit
978 2929 1010 2974 v,
1027 2929 1060 2991 g.
1084 2907 1271 2991 episcopum
1294 2927 1390 2991 66666

62 2996 144 3062 haec
168 2997 277 3062 omnia
299 2995 367 3062 suis
390 2996 538 3063 fidelibus
554 2997 607 3063 vel
626 2997 727 3064 etiam
743 2997 871 3064 clericis
886 3018 965 3064 vere
980 2995 1192 3082 praecipere?
1226 2994 1273 3062 At
1295 2999 1390 3079 pote·

62 3089 133 3152 6166
156 3106 267 3152 merae
290 3085 533 3165 iurisdictionis,
558 3107 654 3170 quam
678 3086 780 3153 habet
802 3087 951 3172 superior
966 3085 1139 3169 religiosus
1161 3085 1195 3150 in
1218 3105 1294 3150 suos
1313 3084 1389 3150 sub·

63 3175 165 3252 ditos,
198 3175 414 3259 episcopalem
446 3180 645 3258 potestatem
674 3175 836 3252 imitatum
868 3179 920 3242 est
948 3178 1097 3260 potestas
1126 3172 1329 3257 gubernandi
1356 3177 1391 3238 et

62 3263 283 3349 praecipiendi
307 3265 349 3330 ad
376 3264 495 3330 bonum
519 3285 706 3343 commune,
737 3265 758 3331 i.
784 3286 811 3331 6.
840 3265 873 3330 16
897 3267 1055 3347 quantum
1078 3282 1247 3330 commune
1270 3262 1390 3327 bonum

62 3353 95 3418 id
118 3353 224 3437 exigit
239 3353 293 3418 vel
315 3355 448 3419 suadet:
473 3353 559 3436 quod
575 3357 666 3420 certe
688 3375 753 3418 nou
772 3353 877 3436 exigit
899 3374 959 3419 nec
974 3352 1102 3432 suadet,
1125 3358 1163 3419 ut
1185 3350 1391 3418 haecomnia

62 3441 178 3515 stricte
201 3442 454 3527 praecipiantur.

153 3540 307 3607 Suarez
331 3542 435 3606 eodan
451 3541 515 3605 loco
531 3561 604 3604 moa
618 3541 749 3606 laudato
768 3538 863 3606 dicit:
893 3537 1058 3617 ,materia
1083 3537 1170 3605 circs
1193 3557 1292 3620 quam
1314 3558 1389 3603 ver-

62 3633 180 3696 santur
202 3628 394 3713 (praecepta
416 3629 638 3711 praelatorum
661 3628 919 3712 religiosorum),
950 3627 1113 3694 ordinarie
1139 3627 1217 3695 talis
1239 3647 1305 3693 non
1328 3630 1390 3704 est,

63 3722 100 3785 ut
124 3739 167 3784 ex
190 3718 223 3783 vi
251 3718 351 3783 solius
374 3717 605 3783 iurisdictionis
634 3717 878 3784 ecclesiasticae
907 3716 1052 3802 praecipi
1082 3716 1202 3801 possit,
1233 3717 1311 3799 quia
1340 3723 1391 3783 661

62 3807 204 3874 materia
230 3806 529 3892 supererogationis
559 3806 613 3872 vel
644 3807 785 3885 consilii,
819 3811 854 3874 61
882 3806 931 3873 116
960 3806 1067 3872 solum
1096 3805 1241 3891 praecipi
1270 3810 1390 3890 potest,

62 3899 225 3980 quatenus
256 3917 298 3961 ex
327 3896 361 3961 vi
393 3895 606 3979 professionis
636 3896 725 3963 facta
756 3899 809 3962 est
837 3894 1033 3962 necessaria.
1088 3894 1194 3980 Saepe
1223 3916 1303 3978 ergo
1332 3915 1391 3979 per

60 3984 318 4052 iurisdictionem
340 3985 444 4050 solam
468 4006 533 4050 non
556 3989 669 4068 posset
691 4006 751 4069 per
773 4006 810 4050 se
833 3989 868 4052 61
891 3985 1014 4051 directe
1036 3983 1197 4068 praecipi3
1222 3983 1280 4049 661
1303 4004 1391 4049 sum·

61 4096 151 4140 mum
184 4074 328 4159 praecipi
360 4073 501 4158 poterit,
534 4078 571 4140 61
603 4073 760 4156 obligatio
792 4074 884 4141 facta
913 4073 1132 4159 impleatur..
1159 4126 1166 4140 .
1193 4126 1201 4141 .
1245 4072 1389 4138 Praelati

62 4163 258 4246 religionum
289 4167 376 4253 sunt·
399 4163 499 4230 etiam
530 4162 686 4229 ordinarii
718 4168 869 4247 pastores
901 4162 1105 4230 subditorum
1137 4183 1268 4227 suorum
1297 4162 1391 4227 iuxta

62 4253 233 4319 Ecclesiae
255 4274 359 4330 usum,
383 4252 456 4318 ideo
481 4256 515 4318 in
533 4255 668 4317 materia
686 4256 933 4338 proportionata
950 4253 1117 4337 imponere
1140 4255 1278 4335 possunt
1300 4251 1390 4332 leges

61 4363 121 4409 seu
144 4346 324 4427 praecepta
346 4341 428 4424 (scil.
453 4341 487 4406 vi
510 4340 785 4425 iurisdictionis).“

152 4457 191 4524 R.
217 4459 248 4522 2.
294 4455 445 4534 Quirinus
468 4455 574 4521 minus
597 4459 687 4522 recte
710 4455 934 4523 ratiocinatur.
981 4455 1068 4521 Nam
1092 4454 1170 4520 dato
1194 4450 1391 4518 senteutiam
1400 4470 1451 4523 341

62 4567 83 4612 a
105 4547 242 4613 laudato
266 4544 402 4610 concilio
425 4544 626 4629 propositam
651 4565 852 4610 asseverem
876 4548 910 4610 et
933 4548 1074 4611 certam:
1099 4540 1305 4608 nihilominus
1321 4560 1392 4605 cer·

61 4635 226 4702 tissimum
250 4638 302 4700 661
324 4654 429 4716 66666
453 4634 485 4701 S.
508 4633 786 4718 congregationes
810 4654 915 4717 neque
939 4634 977 4700 R.
999 4631 1201 4709 Pontificem,
1225 4629 1287 4696 uisi
1305 4630 1392 4696 forte
