3106 5168
635 1072 707 1155 DE
736 1072 894 1157 LEGE.

100 1292 225 1358 LEGIS
242 1292 390 1370 ATQUE
406 1293 649 1360 PRAECEPTI
666 1292 852 1359 OBIECTA
869 1292 1084 1369 LEGISQUE
1099 1293 1426 1360 PROMULGATIO.

664 1457 775 1525 tosus.
803 1466 862 1534 (21)

190 1609 216 1666 1.
239 1606 399 1681 Angelica,
422 1606 621 1683 superioriesa
641 1607 824 1679 monialium,
848 1627 913 1666 cum
934 1626 987 1684 per
1008 1607 1168 1666 Concilium
1186 1608 1364 1667 Vaticanum
1385 1609 1426 1666 in·

101 1688 267 1746 lallibilitas
280 1687 363 1746 Rom.
378 1686 531 1746 Pontificis
546 1688 652 1762 dogma
667 1688 847 1747 declaratum
863 1692 951 1759 esset,
973 1688 1069 1747 noluit
1084 1707 1116 1746 se
1131 1687 1312 1759 submittere,
1335 1688 1426 1747 donec

101 1767 265 1845 episcopus,
288 1787 372 1843 quem
393 1787 425 1826 se
447 1788 500 1843 pro
521 1769 674 1843 superiore
695 1768 804 1826 babere
825 1768 909 1839 dixit,
931 1768 1195 1844 promulgationem
1217 1768 1348 1828 fecisset.

188 1860 216 1916 2.
243 1855 385 1916 Similiter
406 1857 514 1915 editum
537 1857 688 1915 decretum
711 1857 746 1914 de
767 1855 931 1932 aperitione
953 1856 1161 1927 conscientiae,
1183 1857 1258 1933 quod
1282 1859 1356 1916 bene
1376 1876 1426 1916 no·

100 1942 199 2008 verat,
228 1956 282 2014 per
302 1956 420 1995 menses
448 1937 589 2013 plurimos
618 1936 736 1995 omnino
762 1937 910 2011 neglexit,
940 1957 1004 1995 cum
1027 1936 1184 2013 episcopus
1212 1937 1426 1996 intimationem

101 2016 248 2088 differret3
273 2016 360 2075 immo
382 2017 471 2076 ctiam
493 2022 526 2076 ut
546 2016 670 2076 ulterius
693 2016 861 2074 differretur
881 2016 944 2075 eius
965 2016 1126 2094 publicatio
1147 2017 1179 2075 in
1200 2017 1263 2076 suis
1284 2017 1426 2089 domibus,

100 2117 213 2156 omnem
241 2096 369 2173 lapidem
396 2097 504 2169 movit,
532 2116 710 2174 permovens
735 2096 918 2173 episcopum,
949 2103 981 2156 ut
1002 2097 1124 2155 Romam
1153 2116 1206 2173 pro
1233 2096 1427 2174 suspensione

100 2177 211 2236 decreti
233 2182 408 2236 recurreret.

187 2268 214 2325 3.
245 2266 317 2324 Cum
345 2266 376 2324 in
404 2266 528 2325 consilio
557 2266 718 2325 domestico
748 2285 832 2324 soror
860 2265 1002 2339 quaedam
1033 2283 1100 2324 sese
1128 2271 1289 2342 opponeret
1317 2266 1426 2325 dilatae

100 2346 284 2405 exsecutioni
306 2346 533 2423 apostolicarum
555 2347 669 2422 legum,
698 2345 845 2421 Angelioa
866 2345 893 2403 ei
915 2364 952 2403 ex
974 2351 1059 2421 parte
1080 2352 1203 2405 sanctae
1225 2345 1427 2406 oboedientiae

98 2426 247 2485 silentium
277 2425 432 2502 imposuit3
463 2446 539 2502 quae
569 2446 634 2485 cum
664 2425 855 2485 nihilominus
883 2425 912 2482 in
944 2426 1030 2501 pleno
1059 2431 1208 2485 conventu
1236 2445 1296 2485 non
1325 2432 1427 2504 posset

99 2507 215 2566 omnino
237 2507 368 2581 linguam
389 2506 561 2565 muliebrem
582 2506 750 2576 continere,
772 2506 824 2565 sed
846 2506 985 2581 conqueri
1006 2512 1152 2582 pergeret,
1173 2507 1256 2565 iussa
1277 2511 1332 2578 est,
1354 2512 1426 2565 tam-

98 2605 184 2662 quam
206 2587 309 2662 gravis
330 2588 446 2662 peccati
468 2587 588 2662 eiusque
611 2587 758 2646 reservati
780 2605 846 2651 rea,
877 2605 930 2661 per
949 2605 1078 2645 mensem
1101 2606 1120 2646 a
1140 2586 1336 2645 sacramentis
1358 2592 1427 2646 eta

98 2666 363 2725 communicatione
392 2686 456 2725 cum
486 2668 607 2742 reliquis
636 2668 788 2726 sororibus
810 2667 975 2735 abstinere,
1005 2686 1057 2743 pro
1079 2686 1151 2725 casu
1173 2675 1270 2726 autem
1291 2667 1427 2743 relapsus

96 2747 144 2806 vel
164 2747 254 2805 istius
275 2747 427 2823 praecepti
447 2747 552 2806 violati
571 2747 736 2807 iniunctum
759 2753 818 2818 est,
846 2752 880 2805 ut
901 2766 917 2804 e
938 2752 1018 2804 statu
1041 2747 1237 2806 choristarum
1259 2747 1296 2805 ad
1317 2753 1428 2806 statum

97 2847 231 2887 sororum
253 2827 395 2886 laicarum
418 2828 620 2887 descenderet.

97 2946 277 3019 Qussmrun
299 2953 328 3009 1⁰
352 2970 427 3026 quae
449 2950 488 3008 sit
509 2951 557 3009 lex
580 2950 701 3027 eiusque
722 2950 894 3009 necessaria
915 2950 1120 3025 promulgatio.

296 3050 327 3104 2⁰
352 3049 429 3122 quod
458 3048 498 3106 sit
524 3048 600 3123 legis
629 3049 676 3107 vel
705 3047 856 3125 praecepti
886 3046 1049 3117 obiectum,
1079 3046 1222 3121 seuquid
1250 3052 1280 3105 et
1301 3046 1428 3123 qualiter

350 3128 482 3205 praecipi
504 3129 608 3205 possit.

296 3226 326 3283 3⁰
352 3224 420 3300 quid
442 3226 596 3284 dicendum
619 3226 657 3284 sit
679 3226 714 3283 dc
737 3224 862 3299 singulis
884 3223 1049 3299 Angelicae
1071 3223 1177 3298 agendi
1198 3223 1372 3284 rationibus.

693 3383 829 3501 Siolutio.

185 3579 517 3653 Auouuasmmul11¹
547 3579 585 3644 R.
614 3581 640 3644 l.
688 3580 757 3643 Lex
787 3599 807 3642 a
837 3579 868 3644 S.
895 3579 1046 3644 Thema
1074 3579 1143 3661 Aq.
1175 3578 1223 3661 (S.
1252 3581 1294 3646 tlr.
1330 3582 1365 3656 1,
1395 3581 1424 3654 2,
1438 3590 1472 3644 76

96 3687 126 3748 q.
149 3669 202 3745 90,
228 3686 258 3731 a.
277 3665 311 3746 4)
335 3666 504 3732 definitur:
533 3666 721 3744 ,Ordinatio
746 3667 884 3733 rationis
909 3668 950 3733 ad
974 3668 1092 3732 bonum
1119 3689 1288 3733 commune
1311 3669 1353 3733 ab
1377 3688 1425 3743 so,

96 3755 151 3838 qui
175 3776 287 3819 curam
312 3756 412 3822 habet
435 3757 692 3834 communitatis,
717 3757 959 3839 promulgata“,
991 3778 1050 3840 pro
1075 3758 1308 3823 communitate
1332 3756 1427 3822 modo

95 3844 206 3910 stabili
231 3844 354 3919 fertur3
383 3854 584 3931 pareceptum
616 3867 680 3910 non
710 3845 820 3911 stabili
851 3846 946 3911 modo
977 3867 1082 3928 neque
1113 3867 1171 3930 per
1200 3868 1236 3911 so
1266 3847 1308 3912 ad
1339 3868 1426 3911 com-

94 3934 291 3999 munitatem
314 3934 372 3999 sed
396 3935 435 4000 ad
460 3935 606 4017 singulos
631 3933 790 4016 dirigitur.
825 3934 933 4010 Quare
956 3935 1009 4000 lex
1035 3935 1260 4001 communitati
1283 3936 1426 4020 promul-

94 4029 175 4105 gata
200 4043 274 4089 esse
297 4023 410 4098 debet,
442 4028 617 4106 antequam
642 4024 789 4105 singulos
812 4024 952 4104 obliget;
983 4029 1194 4108 praeceptum
1218 4025 1358 4103 sufficit,
1390 4029 1427 4090 ut

93 4111 267 4179 intimetur
291 4113 330 4190 ei,
355 4113 407 4177 cui
431 4114 537 4179 datur.
584 4113 631 4178 ef.
661 4114 717 4178 Tb.
743 4137 783 4179 m.
809 4113 833 4191 I,
859 4116 911 4178 72.

183 4219 224 4286 R.
250 4221 280 4284 2.
325 4218 549 4301 Promulgatio
573 4218 656 4300 legis
679 4219 842 4302 positivae
866 4241 908 4284 ex
932 4224 1051 4284 natura
1075 4241 1134 4284 sua
1158 4240 1198 4285 ea
1222 4242 1293 4285 esse
1318 4220 1424 4298 debet,

93 4312 131 4374 ut
161 4309 218 4374 lex
248 4309 418 4374 moraliter
447 4307 608 4389 loquendo
639 4308 671 4371 in
703 4308 854 4373 notitiam
885 4308 1129 4374 communitatis
1159 4309 1272 4374 venire
1304 4307 1423 4391 possit;

94 4397 332 4463 determinatus
362 4396 476 4462 modus
508 4396 717 4481 asuperiorc
747 4397 880 4478 eiusque
904 4397 1075 4462 voluntate
1100 4397 1230 4481 pendet.
1277 4396 1424 4461 Promul·

92 4487 228 4570 gatione
251 4486 309 4552 illa
332 4485 423 4550 facta
446 4487 580 4568 eiusque
604 4485 846 4551 condicionibus
869 4507 889 4549 a
913 4487 1080 4569 superiore
1104 4486 1191 4550 forte
1222 4485 1341 4550 additis
1363 4485 1424 4549 im·

94 4576 201 4660 pletis,
227 4576 283 4640 lex
299 4574 408 4640 omnia
424 4574 668 4641 communitatis
691 4576 837 4640 membra
859 4575 958 4656 ligat3
987 4575 1014 4638 si
1039 4574 1111 4656 quis
1135 4595 1207 4638 eam
1231 4573 1329 4638 etiam
1354 4577 1423 4638 tum
