3106 5168
166 280 229 345 286
304 275 345 330 De
363 275 511 330 virtutibus
530 279 559 329 et
576 274 674 329 officiis
693 291 759 343 erga
778 272 907 329 homines.
928 305 960 315 -
981 273 1033 329 Off.
1053 275 1125 329 eirca
1142 274 1214 329 bona
1231 278 1353 330 externa.

165 451 308 519 naturali
338 451 528 536 parentibus
557 451 608 516 ius
637 450 764 526 inesse,
795 455 833 517 ut
861 449 923 534 ipsi
953 449 1053 515 filium
1084 449 1242 515 minorem
1264 451 1362 516 locent
1392 456 1493 534 atque

165 542 345 608 mercedem
382 545 488 608 totam
519 539 579 605 sibi
613 541 806 606 tradendam
839 540 1026 623 postulent,
1062 538 1215 621 quamdin
1248 539 1355 623 ipsum
1390 540 1492 606 filium

165 634 354 697 sustentant
376 635 476 713 atquc
499 629 684 696 instituunt.

254 737 293 802 R.
319 739 349 803 2.
393 737 514 801 Peocat
536 735 638 818 igitur
659 734 865 819 Agilulphus,
890 734 918 799 si
941 737 1068 818 partem
1092 734 1204 800 salarii
1227 735 1420 817 parentibus
1443 735 1493 800 in-

165 826 241 892 sciis
274 829 308 892 et
340 825 454 892 invitis
486 845 597 890 eorum
631 823 906 891 administrationi
937 823 1112 889 subtrahat
1143 829 1178 890 et
1209 824 1296 889 male
1327 825 1491 891 insumat:

164 916 262 981 immo
285 936 349 981 non
374 913 525 979 immunis
549 919 600 980 est
623 912 753 979 omnino
777 913 818 979 ab
841 912 1018 990 iniustitia,
1048 912 1076 976 si
1099 912 1233 978 simulat
1256 934 1292 977 se
1321 914 1397 998 plna
1427 936 1491 979 non

165 1004 330 1088 accipere,
362 1025 425 1086 quo
448 1003 583 1071 inducat
605 1008 775 1087 parentes,
800 1006 837 1068 ut
861 1002 984 1067 minore
1006 1001 1221 1068 retributione
1244 1002 1310 1068 sint
1334 1004 1491 1080 contenti,

165 1115 261 1177 quam
286 1092 349 1178 ipsi
371 1114 431 1177 pro
453 1093 520 1158 filio
544 1092 742 1176 expendunt.
759 1124 803 1134 -
819 1090 853 1156 Si
868 1111 948 1156 vero
971 1095 1125 1174 parentes
1148 1090 1180 1155 id
1199 1091 1310 1159 sciunt
1331 1098 1366 1159 et
1381 1093 1490 1169 silent,

164 1182 283 1249 iniuste
306 1203 371 1248 non
394 1181 474 1265 agit,
499 1182 567 1256 sed,
591 1181 619 1247 si
643 1181 719 1263 quid
742 1184 866 1264 peccat,
891 1184 1008 1264 peccat
1029 1180 1100 1245 sola
1123 1180 1357 1264 prodigalitate
1374 1202 1417 1247 ex
1433 1203 1491 1247 ex-

164 1293 257 1338 cessu
281 1271 314 1336 in
338 1271 500 1356 expensis.

253 1378 293 1444 lt.
318 1380 349 1444 3.
384 1375 511 1443 Clarius
535 1375 634 1443 etiam
657 1379 709 1442 est
733 1374 960 1458 Gundolphum
985 1395 1121 1459 peecare
1145 1375 1302 1458 pecuniae
1325 1376 1490 1443 notabilis.

164 1488 261 1551 quam
292 1465 483 1552 parentibus
506 1464 798 1532 administrandam
828 1464 907 1530 dare
931 1463 1056 1541 debuit,
1087 1464 1320 1530 subtractione.
1367 1465 1490 1530 Verum

163 1562 319 1640 parentes
343 1556 496 1621 videntur
518 1555 572 1620 vel
596 1575 637 1620 ex
661 1575 700 1619 ea
723 1558 835 1637 parte,
860 1574 957 1635 quam
980 1553 1066 1617 filius
1088 1553 1204 1630 tradit,
1230 1553 1300 1619 eius
1323 1558 1490 1620 sustenta·

162 1645 245 1713 tioni
276 1645 448 1728 providere
480 1664 593 1727 posse,
626 1643 678 1709 vel
709 1642 849 1709 libentes
879 1642 1037 1724 reliquam
1067 1647 1196 1725 partem
1227 1643 1423 1712 condonare.
1447 1677 1491 1686 —

164 1733 271 1811 Quare
295 1734 323 1798 si
353 1739 480 1818 partem
504 1735 667 1800 retentam
697 1732 795 1816 plane
818 1730 944 1799 utiliter
966 1731 1125 1815 impendit
1148 1732 1201 1796 vel
1224 1733 1389 1814 parcendo
1414 1754 1490 1798 oon·

164 1828 287 1901 servat,
311 1844 375 1888 non
398 1822 535 1888 dixerim
560 1842 634 1887 eum
656 1841 795 1905 peccare
817 1821 974 1903 graviter.

103 1960 155 2015 562
253 1946 305 2011 Ao
327 1966 518 2022 eunusrruu
535 1949 574 2011 3¹¹¹
590 1946 629 2011 R.
649 1949 677 2012 l.
705 1944 893 2011 Generatim
909 1943 1124 2009 insistendum
1140 1948 1201 2022 est,
1224 1950 1261 2011 ut
1276 1944 1334 2009 filii
1349 1945 1490 2010 minores

163 2039 269 2103 totam
293 2036 476 2101 mercedem
500 2035 692 2118 perentibus
715 2033 863 2100 referant
886 2038 985 2116 atque
1008 2034 1154 2099 trudant.

253 2141 291 2208 R.
309 2144 339 2208 2.
372 2142 405 2208 Si
422 2163 500 2207 vero
523 2141 609 2207 filius
625 2141 745 2207 viderit
768 2141 801 2205 id
824 2139 886 2206 sibi
905 2140 1022 2205 damno
1046 2139 1127 2215 fore,
1152 2160 1190 2204 eo
1215 2139 1299 2222 quod
1324 2145 1488 2225 parentes

164 2230 226 2298 etsi
250 2253 314 2297 non
338 2231 523 2313 indigeant,
552 2251 592 2296 ex
616 2230 736 2295 salario
760 2229 817 2294 filii
841 2251 898 2314 pro
923 2251 983 2293 sua
1006 2228 1195 2295 condicione
1218 2228 1340 2295 lautius
1364 2230 1489 2302 vivant,

164 2341 227 2385 non
251 2326 461 2386 reservantes
484 2321 610 2385 lucrum
633 2320 831 2402 superfluum
855 2340 914 2403 pro
938 2318 1020 2384 filio:
1044 2318 1130 2383 filius
1146 2340 1211 2384 non
1233 2323 1359 2401 peccat,
1384 2320 1412 2383 si
1428 2320 1488 2384 sibi

163 2414 341 2494 praecavet
368 2414 403 2476 et
424 2410 494 2493 ipse
524 2408 636 2475 salarii
666 2429 837 2474 excessum
868 2407 1004 2487 retinet,
1034 2413 1209 2492 postquam
1239 2408 1322 2474 satia
1351 2409 1489 2474 solverit

163 2519 222 2582 pro
246 2520 306 2564 sua
329 2496 580 2565 sustentatione.

253 2604 291 2671 R.
317 2607 347 2671 3.
394 2605 496 2669 Immo
526 2605 555 2670 si
584 2604 669 2669 filius
699 2603 782 2670 satis
812 2604 961 2669 lucratur
989 2606 1089 2684 atque
1118 2601 1237 2668 modici
1264 2602 1341 2684 quid
1365 2624 1487 2687 expen-

164 2694 242 2759 dere
265 2695 337 2761 vult
367 2693 621 2759 recreationibus
651 2693 811 2770 honestis,
843 2695 998 2775 parentes
1022 2712 1099 2756 vero
1123 2691 1219 2756 nimis
1241 2692 1332 2775 parci
1355 2697 1434 2759 sunt
1456 2694 1487 2757 in

164 2783 385 2860 concedendo,
416 2787 551 2867 peccato
579 2783 663 2848 verti
695 2804 758 2847 non
789 2786 899 2864 potest
929 2780 1012 2857 filio,
1043 2780 1070 2845 si
1101 2781 1218 2846 modici
1249 2781 1326 2862 quid
1356 2783 1485 2849 retinet.

163 2873 285 2938 Verum
316 2872 397 2938 haec
420 2872 619 2937 confessario
644 2893 758 2936 norma
782 2871 825 2937 sit
848 2869 956 2955 potius
980 2874 1055 2953 post
1077 2870 1219 2945 fautum,
1251 2891 1347 2952 quam
1372 2877 1486 2945 antea;

70 3029 73 3035 ,
163 2961 295 3045 expedit
319 2963 404 3026 enim
427 2963 489 3027 hac
513 2962 545 3025 in
569 2982 604 3025 re
620 2961 729 3045 potius
753 2961 949 3025 severiorem
966 2980 1064 3040 quam
1084 2959 1243 3024 laxiorem
1267 2980 1349 3036 esse,
1375 2982 1416 3025 ne
1440 2962 1486 3025 iu·

162 3051 260 3116 venili
284 3051 414 3118 levitati
436 3050 583 3116 habenae
607 3052 770 3117 laxentur.

408 3297 466 3360 DE
491 3294 680 3361 DOMINIO
705 3294 918 3359 FILlORUlll
942 3293 1147 3358 FAMILIAS
1173 3292 1241 3374 (l).

698 3460 830 3527 tusus,
857 3468 934 3536 (167)

252 3603 341 3662 Patre
362 3607 546 3672 senescente,
569 3602 692 3661 Carolus
713 3602 792 3661 filius
813 3622 866 3679 per
884 3601 1049 3678 complures
1071 3620 1164 3659 annos
1180 3600 1295 3659 nomine
1309 3601 1405 3677 patris
1419 3620 1487 3674 ncg·

163 3683 222 3743 otio
251 3694 389 3759 praeerat
417 3691 505 3758 utque
527 3683 680 3758 diligentia
708 3690 738 3742 et
766 3683 912 3741 industria
932 3684 1010 3741 bonu
1031 3681 1161 3740 familiae
1188 3701 1247 3740 non
1269 3701 1372 3757 parum
1395 3682 1486 3739 auxit.

163 3765 280 3821 Mortuo
308 3770 393 3840 patre
422 3764 486 3821 sine
514 3769 709 3833 testamento,
745 3762 867 3822 Carolus
895 3761 1062 3839 praetendit
1090 3762 1146 3820 sibi
1174 3761 1240 3838 plus
1269 3761 1369 3820 deberi
1400 3781 1486 3837 quum

61 3855 63 3859 ’
163 3843 305 3901 fratribus
327 3849 356 3902 et
377 3843 527 3901 sororibus
550 3844 719 3911 minoribus,
743 3843 801 3918 qui,
827 3843 933 3901 nedum
956 3842 1101 3911 auxerint,
1127 3843 1178 3899 sed
1200 3841 1365 3917 sumptibus
1387 3848 1417 3900 et
1439 3861 1487 3900 ex·

163 3924 263 4000 pensis
286 3925 347 3982 suis
369 3924 556 3981 diminuerint
576 3926 654 3982 bona
676 3930 807 3999 paterna.
850 3923 914 3981 Illis
935 3922 1103 3981 nolentibus
1125 3922 1257 3990 Carolus
1284 3942 1348 3980 oum
1371 3923 1487 3998 publice

163 4010 194 4063 at
215 4024 313 4062 coram
334 4005 399 4079 lege
421 4024 479 4062 non
501 4005 605 4081 possit,
628 4004 703 4061 clam
725 4004 837 4078 aliquot
857 4004 938 4062 milia
959 4023 1123 4061 marcarum
1146 4003 1201 4060 sibi
1222 4002 1339 4061 retinet.

164 4119 340 4190 Quaerimus
356 4121 384 4175 1ο
403 4119 583 4176 ‹lebeaturne
597 4118 666 4176 filiis
682 4138 734 4194 pro
749 4119 849 4177 labore
864 4117 894 4175 in
905 4119 990 4175 ‹lonro
1006 4123 1035 4174 et
1051 4117 1168 4191 negotio
1183 4123 1307 4192 paterno
1322 4116 1486 4175 retributio.

356 4219 385 4274 2⁰
405 4217 471 4292 quid
494 4217 530 4274 de
552 4217 658 4291 agendi
679 4217 794 4274 ratione
816 4216 913 4274 Caroli
935 4221 1004 4292 post
1025 4215 1119 4289 patris
1141 4221 1272 4273 mortem.

757 4406 890 4473 Salutio.

103 4570 154 4623 563
252 4550 304 4614 An
328 4571 518 4626 ouansrruu
539 4555 574 4614 1ΠΙ
593 4550 631 4615 R.
652 4553 679 4616 1.
713 4548 871 4626 Quamdiu
895 4548 980 4613 filius
1003 4547 1109 4612 minor
1132 4552 1184 4612 est
1207 4551 1241 4611 et
1264 4548 1324 4611 sub
1347 4551 1486 4630 paterna

162 4643 339 4723 potestate,
364 4641 460 4705 debet
483 4640 659 4705 secundum
682 4644 856 4723 parentum
872 4639 1074 4703 voluntatem
1091 4641 1125 4702 et
1140 4640 1264 4702 statum
1287 4658 1346 4719 pro
1364 4636 1487 4701 viribus
