3106 5168
180 302 247 368 480
319 290 1370 365 mnmutmeottutcrgstoninos-eoasncstmm

181 472 308 541 oriatur
336 470 493 556 obligatio
522 469 742 539 conscientiae
766 470 869 537 filiurn
898 470 1052 555 legaliter
1072 471 1283 555 agnoscendi.
1330 470 1398 539 Sed
1424 470 1503 540 haec

181 565 279 629 erunt
301 582 362 647 per
383 560 544 629 condens.

119 687 173 743 945
270 676 323 742 An
345 694 537 753 onfflrrurr
560 677 600 741 2·
622 674 662 742 R.
688 676 718 741 1.
763 672 881 739 Filium
903 672 1093 757 religiosum
1115 673 1241 743 actum
1262 695 1338 743 esse
1365 696 1434 742 non
1455 679 1505 742 est

119 4492 171 4547 946

179 764 283 844 ratio,
313 786 372 831 cur
393 768 550 851 parentes
572 783 647 830 enm
669 761 875 829 successione
896 762 1046 847 privent,
1075 762 1105 831 si
1132 763 1266 849 religio,
1298 784 1401 849 quam
1421 765 1505 831 lilius

179 852 474 1027 Ν
489 850 1504 1028 „t'ntmntrua

386 992 395 1021 l
1063 990 1072 1021 9

180 1037 219 1099 ut
240 1031 360 1099 saltem
383 1031 491 1117 portio
513 1030 663 1115 legitima
684 1029 746 1095 sibi
768 1028 925 1095 obveniat
952 1028 1099 1114 integra,
1129 1030 1228 1114 idque
1256 1036 1376 1099 eontra
1402 1036 1505 1099 testa·

180 1124 326 1188 mentum
350 1123 385 1188 et
407 1124 524 1187 contra
546 1119 629 1186 alios
650 1118 799 1185 heredes.

269 1208 430 1278 Parentes
444 1228 524 1274 vero
547 1228 612 1275 non
634 1208 741 1273 solum
762 1210 902 1291 peccant
923 1212 1040 1275 contra
1061 1207 1120 1274 lilii
1142 1206 1239 1275 ιιιιίιιιι
1261 1211 1349 1288 iuro,
1373 1208 1404 1275 si
1426 1208 1505 1293 legi·

181 1298 295 1366 timeon
317 1302 446 1384 partem
469 1297 621 1373 laedunt,
650 1296 709 1362 sed
733 1296 832 1363 etiarn
855 1296 1059 1395 partialitate
1087 1302 1226 1381 peceant
1255 1298 1331 1382 plus
1356 1298 1505 1365 minusve

181 1387 345 1471 mutar,
375 1386 497 1453 sisino
519 1385 673 1469 graviore
695 1404 796 1451 causa
818 1385 885 1451 lilio
906 1384 1060 1469 religioso
1082 1386 1173 1453 hoto
1196 1386 1301 1453 solam
1324 1386 1504 1471 legitimam

181 1477 375 1562 portionem,
399 1474 473 1541 aliis
494 1474 592 1559 longe
614 1473 805 1560 ampliorem
827 1472 1024 1557 relinquunt

269 1582 310 1649 a.
334 1584 365 1649 2.
412 1580 446 1647 Si
474 1584 611 1665 propter
639 1579 829 1664 religionem
859 1583 1062 1666 assumptam
1090 1580 1177 1647 filius
1205 1580 1353 1649 evaserit
1375 1580 1504 1649 dominii

181 1672 339 1755 incapax,
369 1669 442 1737 iura
464 1670 535 1735 eius
556 1668 739 1753 generatim
761 1669 836 1752 lege
858 1670 1015 1736 canonica
1036 1673 1211 1737 transeunt
1238 1670 1274 1737 in
1295 1670 1503 1755 religonorm

182 1765 283 1843 atque
304 1760 339 1825 in
362 1758 564 1825 conscientia
587 1758 656 1824 eius
678 1759 751 1825 iura
774 1759 937 1826 servanda
959 1763 1038 1827 sunt
1060 1758 1288 1845 aparentibus
1312 1760 1432 1828 aliisve
1453 1780 1504 1827 co·

182 1847 303 1933 gnatis.
348 1848 394 1915 Et
422 1868 459 1913 re
488 1866 585 1926 vera,
615 1846 644 1913 si
673 1847 779 1913 civilis
807 1847 863 1913 lex
890 1846 974 1915 haec
999 1868 1065 1913 non
1087 1848 1279 1932 agnoverit,
1308 1848 1342 1916 id
1373 1848 1410 1915 in
1431 1870 1504 1916 con·

182 1936 341 2004 scientiae
362 1936 436 2003 foro
459 1935 538 2001 nihil
560 1939 684 2015 mutat;
713 1936 811 2021 idque
840 1957 880 2003 eo
908 1936 1031 2015 minus,
1062 1936 1148 2020 quod
1176 1937 1211 2004 in
1233 1936 1297 2003 hoe
1319 1958 1401 2005 casu
1423 1938 1504 2005 filins

182 2024 356 2110 religiosus
378 2024 520 2093 civiliter
541 2044 607 2091 non
630 2025 675 2093 sit
696 2024 837 2109 incapax
858 2023 1055 2109 possidendi.

271 2114 306 2183 Si
323 2134 404 2181 vero
425 2134 492 2180 non
513 2114 600 2180 filius
622 2117 753 2181 tantum
767 2114 901 2181 dominii
923 2114 1065 2199 incapax
1086 2114 1204 2192 evasit,
1227 2114 1285 2181 sed
1310 2114 1414 2185 etiarn
1436 2114 1504 2201 ipsa

181 2204 297 2289 religio
314 2203 386 2271 iure
400 2202 624 2271 ecclesiastico
647 2224 711 2269 non
727 2208 781 2271 est
802 2203 874 2270 loco
889 2202 1034 2287 religiosi
1055 2202 1271 2271 successionis
1286 2202 1504 2273 hereditariae

183 2315 305 2380 capax:
328 2314 434 2376 noque
448 2291 508 2359 filii
522 2312 628 2375 neque
643 2290 811 2375 religionis
825 2291 898 2359 iura
912 2292 1088 2360 laeduntur
1101 2313 1161 2377 per
1175 2292 1244 2361 tale
1257 2296 1503 2375 testamentum.

183 2384 280 2468 quale
301 2382 337 2448 in
351 2402 430 2448 casu
453 2384 568 2447 nostro
590 2380 792 2466 proponitur.
810 2420 853 2429 -
870 2383 1025 2467 Aequitas
1039 2380 1169 2465 quidem
1191 2382 1351 2467 postulat,
1375 2388 1415 2451 ut
1436 2382 1503 2449 loco

182 2471 241 2537 filii
262 2470 412 2555 religioni
434 2470 467 2536 id
490 2468 594 2554 legati
608 2470 663 2536 vel
684 2470 912 2554 eleemosynae
933 2470 1064 2537 nomine
1078 2470 1289 2552 attribuatur,
1313 2471 1404 2555 quod
1426 2470 1505 2537 alias

183 2560 249 2626 filio
264 2559 383 2626 fuisset
404 2558 668 2642 relinquendum
691 2559 838 2645 obligatio
860 2564 970 2627 autom
992 2579 1092 2626 sensu
1113 2579 1193 2627 vero
1215 2559 1286 2645 peti
1308 2582 1376 2628 non
1398 2563 1505 2647 potest

183 2648 246 2715 nisi
269 2670 312 2716 ex
333 2646 515 2731 indigentia
535 2646 624 2713 illius
645 2647 813 2731 religionis
830 2668 889 2714 seu
904 2648 1096 2715 monasterii
1118 2652 1153 2715 et
1174 2668 1218 2716 ex
1240 2648 1378 2734 pietutis
1399 2648 1503 2716 officio

185 2758 265 2820 erga
287 2736 389 2803 lilium
410 2736 444 2802 in
468 2740 619 2818 egestate
641 2736 698 2803 illa
720 2737 772 2803 sui
794 2737 915 2803 ordinis
939 2736 1216 2822 comprehensum.

305 2971 516 3039 COLLATIO
539 2971 739 3039 PRIORUM
762 2971 1061 3039 EXPENSORUM
1083 2971 1131 3037 IN
1155 2971 1386 3040 DIVISIONE

689 3069 995 3137 HEREDITATIS.

737 3228 847 3294 Casus.
876 3234 952 3303 (292)

271 3374 454 3434 Theodosius
475 3373 614 3450 relinquit
633 3377 703 3450 post
723 3393 756 3433 se
777 3379 839 3433 tres
859 3373 936 3433 filios
957 3378 988 3433 et
1001 3373 1075 3433 duas
1095 3373 1180 3435 filias.
1216 3372 1330 3444 Quibus
1350 3377 1432 3436 bona
1452 3394 1502 3435 sna

182 3453 226 3513 sic
240 3454 346 3514 dividit
365 3459 650 3532 petasunculum,
672 3458 714 3526 ut,
736 3454 879 3513 detractis
895 3453 1003 3529 legatis
1018 3455 1096 3514 2000
1110 3474 1164 3515 mc.
1185 3474 1240 3531 pro
1253 3455 1375 3516 famulis
1396 3456 1502 3516 oansis·

182 3554 238 3609 que
265 3536 338 3611 piis,
366 3535 427 3594 filio
454 3534 560 3593 minori
587 3533 790 3611 praelegatum
818 3536 897 3594 3000
918 3553 973 3595 me.
994 3534 1142 3609 assignet,
1172 3554 1206 3595 eo
1227 3535 1304 3611 quod
1332 3536 1364 3595 in
1391 3536 1502 3615 priores

181 3613 258 3705 lilios
285 3615 446 3707 studiorunr
474 3633 565 3673 causa
593 3613 682 3706 etiam
709 3614 776 3708 plus
804 3614 934 3707 (circiter
955 3616 1033 3674 4000
1054 3615 1102 3673 rel
1124 3615 1276 3708 500llpro
1297 3614 1439 3709 singulis)
1465 3617 1502 3677 sit

181 3694 952 3850 tltlt'till¹{tgtltllttlimittit:
970 3694 1351 3853 ttttllwtlttltl*
1367 3695 1449 3837 siit
1462 3696 1500 3835 it

180 3854 263 3912 laeso
284 3854 347 3912 iure
368 3874 422 3913 suo
444 3860 612 3929 queruntur.

181 3956 358 4028 Qusnnrnun
379 3961 408 4017 1ο
434 3960 574 4034 quomodo
595 3962 673 4018 bona
695 3965 782 4018 antea
797 3960 867 4019 data
881 3961 928 4018 vol
952 3960 1093 4036 impensa,
1112 3960 1279 4020 hereditate
1300 3967 1417 4039 aperta,
1438 3982 1498 4022 con·

434 4040 555 4097 ferenda
576 4041 625 4098 vel
646 4041 842 4115 computanda
864 4040 931 4100 sint.

380 4129 410 4186 2ο
435 4134 532 4186 utrum
553 4128 736 4188 Theodosius
756 4129 834 4188 iuste
856 4131 950 4205 egerit
970 4149 1009 4188 an
1030 4129 1108 4188 filiae
1128 4130 1192 4189 iure
1214 4137 1442 4206 conquerantur.

773 4329 909 4399 Solutio.

269 4470 322 4535 An
349 4492 540 4546 ooausrnunr
567 4475 602 4536 1¹⁰
633 4471 672 4537 R.
700 4474 728 4537 1.
781 4471 860 4536 Cum
889 4479 1043 4556 parentes
1073 4494 1184 4537 eorum
1215 4495 1300 4556 quae
1332 4478 1496 4560 acquirunt

181 4558 301 4624 domini
324 4560 400 4635 sint,
424 4564 561 4643 possunt
584 4581 643 4643 per
666 4582 700 4625 se
725 4583 764 4625 ea
786 4561 819 4625 in
844 4562 1020 4629 utilitatem
1043 4563 1137 4627 unius
1160 4562 1218 4627 filii
1242 4585 1324 4646 prae
1348 4567 1421 4632 aliis
1443 4566 1496 4630 irn-

180 4649 322 4730 pendere
344 4668 450 4730 neque
473 4649 662 4732 cuiusquam
686 4650 759 4715 iura
781 4651 924 4717 laedunt.
