3106 5168
380 292 486 361 Regula
499 297 647 362 proxima:
667 292 840 348 conscientia.
860 322 892 332 -
913 292 942 347 C.
961 294 1129 365 scrupulosa.
1377 296 1419 361 29

93 469 242 553 putavit,
275 489 333 534 eas
356 469 540 535 voluntarie
563 469 718 536 omittens
741 468 921 535 subiective
944 468 1111 553 peccavit,
1144 468 1203 534 sed
1225 489 1285 552 pro
1308 468 1419 535 futuro

93 558 300 625 dedocendus
317 560 378 625 est.
413 557 529 640 Neque
552 560 824 643 praesumendum
849 562 909 636 est,
933 558 995 623 hoc
1018 579 1077 642 pro
1101 557 1195 640 gravi
1219 562 1354 642 peccato
1378 559 1418 624 ab

94 648 240 714 Ausonio
263 647 410 714 habitum
435 667 516 716 esse.

452 854 741 922 consulensis
770 853 1061 922 SCRUPULOSA.

657 1011 767 1077 casus.
796 1019 854 1086 (17)

181 1153 289 1211 Flavia
309 1151 367 1211 iam
388 1152 508 1228 saepius
530 1151 745 1211 confessionem
769 1151 935 1227 generalem
963 1149 1108 1221 instituit,
1137 1151 1190 1209 aad
1218 1150 1418 1211 conscientiae

94 1250 196 1309 pacem
224 1251 283 1290 uon
311 1231 408 1309 potuit
429 1231 584 1308 consequi,
612 1232 768 1290 multorum
796 1237 983 1308 peccatorum
1005 1230 1062 1289 sibi
1083 1231 1200 1289 videtur
1221 1250 1287 1290 esse
1309 1232 1417 1301 oblita;

94 1333 183 1389 quare
204 1317 300 1371 totum
320 1313 449 1371 libellum
472 1312 658 1388 conscripsit.
681 1331 789 1388 exque
810 1330 888 1370 nuno
903 1312 997 1370 denuo
1019 1311 1186 1386 generalem
1202 1312 1416 1371 consessionem

94 1394 193 1452 facere
214 1393 288 1463 vult,
310 1392 414 1468 gravia
436 1411 501 1451 cum
522 1392 647 1463 levibus,
670 1398 751 1451 certa
773 1411 838 1451 euni
859 1392 982 1450 incertis
1003 1391 1192 1467 permiscens.

182 1472 408 1531 Teutationibus
430 1477 534 1531 contra
556 1473 735 1543 castitatem,
757 1478 860 1531 contra
881 1472 966 1531 fidem
989 1478 1019 1530 et
1040 1471 1193 1531 caritatem
1215 1470 1335 1529 multum
1358 1471 1418 1548 agi·

94 1557 189 1624 tatur,
219 1557 307 1628 atque
328 1572 387 1611 non
408 1571 477 1611 raro
498 1572 531 1611 se
552 1552 740 1612 consensisse
761 1558 861 1628 putat,
891 1571 957 1611 cum
978 1571 1036 1611 non
1058 1552 1122 1610 siue
1143 1551 1250 1627 gaudio
1272 1551 1417 1628 animique

94 1633 300 1692 satisfactione
321 1634 386 1692 sive
404 1633 513 1709 turpia,
534 1632 598 1691 sive
619 1633 786 1707 irreligiosa
808 1639 838 1691 et
856 1634 921 1691 Deo
943 1631 1093 1691 contraria
1113 1637 1211 1690 mente
1232 1633 1374 1693 volveret.

181 1713 279 1772 Etiam
306 1712 479 1790 saepissime
509 1732 574 1772 curu
602 1732 691 1788 agere
713 1714 760 1771 vel
781 1713 860 1787 loqui
881 1713 960 1784 vult,
989 1712 1087 1771 subito
1108 1712 1236 1772 occurrit
1261 1713 1349 1772 timor
1370 1714 1418 1772 vel

93 1793 231 1852 iudicium
253 1793 383 1870 peccati,
413 1812 506 1869 neque
527 1799 627 1852 tamen
649 1793 748 1852 omisit
769 1812 857 1868 agere
880 1799 910 1851 et
931 1793 1025 1867 loqui,
1053 1794 1128 1868 quod
1153 1793 1331 1870 prohibitum
1353 1812 1418 1853 oen·

95 1876 193 1945 sobat;
223 1873 338 1951 quaudo
360 1873 441 1932 videt
464 1874 509 1932 vel
537 1873 620 1932 audit
641 1873 763 1932 aliorum
786 1880 870 1943 acta,
899 1873 990 1932 sentit
1011 1893 1043 1931 se
1065 1873 1226 1948 obligatam
1247 1873 1284 1932 ad
1306 1892 1418 1934 correc-

94 1954 201 2013 tionem
223 1954 394 2023 fraternam,
417 1959 448 2012 at
469 1973 527 2012 non
549 1953 638 2012 audet
659 1953 767 2029 aliquid
789 1953 894 2012 dicere.

94 2058 269 2131 Quaerimus
292 2062 320 2117 1⁰
345 2058 413 2135 quid
435 2059 475 2117 sit
496 2058 651 2134 scrupulus
673 2062 703 2116 et
724 2056 908 2117 conscientia
929 2059 1110 2134 scrupulosa.

289 2148 320 2206 2ο
345 2167 489 2224 quaenam
510 2147 632 2222 regulae
653 2146 713 2205 sint
733 2166 786 2223 pro
807 2147 997 2223 scrupulosis.

291 2237 321 2296 3⁰
346 2237 414 2312 quid
436 2237 471 2295 de
492 2235 598 2294 Flavia
618 2235 805 2295 iudicandum
828 2236 934 2312 quidve
956 2236 982 2294 ei
1004 2235 1222 2311 iniungendum.

687 2421 823 2489 Solutio.

179 2566 233 2631 Ao
256 2585 448 2643 quasmuuu
475 2568 511 2628 1¹²¹
535 2565 573 2629 R.
600 2569 627 2630 1.
675 2564 854 2648 Scrupulus
886 2567 938 2629 est
970 2563 1185 2647 apprehensio
1218 2564 1344 2648 peceati
1376 2583 1452 2635 exal

93 2655 177 2721 inani
210 2659 244 2722 et
274 2654 360 2719 futili
390 2653 528 2719 ratione.
576 2653 782 2718 Conscientia
805 2654 997 2736 scrupulosa
1025 2654 1156 2736 proprie
1179 2653 1267 2718 dicta
1297 2658 1349 2719 est
1378 2676 1418 2721 ea

93 2745 268 2810 habitualis
291 2743 390 2808 animi
409 2742 564 2820 condicio,
590 2763 656 2824 qua
679 2742 842 2808 dictamen
862 2742 1042 2826 practicam
1062 2742 1219 2807 eiusmodi
1235 2744 1417 2827 apprehen·

93 2833 236 2899 sionibus
259 2832 437 2897 involvitur
460 2833 514 2896 vel
536 2832 728 2915 impeditur·;
757 2831 875 2897 dicitur
899 2852 977 2913 ergo
1002 2831 1042 2896 de
1065 2831 1264 2898 conscientia
1287 2832 1417 2916 propria

94 2927 125 2989 et
148 2923 380 2996 antecedente;
405 2921 510 2987 afficit
533 2941 612 2985 vero
636 2942 701 2986 uon
724 2941 853 3004 semper
876 2920 1062 2986 universam
1088 2921 1329 2998 conscientiam,
1359 2922 1416 2987 sed

94 3033 190 3097 saepe
223 3016 346 3076 certam
382 3015 511 3077 tantum
546 3010 716 3074 materiam
751 3009 1011 3093 comprehendit,
1044 3030 1075 3077 v.
1104 3030 1135 3090 g.
1170 3010 1415 3087 confessionem,

94 3107 200 3167 certas
224 3100 380 3183 quasdam
404 3099 614 3177 tentationes,
638 3098 747 3164 officia
770 3099 930 3181 quaedam
954 3099 1006 3162 vel
1030 3097 1246 3180 obligationes
1272 3120 1336 3164 nou
1359 3100 1417 3165 ob·

93 3190 172 3256 vias.
221 3190 365 3255 Pessime
388 3190 580 3272 scrupulosa
612 3209 651 3253 ea
681 3191 733 3253 est
756 3188 964 3262 conscientia,
989 3208 1072 3269 quae
1102 3187 1354 3269 inquibuslibet
1384 3195 1418 3255 et

94 3279 196 3344 obviis
230 3279 411 3345 actionibus
445 3278 593 3344 futilibus
628 3276 785 3342 eiusmodi
819 3276 1129 3360 apprehensionibus
1164 3276 1337 3343 detinetur.
1372 3316 1417 3324 —

92 3368 204 3435 Latius
228 3372 359 3452 sumpta
382 3368 573 3451 scrupulosa
597 3365 796 3432 conscientia
819 3367 873 3430 vel
904 3366 1074 3449 scrupulus
1099 3365 1217 3431 dicitur
1247 3366 1346 3433 etiam
1376 3367 1417 3432 de

94 3458 292 3524 conscientia
315 3462 544 3538 consequente,
569 3477 653 3538 quae
677 3476 719 3520 ex
742 3456 806 3520 levi
831 3455 958 3522 ratione
981 3476 1046 3520 non
1069 3454 1207 3521 fundata
1229 3459 1326 3539 putat
1342 3477 1417 3540 pec-

93 3552 199 3613 catum
224 3547 277 3612 vel
300 3546 435 3628 gravius
458 3549 629 3629 peccatum
652 3565 688 3609 re
712 3544 784 3628 ipsa
807 3543 1013 3610 commissum
1037 3565 1119 3612 esse.

180 3653 219 3718 R.
245 3656 275 3720 2.
322 3652 470 3736 Scrupuli
501 3650 718 3716 conscientiae
749 3649 977 3732 consequentis
1005 3650 1135 3715 molesti
1168 3670 1240 3716 esse
1268 3655 1416 3735 possunt,

93 3742 164 3820 sed,
197 3748 234 3808 ut
263 3746 372 3825 patet,
402 3747 568 3823 nequeunt
591 3744 760 3823 peccatum
785 3739 930 3813 efficere;
965 3760 985 3804 a
1008 3739 1218 3821 consequenti
1242 3740 1416 3808 dictamine

76 3831 175 3896 'enim
200 3836 369 3914 peccatum
394 3851 459 3894 non
481 3831 611 3912 pendet.
647 3828 762 3910 Neque
780 3829 924 3912 scrupuli
939 3828 1164 3895 antecedentis
1188 3830 1415 3904 conscientiae,

93 3919 244 4002 quamdiu
276 3924 410 3985 manent
439 3919 518 3983 meri
548 3917 707 4001 scrupuli,
739 3922 877 3983 causant
906 3922 1093 4002 peccatum;
1123 3922 1262 4002 possunt
1290 3918 1414 4003 peceat'

93 4030 190 4076 causa
221 4010 272 4074 vel
303 4030 385 4074 ansa
415 4008 571 4085 evadere,
605 4008 632 4072 si
663 4012 837 4074 transeunt
866 4007 928 4073 hae
957 4007 1062 4073 falsae
1085 4007 1360 4090 apprehensiones
1383 4008 1415 4072 in

91 4098 217 4164 iudicia.
265 4099 335 4163 Hoc
359 4119 438 4181 ergo
462 4097 592 4162 omnino
616 4097 795 4162 cavendum
821 4101 881 4162 est.

179 4205 218 4270 R.
244 4207 273 4268 3.
327 4202 412 4267 Hinc
447 4207 498 4267 est
532 4201 618 4284 quod
650 4202 792 4285 scrupuli
825 4200 1007 4268 transitorii
1039 4222 1144 4284 neque
1179 4201 1232 4266 diu
1268 4201 1452 4269 duraturial

92 4293 234 4359 animum
263 4312 404 4375 purgare
434 4291 561 4375 possint
590 4312 610 4356 a
640 4290 763 4356 leviore
793 4291 891 4356 etiam
922 4295 1057 4374 peccato
1088 4290 1221 4372 eiusque
1248 4290 1413 4355 horrorem

93 4403 229 4464 augere:
253 4381 287 4446 in
309 4401 405 4462 quem
429 4381 525 4445 finem
550 4402 613 4445 uon
637 4401 712 4445 raro
736 4380 970 4463 permittuntur
993 4401 1013 4445 a
1036 4380 1115 4446 Deo.
1160 4380 1223 4445 Per
1245 4400 1281 4444 se
1303 4384 1413 4445 tamen

92 4472 185 4537 homo
215 4471 286 4554 ipse
315 4491 371 4534 eos
400 4469 593 4553 impugnare
617 4469 723 4546 debet,
757 4490 828 4535 cum
858 4490 918 4553 per
947 4489 982 4534 se
1013 4468 1090 4533 mali
1117 4469 1184 4534 sint
1207 4487 1414 4548 erroremque

93 4562 289 4636 contineant,
314 4559 437 4626 directe
469 4580 528 4642 pro
558 4563 691 4624 auctore
721 4557 865 4625 habeant
889 4557 1040 4624 vitiosam
1064 4557 1239 4623 humanam
1262 4559 1413 4621 naturam

93 4654 125 4716 et
147 4649 322 4727 diabolum,
353 4650 458 4713 Deum
482 4669 540 4731 pro
564 4652 698 4714 auctore
721 4668 882 4713 summum
905 4646 1074 4714 indirecto.
1121 4646 1228 4728 Magis
1251 4644 1350 4710 etiam
1375 4665 1414 4710 ea
