3106 5168
374 294 527 351 Translatio
545 295 595 349 iur.
614 313 640 365 p.
660 298 815 349 contractus
832 323 868 332 —
886 297 1073 363 monopolium.
1317 299 1381 363 451

152 470 191 536 R.
217 474 246 536 2.
294 470 397 535 Immo
427 492 468 536 ne
499 470 717 536 neceesarium
747 471 877 553 quidem
907 475 974 548 est,
1006 471 1047 536 ad
1081 475 1241 538 mutatam
1273 473 1384 538 condi·

60 558 188 624 cionem
212 559 388 624 hodiernae
404 559 594 626 licitationis
611 559 803 642 confugere:
828 581 904 626 nam
920 559 1086 625 Possidius
1101 560 1135 624 in
1158 582 1235 626 casu
1259 561 1384 645 specie·

59 652 159 713 tenus
182 652 312 715 tantum
336 657 443 734 sponte
466 671 527 714 auo
550 649 763 714 licitationem
787 649 947 724 instituit;
983 649 1106 733 reipsa
1122 650 1230 734 potius
1254 650 1383 732 cogitur

61 737 104 802 ad
129 758 202 803 eam
225 737 478 810 instituendam
503 759 605 821 quare
628 737 751 821 optimo
774 738 845 803 iure
868 738 968 804 etiam
992 738 1063 822 ipse
1087 760 1194 804 emere
1218 743 1338 823 potest.

152 843 192 910 R.
216 845 247 909 3.
294 842 409 924 Neque
433 843 501 908 ulla
523 842 732 909 fraudulenta
756 863 812 908 ars
834 843 1017 909 adhibetur.
1064 843 1151 909 Nam
1174 844 1299 909 vicinus
1316 845 1383 909 sin·

61 952 137 996 cere
167 935 321 1013 rogatur,
353 936 390 998 ut
420 931 571 998 resilias
601 933 735 997 venales
765 932 828 997 sibi
857 942 960 1014 omot,·
989 931 1072 998 alias
1101 932 1186 997 enim
1217 932 1383 999 Possidiue

60 1021 185 1085 nullam
208 1020 345 1086 haberet
368 1020 561 1087 utilitatem:
592 1021 717 1103 indiget
741 1021 827 1086 enim
850 1021 920 1086 sine
944 1021 1041 1087 dubio
1063 1021 1201 1105 pecunia
1228 1021 1289 1087 hoc
1312 1023 1383 1106 ipso

62 1114 228 1193 tempore,
253 1130 350 1191 quam
380 1115 571 1194 recepturus
603 1131 666 1175 non
697 1113 768 1188 est,
801 1111 862 1175 nisi
892 1109 1018 1175 vicinus
1041 1131 1118 1175 vere
1142 1115 1231 1176 emat
1261 1115 1295 1177 et
1324 1133 1383 1196 pro

61 1197 182 1281 emptis
211 1200 308 1263 rebus
338 1199 455 1264 solvat.
510 1198 600 1275 Quod
637 1198 710 1264 dein
742 1198 908 1264 Poesidius
937 1198 1100 1284 promittit
1130 1220 1166 1265 se
1195 1204 1383 1265 curaturum

61 1308 145 1365 esee,
180 1291 217 1353 ut
238 1286 311 1371 ipsa
334 1286 392 1353 illa
414 1309 467 1352 res
491 1293 607 1371 postea
630 1288 732 1353 multo
757 1288 863 1354 carius
887 1289 1067 1366 vendatur,
1097 1289 1149 1354 hic
1178 1310 1283 1354 novus
1306 1311 1383 1354 cen·

60 1380 190 1442 tractus
213 1381 281 1448 eet.
313 1377 367 1457 qui
391 1380 502 1459 potest
525 1376 617 1454 addi,
648 1376 705 1441 sed
729 1376 785 1459 qui
807 1377 1021 1444 licitationem
1051 1377 1258 1443 nullomodo
1282 1378 1385 1444 afficit

60 1485 168 1548 neque
190 1464 294 1532 inficit
317 1465 408 1531 viti0.

572 1607 877 1674 MONOPOLIUM.

618 1753 728 1820 Casus.
757 1760 834 1829 (277)

153 1892 279 1952 Aurifex
293 1892 411 1969 aliique,
426 1892 474 1969 qui
489 1894 620 1969 petroleo
631 1892 827 1964 dominantur,
842 1892 920 1953 inter
934 1913 967 1953 se
982 1894 1174 1967 conveniunt;
1190 1897 1386 1957 conventione

60 1973 141 2031 enim
161 1973 242 2032 facta
262 1973 392 2049 ipsorum
411 1978 457 2032 est
477 1973 603 2049 pretium
618 1974 821 2032 determinare.
858 1972 921 2042 Quo
942 1974 985 2045 fit,
1006 1980 1047 2047 nt,
1070 1981 1158 2034 aucto
1180 1976 1274 2052 pretio
1295 1977 1385 2037 tertia

60 2058 156 2130 parte,
178 2053 291 2112 lucrum
312 2072 440 2112 annuum
456 2054 534 2112 ultra
549 2059 721 2113 consuetum
736 2053 863 2112 Aurifex
884 2053 1030 2130 pereipiat
1043 2054 1135 2114 vicies
1157 2060 1283 2115 centena
1303 2057 1384 2116 milia

60 2152 236 2193 marcarum.

61 2240 240 2311 Quaamrun
262 2241 291 2298 1⁰
316 2258 460 2314 quaenam
482 2239 597 2316 speeies
618 2239 779 2316 monopolii
799 2239 860 2298 sint
880 2238 1027 2299 iniustitia
1048 2240 1182 2300 affectae.

259 2328 290 2385 2⁰
314 2334 476 2404 peeoentne
497 2328 625 2387 Aurifex
653 2328 774 2404 eiusque
802 2327 877 2387 socii
904 2333 1008 2388 contra
1034 2328 1179 2390 iustitiam
1204 2330 1253 2417 vel
1280 2335 1384 2390 contra

315 2408 478 2468 caritatem.
1244 2424 1247 2433 ’

655 2513 791 2581 Solutio.

151 2655 203 2718 An
219 2675 410 2730 quaasrruu
430 2659 466 2719 la
489 2655 528 2720 R.
544 2658 572 2720 1.
612 2654 832 2722 Communiter
854 2655 1010 2721 iniustum
1026 2677 1098 2722 esse
1115 2656 1233 2723 dicitur
1258 2658 1290 2741 1)
1310 2657 1446 2724 doloaoo

59 2748 95 2809 et
127 2742 244 2808 fraude
266 2745 319 2809 vel
351 2744 519 2810 coactione
548 2743 631 2809 alios
660 2744 833 2829 impedire,
865 2745 1037 2826 quominus
1066 2766 1191 2811 merces
1219 2747 1385 2814 advehant

58 2832 114 2896 vel
144 2832 278 2897 minoris
301 2833 462 2909 vendant;
495 2835 529 2914 2)
560 2854 671 2898 omnes
696 2834 776 2899 certi
807 2834 937 2916 generis
964 2855 1090 2900 merces
1114 2856 1261 2901 coemere
1284 2840 1384 2918 atque

59 2920 134 2986 dein
159 2921 246 2987 ultra
268 2922 420 3006 pretium,
445 2923 531 3004 quod
554 2923 637 2987 alias
655 2943 815 2987 summum
832 2928 929 3001 esset,
954 2923 1113 3000 vendere;
1137 2924 1173 3006 3)
1196 2925 1384 3009 conspirare

58 3031 132 3075 cum
157 3010 247 3088 aliis,
275 3016 312 3076 ut
335 3010 423 3076 ultra
446 3010 587 3095 pretium
609 3031 786 3088 summum,
818 3013 903 3093 quod
930 3011 964 3076 in
988 3012 1130 3078 naturali
1154 3034 1263 3078 rerum
1286 3035 1384 3079 cursu

58 3101 220 3165 communi
245 3099 465 3165 aestimationi
488 3101 695 3184 respondeat,
720 3106 830 3166 certae
854 3121 978 3165 merces
1001 3102 1194 3167 vendantur.

149 3188 197 3255 cf.
221 3187 414 3272 Aertnijs
438 3189 458 3254 i.
484 3191 514 3265 3,
539 3211 569 3255 n.
595 3191 659 3254 486
676 3211 747 3271 sqq.

148 3294 187 3361 R.
213 3297 242 3362 2.
289 3296 381 3359 Haec
404 3316 521 3378 perse
544 3296 657 3360 valent
680 3296 721 3360 de
744 3296 857 3372 rebus,
888 3315 969 3377 quas
992 3298 1111 3360 natura
1134 3316 1193 3378 pro
1216 3295 1381 3361 hominum

56 3404 120 3448 usu
150 3384 315 3467 producit,
347 3385 400 3449 vel
425 3385 465 3449 de
489 3384 562 3449 aliis
586 3385 746 3449 mercibus
770 3385 833 3449 iam
859 3383 1016 3449 confectis
1043 3389 1077 3450 et
1100 3384 1323 3463 exstantibuS,
1354 3386 1381 3451 si

57 3494 141 3556 quas
165 3472 282 3555 aliquis
305 3473 480 3555 singularis
503 3473 598 3538 homo
623 3475 675 3538 vel
699 3474 794 3558 pauci
818 3474 1043 3556 conspirantes
1066 3473 1253 3540 coemerint.

148 3577 186 3644 R.
212 3581 242 3645 3.
290 3578 461 3643 Difficilius
490 3579 651 3645 iniustitia
679 3579 852 3663 probatur,
884 3579 912 3643 si
942 3580 974 3643 in
998 3578 1222 3660 quaestionem
1246 3580 1440 3649 venientem

55 3689 122 3744 res,
147 3687 230 3748 quae
253 3668 429 3733 multorum
453 3668 617 3733 laboribus
641 3672 675 3733 et
698 3668 859 3734 industria
875 3669 1003 3733 demum
1027 3668 1258 3752 producuntur.
1294 3669 1380 3736 Nam

56 3756 280 3840 compensatio
313 3757 413 3833 artis,
451 3757 572 3822 laboris
604 3758 736 3822 humani
768 3762 831 3823 etc.
856 3758 953 3839 longe
985 3757 1141 3822 maiorem
1174 3758 1380 3825 latitudinem

56 3845 296 3912 aestimationis
326 3847 460 3929 patitur.
507 3845 725 3911 Nihilominus
748 3848 848 3911 etiam
875 3846 908 3911 in
931 3846 971 3911 iis
994 3847 1091 3912 rebus
1114 3848 1242 3913 demum
1266 3849 1381 3931 regula

55 3935 219 4017 quaedam
241 3934 338 4018 pretii
361 3934 438 4000 iusti
462 3934 595 4016 eiusque
618 3937 734 4000 summi
758 3936 860 4002 statui
883 3941 1004 4019 potest.
1042 3936 1204 4003 Videlicet
1219 3943 1380 4019 quatenus

55 4029 177 4090 natura
200 4044 254 4089 res
276 4023 435 4108 producit,
461 4044 520 4089 eae
543 4026 625 4091 fiunt
648 4025 717 4089 eius
741 4025 795 4107 qui
819 4025 968 4090 dominus
991 4029 1043 4091 est
1066 4025 1174 4101 fundi;
1198 4027 1256 4091 sed
1279 4027 1379 4092 aesti-

55 4113 158 4179 matio
182 4112 284 4196 ipsius
307 4112 354 4177 rei
377 4118 414 4179 ut
437 4134 457 4177 a
479 4117 599 4178 natura
615 4114 713 4179 datae
736 4115 857 4198 pendet
880 4119 949 4180 tum
973 4135 1015 4179 ex
1039 4115 1108 4180 eius
1132 4114 1284 4191 utilitate,
1309 4120 1378 4180 tum

54 4224 98 4269 ex
123 4202 193 4268 eius
216 4201 365 4268 raritate.
407 4202 489 4267 Dein
513 4223 605 4266 sume
628 4203 756 4268 labores
779 4204 943 4268 hominum
967 4205 1109 4270 fortasse
1134 4204 1377 4277 conductorum,

55 4291 127 4375 qui,
151 4291 179 4355 si
201 4290 407 4374 impendendi
431 4295 525 4367 sunt,
556 4291 653 4356 facile
677 4297 917 4376 computantur.
965 4293 999 4357 Si
1022 4293 1112 4357 facta
1135 4292 1377 4374 computatione

54 4379 199 4448 omnium
229 4381 343 4445 horum
373 4385 610 4446 momentorum
639 4402 702 4445 non
733 4382 861 4446 modica
885 4403 994 4447 annua
1020 4403 1134 4457 usura,
1165 4382 1222 4446 sed
1253 4382 1376 4446 lucrum

53 4491 188 4537 enorme
204 4468 350 4534 nascitur
374 4469 403 4533 ei
419 4470 473 4534 vel
495 4469 545 4546 iis,
571 4469 717 4552 quisine
741 4471 807 4535 ullo
831 4472 942 4536 labore
965 4471 1018 4534 vel
1042 4469 1183 4552 periculo
1207 4471 1377 4553 pecuniam

53 4563 244 4644 praestant,
275 4579 340 4639 qua
363 4559 508 4624 fabricae
531 4559 763 4640 machinaeque
793 4560 834 4624 ad
857 4581 910 4624 res
937 4560 1149 4642 perficiendas
1172 4559 1377 4626 necessariae

52 4652 290 4715 construuntur
305 4647 358 4712 vel
374 4668 498 4713 merces
514 4648 780 4726 transvehuntur,
805 4670 863 4713 seu
886 4648 935 4725 iis,
960 4648 1015 4730 qui
1037 4653 1149 4730 partes
1168 4648 1289 4714 habent
1312 4671 1376 4715 non

1110 4751 1163 4806 29*
