<?xml version="1.0" encoding="UTF-8"?>
<!DOCTYPE html PUBLIC "-//W3C//DTD XHTML 1.0 Transitional//EN"
    "http://www.w3.org/TR/xhtml1/DTD/xhtml1-transitional.dtd">
<html xmlns="http://www.w3.org/1999/xhtml" xml:lang="en" lang="en">
 <head>
  <title>
</title>
<meta http-equiv="Content-Type" content="text/html;charset=utf-8" />
  <meta name='ocr-system' content='tesseract 3.04.00' />
  <meta name='ocr-capabilities' content='ocr_page ocr_carea ocr_par ocr_line ocrx_word'/>
</head>
<body>
  <div class='ocr_page' id='page_1' title='image "./casusconscienti01lehmgoog_0058.png"; bbox 0 0 3106 5168; ppageno 0'>
   <div class='ocr_carea' id='block_1_1' title="bbox 153 269 1059 339">
    <p class='ocr_par' dir='ltr' id='par_1_1' title="bbox 153 269 1059 339">
     <span class='ocr_line' id='line_1_1' title="bbox 153 269 1059 339; baseline -0.002 -14"><span class='ocrx_word' id='word_1_1' title='bbox 153 274 196 337; x_wconf 80' lang='grc'>42</span> <span class='ocrx_word' id='word_1_2' title='bbox 570 269 611 324; x_wconf 91' lang='lat' dir='ltr'>De</span> <span class='ocrx_word' id='word_1_3' title='bbox 629 269 726 339; x_wconf 87' lang='lat' dir='ltr'>regula</span> <span class='ocrx_word' id='word_1_4' title='bbox 744 274 852 325; x_wconf 80' lang='lat' dir='ltr'><strong>actuum</strong></span> <span class='ocrx_word' id='word_1_5' title='bbox 872 269 1059 324; x_wconf 88' lang='lat' dir='ltr'>bumanorum.</span> 
     </span>
    </p>
   </div>
   <div class='ocr_carea' id='block_1_2' title="bbox 151 445 1479 796">
    <p class='ocr_par' dir='ltr' id='par_1_2' title="bbox 151 445 1479 796">
     <span class='ocr_line' id='line_1_2' title="bbox 152 445 1479 530; baseline 0.002 -21"><span class='ocrx_word' id='word_1_6' title='bbox 152 466 216 510; x_wconf 91' lang='lat' dir='ltr'>non</span> <span class='ocrx_word' id='word_1_7' title='bbox 239 449 351 530; x_wconf 88' lang='lat' dir='ltr'>potest</span> <span class='ocrx_word' id='word_1_8' title='bbox 372 445 435 511; x_wconf 89' lang='lat' dir='ltr'>nisi</span> <span class='ocrx_word' id='word_1_9' title='bbox 458 449 545 511; x_wconf 78' lang='lat' dir='ltr'>intro</span> <span class='ocrx_word' id='word_1_10' title='bbox 569 447 701 528; x_wconf 86' lang='lat' dir='ltr'>regulas</span> <span class='ocrx_word' id='word_1_11' title='bbox 725 449 760 512; x_wconf 87' lang='lat' dir='ltr'>et</span> <span class='ocrx_word' id='word_1_12' title='bbox 782 445 969 512; x_wconf 89' lang='lat' dir='ltr'>institutum</span> <span class='ocrx_word' id='word_1_13' title='bbox 993 446 1192 529; x_wconf 80' lang='lat' dir='ltr'>praecipere,</span> <span class='ocrx_word' id='word_1_14' title='bbox 1217 446 1237 513; x_wconf 92' lang='lat' dir='ltr'>i.</span> <span class='ocrx_word' id='word_1_15' title='bbox 1255 465 1283 512; x_wconf 88' lang='lat' dir='ltr'>c.</span> <span class='ocrx_word' id='word_1_16' title='bbox 1303 448 1479 512; x_wconf 80' lang='lat' dir='ltr'>secundom</span> 
     </span>
     <span class='ocr_line' id='line_1_3' title="bbox 151 534 1478 620; baseline 0.002 -22"><span class='ocrx_word' id='word_1_17' title='bbox 151 535 231 600; x_wconf 92' lang='lat' dir='ltr'>illud</span> <span class='ocrx_word' id='word_1_18' title='bbox 263 534 450 602; x_wconf 90' lang='lat' dir='ltr'>institutum</span> <span class='ocrx_word' id='word_1_19' title='bbox 481 535 685 616; x_wconf 71' lang='lat' dir='ltr'>religiosum,</span> <span class='ocrx_word' id='word_1_20' title='bbox 719 536 804 617; x_wconf 91' lang='lat' dir='ltr'>quod</span> <span class='ocrx_word' id='word_1_21' title='bbox 837 535 988 600; x_wconf 88' lang='lat' dir='ltr'>subditae</span> <span class='ocrx_word' id='word_1_22' title='bbox 1019 555 1079 618; x_wconf 92' lang='lat' dir='ltr'>per</span> <span class='ocrx_word' id='word_1_23' title='bbox 1108 538 1188 601; x_wconf 88' lang='lat' dir='ltr'>vota</span> <span class='ocrx_word' id='word_1_24' title='bbox 1218 541 1478 620; x_wconf 88' lang='lat' dir='ltr'>assumpserunt.</span> 
     </span>
     <span class='ocr_line' id='line_1_4' title="bbox 152 623 1479 701; baseline 0.002 -13"><span class='ocrx_word' id='word_1_25' title='bbox 152 623 241 700; x_wconf 82' lang='lat' dir='ltr'>Quae</span> <span class='ocrx_word' id='word_1_26' title='bbox 265 631 374 691; x_wconf 91' lang='lat' dir='ltr'>autem</span> <span class='ocrx_word' id='word_1_27' title='bbox 398 625 432 688; x_wconf 90' lang='lat' dir='ltr'>in</span> <span class='ocrx_word' id='word_1_28' title='bbox 448 645 617 690; x_wconf 91' lang='lat' dir='ltr'>numerum</span> <span class='ocrx_word' id='word_1_29' title='bbox 633 624 850 689; x_wconf 87' lang='lat' dir='ltr'>choristarum</span> <span class='ocrx_word' id='word_1_30' title='bbox 869 627 1089 701; x_wconf 90' lang='lat' dir='ltr'>assumuntur,</span> <span class='ocrx_word' id='word_1_31' title='bbox 1113 645 1179 689; x_wconf 92' lang='lat' dir='ltr'>non</span> <span class='ocrx_word' id='word_1_32' title='bbox 1194 628 1359 690; x_wconf 87' lang='lat' dir='ltr'>voverunt</span> <span class='ocrx_word' id='word_1_33' title='bbox 1374 625 1479 691; x_wconf 88' lang='lat' dir='ltr'>vitam</span> 
     </span>
     <span class='ocr_line' id='line_1_5' title="bbox 152 713 1012 796; baseline 0.001 -18"><span class='ocrx_word' id='word_1_34' title='bbox 152 734 252 796; x_wconf 84' lang='lat' dir='ltr'>agere</span> <span class='ocrx_word' id='word_1_35' title='bbox 275 714 308 779; x_wconf 90' lang='lat' dir='ltr'>in</span> <span class='ocrx_word' id='word_1_36' title='bbox 332 734 465 779; x_wconf 90' lang='lat' dir='ltr'>numero</span> <span class='ocrx_word' id='word_1_37' title='bbox 489 713 656 792; x_wconf 88' lang='lat' dir='ltr'>laicarum,</span> <span class='ocrx_word' id='word_1_38' title='bbox 682 734 787 796; x_wconf 89' lang='lat' dir='ltr'>neque</span> <span class='ocrx_word' id='word_1_39' title='bbox 809 714 882 779; x_wconf 89' lang='lat' dir='ltr'>vice</span> <span class='ocrx_word' id='word_1_40' title='bbox 904 734 1012 779; x_wconf 88' lang='lat' dir='ltr'>versa.</span> 
     </span>
    </p>
   </div>
   <div class='ocr_carea' id='block_1_3' title="bbox 541 912 1088 981">
    <p class='ocr_par' dir='ltr' id='par_1_3' title="bbox 541 912 1088 981">
     <span class='ocr_line' id='line_1_6' title="bbox 541 912 1088 981; baseline 0.005 -3"><span class='ocrx_word' id='word_1_41' title='bbox 541 913 681 980; x_wconf 79' lang='lat' dir='ltr'>LEGES</span> <span class='ocrx_word' id='word_1_42' title='bbox 704 912 824 979; x_wconf 82' lang='lat' dir='ltr'><strong>VITIO</strong></span> <span class='ocrx_word' id='word_1_43' title='bbox 849 912 1088 981; x_wconf 78' lang='lat' dir='ltr'>AFFROTAE.</span> 
     </span>
    </p>
   </div>
   <div class='ocr_carea' id='block_1_4' title="bbox 714 1055 911 1131">
    <p class='ocr_par' dir='ltr' id='par_1_4' title="bbox 714 1055 911 1131">
     <span class='ocr_line' id='line_1_7' title="bbox 714 1055 911 1131; baseline -0.025 -10"><span class='ocrx_word' id='word_1_44' title='bbox 714 1055 826 1122; x_wconf 82' lang='lat' dir='ltr'>Casus.</span> <span class='ocrx_word' id='word_1_45' title='bbox 852 1062 911 1131; x_wconf 79' lang='lat'><strong>(22)</strong></span> 
     </span>
    </p>
   </div>
   <div class='ocr_carea' id='block_1_5' title="bbox 147 1179 1480 2325">
    <p class='ocr_par' dir='ltr' id='par_1_5' title="bbox 147 1179 1480 2122">
     <span class='ocr_line' id='line_1_8' title="bbox 239 1179 1478 1256; baseline 0.002 -18"><span class='ocrx_word' id='word_1_46' title='bbox 239 1180 390 1256; x_wconf 83' lang='lat' dir='ltr'>Remigius</span> <span class='ocrx_word' id='word_1_47' title='bbox 411 1179 550 1238; x_wconf 84' lang='lat' dir='ltr'>sacerdos</span> <span class='ocrx_word' id='word_1_48' title='bbox 572 1180 721 1255; x_wconf 88' lang='lat' dir='ltr'>relegatus</span> <span class='ocrx_word' id='word_1_49' title='bbox 743 1179 870 1256; x_wconf 88' lang='lat' dir='ltr'>epatria</span> <span class='ocrx_word' id='word_1_50' title='bbox 890 1180 1040 1256; x_wconf 85' lang='lat' dir='ltr'>perleges</span> <span class='ocrx_word' id='word_1_51' title='bbox 1060 1179 1352 1256; x_wconf 85' lang='lat' dir='ltr'>religioso-politicas</span> <span class='ocrx_word' id='word_1_52' title='bbox 1371 1181 1478 1241; x_wconf 86' lang='lat' dir='ltr'>nihilo·</span> 
     </span>
     <span class='ocr_line' id='line_1_9' title="bbox 150 1259 1478 1337; baseline 0 -17"><span class='ocrx_word' id='word_1_53' title='bbox 150 1260 245 1321; x_wconf 89' lang='lat' dir='ltr'>minua</span> <span class='ocrx_word' id='word_1_54' title='bbox 260 1280 351 1337; x_wconf 82' lang='lat' dir='ltr'>saepe</span> <span class='ocrx_word' id='word_1_55' title='bbox 365 1260 440 1318; x_wconf 90' lang='lat' dir='ltr'>fines</span> <span class='ocrx_word' id='word_1_56' title='bbox 454 1260 548 1334; x_wconf 87' lang='lat' dir='ltr'>regni,</span> <span class='ocrx_word' id='word_1_57' title='bbox 567 1264 681 1318; x_wconf 86' lang='lat' dir='ltr'>mutata</span> <span class='ocrx_word' id='word_1_58' title='bbox 694 1264 788 1332; x_wconf 84' lang='lat' dir='ltr'>veste,</span> <span class='ocrx_word' id='word_1_59' title='bbox 807 1260 981 1335; x_wconf 79' lang='lat' dir='ltr'>ingreditur,</span> <span class='ocrx_word' id='word_1_60' title='bbox 997 1259 1086 1318; x_wconf 88' lang='lat' dir='ltr'>otiam</span> <span class='ocrx_word' id='word_1_61' title='bbox 1100 1259 1190 1318; x_wconf 83' lang='lat' dir='ltr'>animi</span> <span class='ocrx_word' id='word_1_62' title='bbox 1204 1260 1361 1319; x_wconf 84' lang='lat' dir='ltr'>relaxandi</span> <span class='ocrx_word' id='word_1_63' title='bbox 1376 1280 1478 1330; x_wconf 84' lang='lat' dir='ltr'>causa,</span> 
     </span>
     <span class='ocr_line' id='line_1_10' title="bbox 149 1339 1480 1420; baseline 0.002 -21"><span class='ocrx_word' id='word_1_64' title='bbox 149 1341 247 1417; x_wconf 87' lang='lat' dir='ltr'>ibique</span> <span class='ocrx_word' id='word_1_65' title='bbox 269 1341 438 1416; x_wconf 86' lang='lat' dir='ltr'>incognitus</span> <span class='ocrx_word' id='word_1_66' title='bbox 460 1359 563 1399; x_wconf 87' lang='lat' dir='ltr'>sacras</span> <span class='ocrx_word' id='word_1_67' title='bbox 584 1340 752 1399; x_wconf 85' lang='lat' dir='ltr'>functiones</span> <span class='ocrx_word' id='word_1_68' title='bbox 776 1345 913 1414; x_wconf 78' lang='lat' dir='ltr'>exercet,</span> <span class='ocrx_word' id='word_1_69' title='bbox 942 1346 1030 1415; x_wconf 86' lang='lat' dir='ltr'>atqua</span> <span class='ocrx_word' id='word_1_70' title='bbox 1053 1339 1164 1416; x_wconf 89' lang='lat' dir='ltr'>gaudet</span> <span class='ocrx_word' id='word_1_71' title='bbox 1183 1340 1260 1416; x_wconf 89' lang='lat' dir='ltr'>quod</span> <span class='ocrx_word' id='word_1_72' title='bbox 1287 1340 1408 1418; x_wconf 88' lang='lat' dir='ltr'>impune</span> <span class='ocrx_word' id='word_1_73' title='bbox 1428 1362 1480 1420; x_wconf 93' lang='lat' dir='ltr'>po-</span> 
     </span>
     <span class='ocr_line' id='line_1_11' title="bbox 149 1419 1479 1497; baseline 0.002 -17"><span class='ocrx_word' id='word_1_74' title='bbox 149 1423 241 1480; x_wconf 88' lang='lat' dir='ltr'>tnerit</span> <span class='ocrx_word' id='word_1_75' title='bbox 268 1422 350 1497; x_wconf 88' lang='lat' dir='ltr'>leges</span> <span class='ocrx_word' id='word_1_76' title='bbox 378 1421 544 1496; x_wconf 84' lang='lat' dir='ltr'>neglegere.</span> <span class='ocrx_word' id='word_1_77' title='bbox 587 1419 669 1492; x_wconf 83' lang='lat' dir='ltr'>Quod</span> <span class='ocrx_word' id='word_1_78' title='bbox 695 1420 821 1492; x_wconf 87' lang='lat' dir='ltr'>Paulus,</span> <span class='ocrx_word' id='word_1_79' title='bbox 849 1420 896 1479; x_wconf 84' lang='lat' dir='ltr'>vir</span> <span class='ocrx_word' id='word_1_80' title='bbox 924 1420 1089 1480; x_wconf 86' lang='lat' dir='ltr'>catholicus</span> <span class='ocrx_word' id='word_1_81' title='bbox 1116 1420 1289 1493; x_wconf 71' lang='lat' dir='ltr'>timoratus,</span> <span class='ocrx_word' id='word_1_82' title='bbox 1316 1420 1348 1479; x_wconf 92' lang='lat' dir='ltr'>in</span> <span class='ocrx_word' id='word_1_83' title='bbox 1378 1421 1479 1482; x_wconf 80' lang='lat' dir='ltr'>officio</span> 
     </span>
     <span class='ocr_line' id='line_1_12' title="bbox 148 1500 1479 1579; baseline 0.002 -19"><span class='ocrx_word' id='word_1_84' title='bbox 148 1502 266 1579; x_wconf 90' lang='lat' dir='ltr'>publico</span> <span class='ocrx_word' id='word_1_85' title='bbox 295 1501 491 1570; x_wconf 88' lang='lat' dir='ltr'>constitutus,</span> <span class='ocrx_word' id='word_1_86' title='bbox 521 1518 586 1557; x_wconf 91' lang='lat' dir='ltr'>cum</span> <span class='ocrx_word' id='word_1_87' title='bbox 615 1507 792 1576; x_wconf 88' lang='lat' dir='ltr'>cognoscat,</span> <span class='ocrx_word' id='word_1_88' title='bbox 822 1501 988 1560; x_wconf 85' lang='lat' dir='ltr'>dissimulat</span> <span class='ocrx_word' id='word_1_89' title='bbox 1015 1500 1147 1575; x_wconf 88' lang='lat' dir='ltr'>quidem,</span> <span class='ocrx_word' id='word_1_90' title='bbox 1176 1501 1229 1559; x_wconf 89' lang='lat' dir='ltr'>sed</span> <span class='ocrx_word' id='word_1_91' title='bbox 1256 1501 1479 1562; x_wconf 82' lang='lat' dir='ltr'>scandalizatus</span> 
     </span>
     <span class='ocr_line' id='line_1_13' title="bbox 148 1579 1478 1659; baseline 0.002 -20"><span class='ocrx_word' id='word_1_92' title='bbox 148 1582 281 1652; x_wconf 89' lang='lat' dir='ltr'>miratur,</span> <span class='ocrx_word' id='word_1_93' title='bbox 304 1581 380 1656; x_wconf 93' lang='lat' dir='ltr'>quod</span> <span class='ocrx_word' id='word_1_94' title='bbox 394 1579 547 1655; x_wconf 88' lang='lat' dir='ltr'>Remigius</span> <span class='ocrx_word' id='word_1_95' title='bbox 567 1580 650 1656; x_wconf 89' lang='lat' dir='ltr'>leges</span> <span class='ocrx_word' id='word_1_96' title='bbox 672 1600 690 1639; x_wconf 90' lang='lat' dir='ltr'>a</span> <span class='ocrx_word' id='word_1_97' title='bbox 710 1580 843 1657; x_wconf 89' lang='lat' dir='ltr'>legitima</span> <span class='ocrx_word' id='word_1_98' title='bbox 865 1581 1043 1640; x_wconf 88' lang='lat' dir='ltr'>auctoritate</span> <span class='ocrx_word' id='word_1_99' title='bbox 1063 1581 1152 1652; x_wconf 89' lang='lat' dir='ltr'>latas,</span> <span class='ocrx_word' id='word_1_100' title='bbox 1173 1599 1247 1657; x_wconf 89' lang='lat' dir='ltr'>quaa</span> <span class='ocrx_word' id='word_1_101' title='bbox 1268 1580 1349 1640; x_wconf 86' lang='lat' dir='ltr'>licite</span> <span class='ocrx_word' id='word_1_102' title='bbox 1370 1583 1478 1659; x_wconf 85' lang='lat' dir='ltr'>possit,</span> 
     </span>
     <span class='ocr_line' id='line_1_14' title="bbox 148 1660 1478 1737; baseline 0.001 -17"><span class='ocrx_word' id='word_1_103' title='bbox 148 1682 208 1721; x_wconf 92' lang='lat' dir='ltr'>non</span> <span class='ocrx_word' id='word_1_104' title='bbox 229 1664 382 1732; x_wconf 81' lang='lat' dir='ltr'>observet3</span> <span class='ocrx_word' id='word_1_105' title='bbox 412 1678 535 1735; x_wconf 88' lang='lat' dir='ltr'>eumque</span> <span class='ocrx_word' id='word_1_106' title='bbox 555 1678 609 1736; x_wconf 91' lang='lat' dir='ltr'>per</span> <span class='ocrx_word' id='word_1_107' title='bbox 629 1660 755 1719; x_wconf 91' lang='lat' dir='ltr'>amicum</span> <span class='ocrx_word' id='word_1_108' title='bbox 776 1666 877 1736; x_wconf 88' lang='lat' dir='ltr'>rogat,</span> <span class='ocrx_word' id='word_1_109' title='bbox 906 1666 940 1720; x_wconf 89' lang='lat' dir='ltr'>ut</span> <span class='ocrx_word' id='word_1_110' title='bbox 960 1661 992 1719; x_wconf 89' lang='lat' dir='ltr'>in</span> <span class='ocrx_word' id='word_1_111' title='bbox 1012 1664 1162 1737; x_wconf 86' lang='lat' dir='ltr'>posterum</span> <span class='ocrx_word' id='word_1_112' title='bbox 1184 1661 1349 1732; x_wconf 86' lang='lat' dir='ltr'>abstineat,</span> <span class='ocrx_word' id='word_1_113' title='bbox 1374 1682 1430 1735; x_wconf 91' lang='lat' dir='ltr'>ne,</span> <span class='ocrx_word' id='word_1_114' title='bbox 1452 1663 1478 1723; x_wconf 91' lang='lat' dir='ltr'>si</span> 
     </span>
     <span class='ocr_line' id='line_1_15' title="bbox 149 1738 1478 1819; baseline 0.002 -19"><span class='ocrx_word' id='word_1_115' title='bbox 149 1742 226 1818; x_wconf 90' lang='lat' dir='ltr'>apud</span> <span class='ocrx_word' id='word_1_116' title='bbox 248 1762 280 1801; x_wconf 88' lang='lat' dir='ltr'>ae</span> <span class='ocrx_word' id='word_1_117' title='bbox 303 1741 507 1810; x_wconf 91' lang='lat' dir='ltr'>denuntietur,</span> <span class='ocrx_word' id='word_1_118' title='bbox 538 1738 602 1816; x_wconf 86' lang='lat' dir='ltr'>ipse</span> <span class='ocrx_word' id='word_1_119' title='bbox 629 1760 755 1816; x_wconf 89' lang='lat' dir='ltr'>poenam</span> <span class='ocrx_word' id='word_1_120' title='bbox 782 1761 836 1819; x_wconf 90' lang='lat' dir='ltr'>pro</span> <span class='ocrx_word' id='word_1_121' title='bbox 865 1741 961 1801; x_wconf 85' lang='lat' dir='ltr'>officio</span> <span class='ocrx_word' id='word_1_122' title='bbox 989 1760 1044 1799; x_wconf 91' lang='lat' dir='ltr'>suo</span> <span class='ocrx_word' id='word_1_123' title='bbox 1073 1746 1103 1800; x_wconf 90' lang='lat' dir='ltr'>et</span> <span class='ocrx_word' id='word_1_124' title='bbox 1131 1741 1313 1800; x_wconf 88' lang='lat' dir='ltr'>conscientia</span> <span class='ocrx_word' id='word_1_125' title='bbox 1341 1743 1478 1818; x_wconf 89' lang='lat' dir='ltr'>infligere</span> 
     </span>
     <span class='ocr_line' id='line_1_16' title="bbox 148 1819 1478 1898; baseline 0.002 -18"><span class='ocrx_word' id='word_1_126' title='bbox 148 1822 262 1881; x_wconf 86' lang='lat' dir='ltr'>debeat.</span> <span class='ocrx_word' id='word_1_127' title='bbox 297 1821 350 1880; x_wconf 84' lang='lat' dir='ltr'>Cui</span> <span class='ocrx_word' id='word_1_128' title='bbox 364 1821 515 1896; x_wconf 87' lang='lat' dir='ltr'>Remigius</span> <span class='ocrx_word' id='word_1_129' title='bbox 530 1819 653 1880; x_wconf 89' lang='lat' dir='ltr'>iocando</span> <span class='ocrx_word' id='word_1_130' title='bbox 668 1823 829 1898; x_wconf 87' lang='lat' dir='ltr'>respondet</span> <span class='ocrx_word' id='word_1_131' title='bbox 850 1842 882 1880; x_wconf 90' lang='lat' dir='ltr'>se</span> <span class='ocrx_word' id='word_1_132' title='bbox 902 1841 997 1896; x_wconf 91' lang='lat' dir='ltr'>neque</span> <span class='ocrx_word' id='word_1_133' title='bbox 1012 1823 1094 1896; x_wconf 86' lang='lat' dir='ltr'>leges</span> <span class='ocrx_word' id='word_1_134' title='bbox 1113 1840 1208 1897; x_wconf 88' lang='lat' dir='ltr'>neque</span> <span class='ocrx_word' id='word_1_135' title='bbox 1222 1841 1334 1898; x_wconf 84' lang='lat' dir='ltr'>poenas</span> <span class='ocrx_word' id='word_1_136' title='bbox 1355 1822 1478 1883; x_wconf 90' lang='lat' dir='ltr'>timere:</span> 
     </span>
     <span class='ocr_line' id='line_1_17' title="bbox 148 1901 1478 1979; baseline 0.002 -18"><span class='ocrx_word' id='word_1_137' title='bbox 148 1921 216 1961; x_wconf 91' lang='lat' dir='ltr'>nam</span> <span class='ocrx_word' id='word_1_138' title='bbox 237 1903 263 1961; x_wconf 92' lang='lat' dir='ltr'>si</span> <span class='ocrx_word' id='word_1_139' title='bbox 284 1903 395 1960; x_wconf 88' lang='lat' dir='ltr'>mulcta</span> <span class='ocrx_word' id='word_1_140' title='bbox 415 1901 599 1978; x_wconf 90' lang='lat' dir='ltr'>imponatur,</span> <span class='ocrx_word' id='word_1_141' title='bbox 623 1902 679 1961; x_wconf 85' lang='lat' dir='ltr'>sibi</span> <span class='ocrx_word' id='word_1_142' title='bbox 702 1902 815 1961; x_wconf 84' lang='lat' dir='ltr'>clavem</span> <span class='ocrx_word' id='word_1_143' title='bbox 836 1908 957 1979; x_wconf 89' lang='lat' dir='ltr'>praesto</span> <span class='ocrx_word' id='word_1_144' title='bbox 979 1920 1062 1973; x_wconf 89' lang='lat' dir='ltr'>ease,</span> <span class='ocrx_word' id='word_1_145' title='bbox 1082 1920 1158 1977; x_wconf 91' lang='lat' dir='ltr'>quae</span> <span class='ocrx_word' id='word_1_146' title='bbox 1179 1921 1232 1979; x_wconf 91' lang='lat' dir='ltr'>pro</span> <span class='ocrx_word' id='word_1_147' title='bbox 1253 1903 1311 1962; x_wconf 87' lang='lat' dir='ltr'>hac</span> <span class='ocrx_word' id='word_1_148' title='bbox 1332 1903 1478 1963; x_wconf 85' lang='lat' dir='ltr'>solvenda</span> 
     </span>
     <span class='ocr_line' id='line_1_18' title="bbox 147 1981 1478 2059; baseline 0.004 -20"><span class='ocrx_word' id='word_1_149' title='bbox 147 1981 233 2042; x_wconf 91' lang='lat' dir='ltr'>Pauli</span> <span class='ocrx_word' id='word_1_150' title='bbox 255 1983 400 2041; x_wconf 88' lang='lat' dir='ltr'>aerarium</span> <span class='ocrx_word' id='word_1_151' title='bbox 421 1981 551 2059; x_wconf 88' lang='lat' dir='ltr'>aperiat;</span> <span class='ocrx_word' id='word_1_152' title='bbox 576 1981 602 2040; x_wconf 88' lang='lat' dir='ltr'>si</span> <span class='ocrx_word' id='word_1_153' title='bbox 621 2000 740 2054; x_wconf 89' lang='lat' dir='ltr'>carcar,</span> <span class='ocrx_word' id='word_1_154' title='bbox 761 2001 793 2042; x_wconf 88' lang='lat' dir='ltr'>ae</span> <span class='ocrx_word' id='word_1_155' title='bbox 814 1983 953 2041; x_wconf 89' lang='lat' dir='ltr'>bracchia</span> <span class='ocrx_word' id='word_1_156' title='bbox 975 1987 1006 2041; x_wconf 89' lang='lat' dir='ltr'>et</span> <span class='ocrx_word' id='word_1_157' title='bbox 1027 2001 1109 2040; x_wconf 86' lang='lat' dir='ltr'>arma</span> <span class='ocrx_word' id='word_1_158' title='bbox 1129 1981 1255 2053; x_wconf 88' lang='lat' dir='ltr'>habere,</span> <span class='ocrx_word' id='word_1_159' title='bbox 1277 2001 1353 2059; x_wconf 84' lang='lat' dir='ltr'>qnae</span> <span class='ocrx_word' id='word_1_160' title='bbox 1374 2003 1408 2043; x_wconf 87' lang='lat' dir='ltr'>se</span> <span class='ocrx_word' id='word_1_161' title='bbox 1430 1984 1478 2043; x_wconf 89' lang='lat' dir='ltr'>da·</span> 
     </span>
     <span class='ocr_line' id='line_1_19' title="bbox 147 2064 279 2122; baseline 0.008 -1"><span class='ocrx_word' id='word_1_162' title='bbox 147 2064 279 2122; x_wconf 77' lang='lat' dir='ltr'>tendant.</span> 
     </span>
    </p>

    <p class='ocr_par' dir='ltr' id='par_1_6' title="bbox 147 2158 1365 2325">
     <span class='ocr_line' id='line_1_20' title="bbox 147 2158 1208 2236; baseline -0.001 -16"><span class='ocrx_word' id='word_1_163' title='bbox 147 2159 325 2230; x_wconf 79' lang='lat' dir='ltr'>Quaamrua</span> <span class='ocrx_word' id='word_1_164' title='bbox 347 2163 376 2217; x_wconf 83' lang='lat'>1⁰</span> <span class='ocrx_word' id='word_1_165' title='bbox 401 2159 469 2236; x_wconf 89' lang='lat' dir='ltr'>qnid</span> <span class='ocrx_word' id='word_1_166' title='bbox 491 2159 680 2219; x_wconf 88' lang='lat' dir='ltr'>indicandum</span> <span class='ocrx_word' id='word_1_167' title='bbox 701 2160 741 2219; x_wconf 89' lang='lat' dir='ltr'>sit</span> <span class='ocrx_word' id='word_1_168' title='bbox 763 2162 798 2219; x_wconf 91' lang='lat' dir='ltr'>de</span> <span class='ocrx_word' id='word_1_169' title='bbox 819 2161 887 2220; x_wconf 90' lang='lat' dir='ltr'>istis</span> <span class='ocrx_word' id='word_1_170' title='bbox 906 2159 1022 2235; x_wconf 86' lang='lat' dir='ltr'>legibus</span> <span class='ocrx_word' id='word_1_171' title='bbox 1044 2163 1075 2218; x_wconf 89' lang='lat' dir='ltr'>et</span> <span class='ocrx_word' id='word_1_172' title='bbox 1094 2158 1208 2235; x_wconf 86' lang='lat' dir='ltr'>poenis.</span> 
     </span>
     <span class='ocr_line' id='line_1_21' title="bbox 344 2248 1365 2325; baseline 0.003 -18"><span class='ocrx_word' id='word_1_173' title='bbox 344 2250 376 2308; x_wconf 74' lang='grc' dir='ltr'>2ο</span> <span class='ocrx_word' id='word_1_174' title='bbox 400 2254 520 2308; x_wconf 81' lang='lat' dir='ltr'>rectene</span> <span class='ocrx_word' id='word_1_175' title='bbox 541 2249 695 2324; x_wconf 83' lang='lat' dir='ltr'>Remigius</span> <span class='ocrx_word' id='word_1_176' title='bbox 715 2250 819 2325; x_wconf 88' lang='lat' dir='ltr'>egerit,</span> <span class='ocrx_word' id='word_1_177' title='bbox 842 2269 880 2308; x_wconf 93' lang='lat' dir='ltr'>an</span> <span class='ocrx_word' id='word_1_178' title='bbox 902 2249 1012 2309; x_wconf 90' lang='lat' dir='ltr'>Paulus</span> <span class='ocrx_word' id='word_1_179' title='bbox 1032 2252 1115 2307; x_wconf 87' lang='lat' dir='ltr'>recte</span> <span class='ocrx_word' id='word_1_180' title='bbox 1137 2248 1365 2310; x_wconf 86' lang='lat' dir='ltr'>scandalizetur.</span> 
     </span>
    </p>
   </div>
   <div class='ocr_carea' id='block_1_6' title="bbox 345 2337 1375 2415">
    <p class='ocr_par' dir='ltr' id='par_1_7' title="bbox 345 2337 1375 2415">
     <span class='ocr_line' id='line_1_22' title="bbox 345 2337 1375 2415; baseline 0.001 -18"><span class='ocrx_word' id='word_1_181' title='bbox 345 2340 375 2397; x_wconf 84' lang='lat'>3⁰</span> <span class='ocrx_word' id='word_1_182' title='bbox 400 2338 533 2414; x_wconf 87' lang='lat' dir='ltr'>possitne</span> <span class='ocrx_word' id='word_1_183' title='bbox 555 2338 716 2414; x_wconf 88' lang='lat' dir='ltr'>Remigius,</span> <span class='ocrx_word' id='word_1_184' title='bbox 738 2358 815 2415; x_wconf 90' lang='lat' dir='ltr'>quae</span> <span class='ocrx_word' id='word_1_185' title='bbox 835 2338 960 2398; x_wconf 90' lang='lat' dir='ltr'>iocando</span> <span class='ocrx_word' id='word_1_186' title='bbox 982 2337 1119 2407; x_wconf 88' lang='lat' dir='ltr'>minatur,</span> <span class='ocrx_word' id='word_1_187' title='bbox 1142 2337 1220 2398; x_wconf 85' lang='lat' dir='ltr'>serio</span> <span class='ocrx_word' id='word_1_188' title='bbox 1242 2339 1375 2415; x_wconf 85' lang='lat' dir='ltr'>exsequi.</span> 
     </span>
    </p>
   </div>
   <div class='ocr_carea' id='block_1_7' title="bbox 741 2520 877 2589">
    <p class='ocr_par' dir='ltr' id='par_1_8' title="bbox 741 2520 877 2589">
     <span class='ocr_line' id='line_1_23' title="bbox 741 2520 877 2589; baseline -0.015 0"><span class='ocrx_word' id='word_1_189' title='bbox 741 2520 877 2589; x_wconf 86' lang='lat' dir='ltr'>Solutio.</span> 
     </span>
    </p>
   </div>
   <div class='ocr_carea' id='block_1_8' title="bbox 103 2643 1477 4422">
    <p class='ocr_par' dir='ltr' id='par_1_9' title="bbox 103 2643 1477 3531">
     <span class='ocr_line' id='line_1_24' title="bbox 103 2643 1476 2727; baseline 0 -16"><span class='ocrx_word' id='word_1_190' title='bbox 103 2657 136 2711; x_wconf 83' lang='lat'>82</span> <span class='ocrx_word' id='word_1_191' title='bbox 236 2645 288 2710; x_wconf 87' lang='lat' dir='ltr'>An</span> <span class='ocrx_word' id='word_1_192' title='bbox 312 2666 503 2721; x_wconf 78' lang='lat' dir='ltr'>quaasmurr</span> <span class='ocrx_word' id='word_1_193' title='bbox 529 2650 567 2709; x_wconf 74' lang='lat'>1¹²</span> <span class='ocrx_word' id='word_1_194' title='bbox 590 2646 629 2711; x_wconf 85' lang='lat' dir='ltr'>R.</span> <span class='ocrx_word' id='word_1_195' title='bbox 654 2648 683 2711; x_wconf 91' lang='lat'>1.</span> <span class='ocrx_word' id='word_1_196' title='bbox 729 2643 835 2727; x_wconf 87' lang='lat' dir='ltr'>Leges</span> <span class='ocrx_word' id='word_1_197' title='bbox 867 2644 941 2708; x_wconf 80' lang='lat' dir='ltr'>illas</span> <span class='ocrx_word' id='word_1_198' title='bbox 974 2665 1071 2710; x_wconf 90' lang='lat' dir='ltr'>veras</span> <span class='ocrx_word' id='word_1_199' title='bbox 1102 2646 1194 2726; x_wconf 88' lang='lat' dir='ltr'>leges</span> <span class='ocrx_word' id='word_1_200' title='bbox 1227 2665 1300 2711; x_wconf 87' lang='lat' dir='ltr'>esse</span> <span class='ocrx_word' id='word_1_201' title='bbox 1331 2646 1476 2711; x_wconf 92' lang='lat' dir='ltr'>nondum</span> 
     </span>
     <span class='ocr_line' id='line_1_25' title="bbox 146 2733 1477 2820; baseline 0.002 -21"><span class='ocrx_word' id='word_1_202' title='bbox 146 2734 294 2816; x_wconf 90' lang='lat' dir='ltr'>sequitur</span> <span class='ocrx_word' id='word_1_203' title='bbox 317 2755 359 2800; x_wconf 84' lang='lat' dir='ltr'>ex</span> <span class='ocrx_word' id='word_1_204' title='bbox 383 2754 422 2800; x_wconf 93' lang='lat' dir='ltr'>eo</span> <span class='ocrx_word' id='word_1_205' title='bbox 445 2735 531 2817; x_wconf 92' lang='lat' dir='ltr'>qnod</span> <span class='ocrx_word' id='word_1_206' title='bbox 554 2756 575 2800; x_wconf 93' lang='lat' dir='ltr'>a</span> <span class='ocrx_word' id='word_1_207' title='bbox 597 2737 764 2820; x_wconf 86' lang='lat' dir='ltr'>potestate</span> <span class='ocrx_word' id='word_1_208' title='bbox 780 2733 924 2815; x_wconf 91' lang='lat' dir='ltr'>alioquin</span> <span class='ocrx_word' id='word_1_209' title='bbox 947 2733 1087 2816; x_wconf 84' lang='lat' dir='ltr'>legifera</span> <span class='ocrx_word' id='word_1_210' title='bbox 1102 2738 1239 2799; x_wconf 86' lang='lat' dir='ltr'>exortae</span> <span class='ocrx_word' id='word_1_211' title='bbox 1262 2734 1337 2802; x_wconf 91' lang='lat' dir='ltr'>sint.</span> <span class='ocrx_word' id='word_1_212' title='bbox 1375 2734 1477 2801; x_wconf 87' lang='lat' dir='ltr'>Secus</span> 
     </span>
     <span class='ocr_line' id='line_1_26' title="bbox 146 2822 1476 2905; baseline 0.002 -17"><span class='ocrx_word' id='word_1_213' title='bbox 146 2824 246 2889; x_wconf 88' lang='lat' dir='ltr'>etiam</span> <span class='ocrx_word' id='word_1_214' title='bbox 270 2823 378 2889; x_wconf 89' lang='lat' dir='ltr'>edicta</span> <span class='ocrx_word' id='word_1_215' title='bbox 401 2823 608 2890; x_wconf 90' lang='lat' dir='ltr'>Diocletiana</span> <span class='ocrx_word' id='word_1_216' title='bbox 631 2828 747 2891; x_wconf 88' lang='lat' dir='ltr'>contra</span> <span class='ocrx_word' id='word_1_217' title='bbox 766 2823 961 2889; x_wconf 89' lang='lat' dir='ltr'>christianos</span> <span class='ocrx_word' id='word_1_218' title='bbox 977 2844 1075 2888; x_wconf 89' lang='lat' dir='ltr'>verae</span> <span class='ocrx_word' id='word_1_219' title='bbox 1093 2824 1185 2905; x_wconf 86' lang='lat' dir='ltr'>leges</span> <span class='ocrx_word' id='word_1_220' title='bbox 1200 2822 1302 2888; x_wconf 90' lang='lat' dir='ltr'>fuisse</span> <span class='ocrx_word' id='word_1_221' title='bbox 1317 2823 1476 2891; x_wconf 88' lang='lat' dir='ltr'>dicendae</span> 
     </span>
     <span class='ocr_line' id='line_1_27' title="bbox 147 2912 1476 2997; baseline 0.001 -19"><span class='ocrx_word' id='word_1_222' title='bbox 147 2917 266 2979; x_wconf 88' lang='lat' dir='ltr'>essent.</span> <span class='ocrx_word' id='word_1_223' title='bbox 312 2912 382 2978; x_wconf 87' lang='lat' dir='ltr'>lam</span> <span class='ocrx_word' id='word_1_224' title='bbox 413 2934 513 2997; x_wconf 88' lang='lat' dir='ltr'>supra</span> <span class='ocrx_word' id='word_1_225' title='bbox 543 2913 665 2979; x_wconf 89' lang='lat' dir='ltr'>dictum</span> <span class='ocrx_word' id='word_1_226' title='bbox 695 2917 747 2979; x_wconf 89' lang='lat' dir='ltr'>est</span> <span class='ocrx_word' id='word_1_227' title='bbox 777 2933 819 2977; x_wconf 87' lang='lat' dir='ltr'>ex</span> <span class='ocrx_word' id='word_1_228' title='bbox 850 2913 881 2978; x_wconf 86' lang='lat' dir='ltr'>S.</span> <span class='ocrx_word' id='word_1_229' title='bbox 907 2912 1059 2978; x_wconf 85' lang='lat' dir='ltr'>Thema</span> <span class='ocrx_word' id='word_1_230' title='bbox 1087 2912 1195 2994; x_wconf 88' lang='lat' dir='ltr'>legem</span> <span class='ocrx_word' id='word_1_231' title='bbox 1223 2913 1330 2994; x_wconf 88' lang='lat' dir='ltr'>quoad</span> <span class='ocrx_word' id='word_1_232' title='bbox 1361 2913 1476 2980; x_wconf 90' lang='lat' dir='ltr'>defini·</span> 
     </span>
     <span class='ocr_line' id='line_1_28' title="bbox 146 3001 1476 3086; baseline -0.001 -17"><span class='ocrx_word' id='word_1_233' title='bbox 146 3003 268 3070; x_wconf 90' lang='lat' dir='ltr'>tionem</span> <span class='ocrx_word' id='word_1_234' title='bbox 301 3006 334 3067; x_wconf 93' lang='lat' dir='ltr'>et</span> <span class='ocrx_word' id='word_1_235' title='bbox 365 3002 542 3068; x_wconf 88' lang='lat' dir='ltr'>essentiam</span> <span class='ocrx_word' id='word_1_236' title='bbox 565 3023 658 3068; x_wconf 90' lang='lat' dir='ltr'>suam</span> <span class='ocrx_word' id='word_1_237' title='bbox 682 3003 850 3067; x_wconf 90' lang='lat' dir='ltr'>continere</span> <span class='ocrx_word' id='word_1_238' title='bbox 873 3001 954 3066; x_wconf 87' lang='lat' dir='ltr'>haec</span> <span class='ocrx_word' id='word_1_239' title='bbox 978 3002 1149 3080; x_wconf 87' lang='lat' dir='ltr'>elementa,</span> <span class='ocrx_word' id='word_1_240' title='bbox 1174 3005 1212 3067; x_wconf 90' lang='lat' dir='ltr'>ut</span> <span class='ocrx_word' id='word_1_241' title='bbox 1235 3001 1280 3067; x_wconf 87' lang='lat' dir='ltr'>sit</span> <span class='ocrx_word' id='word_1_242' title='bbox 1313 3002 1367 3086; x_wconf 84' lang='lat'>,1)</span> <span class='ocrx_word' id='word_1_243' title='bbox 1390 3003 1476 3069; x_wconf 89' lang='lat' dir='ltr'>ordi·</span> 
     </span>
     <span class='ocr_line' id='line_1_29' title="bbox 146 3090 1474 3175; baseline 0.002 -19"><span class='ocrx_word' id='word_1_244' title='bbox 146 3092 236 3158; x_wconf 86' lang='lat' dir='ltr'>natio</span> <span class='ocrx_word' id='word_1_245' title='bbox 254 3091 401 3170; x_wconf 88' lang='lat' dir='ltr'>rationis,</span> <span class='ocrx_word' id='word_1_246' title='bbox 425 3091 459 3173; x_wconf 88' lang='grc'>2)</span> <span class='ocrx_word' id='word_1_247' title='bbox 476 3092 518 3157; x_wconf 90' lang='lat' dir='ltr'>ab</span> <span class='ocrx_word' id='word_1_248' title='bbox 535 3112 573 3157; x_wconf 90' lang='lat' dir='ltr'>eo</span> <span class='ocrx_word' id='word_1_249' title='bbox 589 3092 643 3173; x_wconf 94' lang='lat' dir='ltr'>qui</span> <span class='ocrx_word' id='word_1_250' title='bbox 661 3112 771 3156; x_wconf 88' lang='lat' dir='ltr'>curam</span> <span class='ocrx_word' id='word_1_251' title='bbox 790 3090 1032 3156; x_wconf 87' lang='lat' dir='ltr'>communitatis</span> <span class='ocrx_word' id='word_1_252' title='bbox 1048 3090 1157 3169; x_wconf 86' lang='lat' dir='ltr'>habet,</span> <span class='ocrx_word' id='word_1_253' title='bbox 1181 3090 1215 3172; x_wconf 86' lang='lat'>3)</span> <span class='ocrx_word' id='word_1_254' title='bbox 1231 3091 1474 3175; x_wconf 82' lang='lat' dir='ltr'>promulgata“.</span> 
     </span>
     <span class='ocr_line' id='line_1_30' title="bbox 146 3180 1474 3263; baseline -0.001 -15"><span class='ocrx_word' id='word_1_255' title='bbox 146 3182 192 3248; x_wconf 90' lang='lat' dir='ltr'>Ut</span> <span class='ocrx_word' id='word_1_256' title='bbox 222 3181 266 3246; x_wconf 89' lang='lat' dir='ltr'>sit</span> <span class='ocrx_word' id='word_1_257' title='bbox 296 3181 458 3248; x_wconf 88' lang='lat' dir='ltr'>ordinatio</span> <span class='ocrx_word' id='word_1_258' title='bbox 490 3185 635 3263; x_wconf 66' lang='lat' dir='ltr'>rationis</span> <span class='ocrx_word' id='word_1_259' title='bbox 667 3181 765 3246; x_wconf 91' lang='lat' dir='ltr'>debet</span> <span class='ocrx_word' id='word_1_260' title='bbox 794 3201 867 3245; x_wconf 88' lang='lat' dir='ltr'>esse</span> <span class='ocrx_word' id='word_1_261' title='bbox 897 3181 930 3260; x_wconf 92' lang='lat' dir='ltr'>a)</span> <span class='ocrx_word' id='word_1_262' title='bbox 954 3180 1102 3258; x_wconf 91' lang='lat' dir='ltr'>honesta,</span> <span class='ocrx_word' id='word_1_263' title='bbox 1133 3180 1168 3262; x_wconf 89' lang='lat' dir='ltr'>b)</span> <span class='ocrx_word' id='word_1_264' title='bbox 1192 3180 1288 3258; x_wconf 89' lang='lat' dir='ltr'>iusta,</span> <span class='ocrx_word' id='word_1_265' title='bbox 1318 3180 1349 3263; x_wconf 85' lang='lat' dir='ltr'>c)</span> <span class='ocrx_word' id='word_1_266' title='bbox 1373 3181 1474 3247; x_wconf 87' lang='lat' dir='ltr'>utilis.</span> 
     </span>
     <span class='ocr_line' id='line_1_31' title="bbox 145 3268 1476 3353; baseline 0.001 -19"><span class='ocrx_word' id='word_1_267' title='bbox 145 3269 285 3346; x_wconf 83' lang='lat' dir='ltr'>Quorum</span> <span class='ocrx_word' id='word_1_268' title='bbox 311 3271 546 3336; x_wconf 89' lang='lat' dir='ltr'>elementorum</span> <span class='ocrx_word' id='word_1_269' title='bbox 570 3270 598 3334; x_wconf 91' lang='lat' dir='ltr'>si</span> <span class='ocrx_word' id='word_1_270' title='bbox 621 3291 721 3334; x_wconf 91' lang='lat' dir='ltr'>unum</span> <span class='ocrx_word' id='word_1_271' title='bbox 746 3277 852 3353; x_wconf 79' lang='lat' dir='ltr'>aperte</span> <span class='ocrx_word' id='word_1_272' title='bbox 876 3268 978 3346; x_wconf 85' lang='lat' dir='ltr'>deest,</span> <span class='ocrx_word' id='word_1_273' title='bbox 1009 3290 1049 3334; x_wconf 89' lang='lat' dir='ltr'>ea</span> <span class='ocrx_word' id='word_1_274' title='bbox 1072 3290 1156 3351; x_wconf 85' lang='lat' dir='ltr'>quae</span> <span class='ocrx_word' id='word_1_275' title='bbox 1179 3290 1238 3353; x_wconf 91' lang='lat' dir='ltr'>pro</span> <span class='ocrx_word' id='word_1_276' title='bbox 1261 3271 1335 3352; x_wconf 90' lang='lat' dir='ltr'>lege</span> <span class='ocrx_word' id='word_1_277' title='bbox 1358 3269 1476 3335; x_wconf 87' lang='lat' dir='ltr'>vendi·</span> 
     </span>
     <span class='ocr_line' id='line_1_32' title="bbox 144 3357 1475 3442; baseline 0.001 -18"><span class='ocrx_word' id='word_1_278' title='bbox 144 3364 208 3435; x_wconf 88' lang='lat' dir='ltr'>tur,</span> <span class='ocrx_word' id='word_1_279' title='bbox 233 3360 420 3424; x_wconf 88' lang='lat' dir='ltr'>nullatenus</span> <span class='ocrx_word' id='word_1_280' title='bbox 444 3363 496 3425; x_wconf 84' lang='lat' dir='ltr'>est</span> <span class='ocrx_word' id='word_1_281' title='bbox 518 3360 589 3436; x_wconf 87' lang='lat' dir='ltr'>lex;</span> <span class='ocrx_word' id='word_1_282' title='bbox 620 3359 653 3423; x_wconf 92' lang='lat' dir='ltr'>in</span> <span class='ocrx_word' id='word_1_283' title='bbox 684 3359 753 3424; x_wconf 88' lang='lat' dir='ltr'>solo</span> <span class='ocrx_word' id='word_1_284' title='bbox 778 3359 874 3423; x_wconf 82' lang='lat' dir='ltr'>dubio</span> <span class='ocrx_word' id='word_1_285' title='bbox 897 3358 1119 3442; x_wconf 89' lang='lat' dir='ltr'>praesumptio</span> <span class='ocrx_word' id='word_1_286' title='bbox 1143 3362 1213 3425; x_wconf 90' lang='lat' dir='ltr'>stat</span> <span class='ocrx_word' id='word_1_287' title='bbox 1243 3379 1301 3442; x_wconf 89' lang='lat' dir='ltr'>pro</span> <span class='ocrx_word' id='word_1_288' title='bbox 1324 3357 1475 3442; x_wconf 90' lang='lat' dir='ltr'>legitimo</span> 
     </span>
     <span class='ocr_line' id='line_1_33' title="bbox 144 3467 321 3531; baseline 0.011 -19"><span class='ocrx_word' id='word_1_289' title='bbox 144 3467 321 3531; x_wconf 80' lang='lat' dir='ltr'>superiore.</span> 
     </span>
    </p>

    <p class='ocr_par' dir='ltr' id='par_1_10' title="bbox 142 3535 1476 4422">
     <span class='ocr_line' id='line_1_34' title="bbox 233 3535 1474 3618; baseline 0.001 -17"><span class='ocrx_word' id='word_1_290' title='bbox 233 3535 279 3601; x_wconf 88' lang='lat' dir='ltr'>At</span> <span class='ocrx_word' id='word_1_291' title='bbox 303 3557 345 3601; x_wconf 86' lang='lat' dir='ltr'>ex</span> <span class='ocrx_word' id='word_1_292' title='bbox 368 3536 538 3602; x_wconf 91' lang='lat' dir='ltr'>elementis</span> <span class='ocrx_word' id='word_1_293' title='bbox 562 3536 613 3601; x_wconf 91' lang='lat' dir='ltr'>hic</span> <span class='ocrx_word' id='word_1_294' title='bbox 637 3536 837 3601; x_wconf 85' lang='lat' dir='ltr'>enumeratis</span> <span class='ocrx_word' id='word_1_295' title='bbox 860 3536 894 3600; x_wconf 93' lang='lat' dir='ltr'>in</span> <span class='ocrx_word' id='word_1_296' title='bbox 916 3535 1052 3618; x_wconf 86' lang='lat' dir='ltr'>legibue,</span> <span class='ocrx_word' id='word_1_297' title='bbox 1078 3535 1118 3601; x_wconf 90' lang='lat' dir='ltr'>de</span> <span class='ocrx_word' id='word_1_298' title='bbox 1142 3537 1257 3618; x_wconf 87' lang='lat' dir='ltr'>quibus</span> <span class='ocrx_word' id='word_1_299' title='bbox 1278 3556 1387 3602; x_wconf 89' lang='lat' dir='ltr'>sermo</span> <span class='ocrx_word' id='word_1_300' title='bbox 1411 3539 1474 3612; x_wconf 87' lang='lat' dir='ltr'>est,</span> 
     </span>
     <span class='ocr_line' id='line_1_35' title="bbox 143 3623 1476 3708; baseline 0.003 -19"><span class='ocrx_word' id='word_1_301' title='bbox 143 3625 315 3708; x_wconf 87' lang='lat' dir='ltr'>pleraque,</span> <span class='ocrx_word' id='word_1_302' title='bbox 346 3646 409 3690; x_wconf 92' lang='lat' dir='ltr'>non</span> <span class='ocrx_word' id='word_1_303' title='bbox 442 3647 540 3691; x_wconf 94' lang='lat' dir='ltr'>unum</span> <span class='ocrx_word' id='word_1_304' title='bbox 571 3630 716 3701; x_wconf 87' lang='lat' dir='ltr'>tantum,</span> <span class='ocrx_word' id='word_1_305' title='bbox 748 3629 863 3708; x_wconf 88' lang='lat' dir='ltr'>aperte</span> <span class='ocrx_word' id='word_1_306' title='bbox 893 3624 1020 3690; x_wconf 90' lang='lat' dir='ltr'>desunt.</span> <span class='ocrx_word' id='word_1_307' title='bbox 1070 3623 1102 3705; x_wconf 90' lang='lat'>1)</span> <span class='ocrx_word' id='word_1_308' title='bbox 1131 3624 1206 3690; x_wconf 89' lang='lat' dir='ltr'>Non</span> <span class='ocrx_word' id='word_1_309' title='bbox 1237 3630 1314 3692; x_wconf 91' lang='lat' dir='ltr'>sunt</span> <span class='ocrx_word' id='word_1_310' title='bbox 1336 3646 1416 3691; x_wconf 90' lang='lat' dir='ltr'>vere</span> <span class='ocrx_word' id='word_1_311' title='bbox 1440 3631 1476 3693; x_wconf 87' lang='lat' dir='ltr'>et</span> 
     </span>
     <span class='ocr_line' id='line_1_36' title="bbox 144 3714 1475 3798; baseline 0.003 -20"><span class='ocrx_word' id='word_1_312' title='bbox 144 3719 233 3780; x_wconf 90' lang='lat' dir='ltr'>recte</span> <span class='ocrx_word' id='word_1_313' title='bbox 250 3714 411 3780; x_wconf 91' lang='lat' dir='ltr'>ordinatio</span> <span class='ocrx_word' id='word_1_314' title='bbox 428 3718 565 3779; x_wconf 79' lang='lat' dir='ltr'>rationis</span> <span class='ocrx_word' id='word_1_315' title='bbox 571 3738 585 3796; x_wconf 86' lang='lat'>,·</span> <span class='ocrx_word' id='word_1_316' title='bbox 607 3736 681 3779; x_wconf 87' lang='lat' dir='ltr'>nam</span> <span class='ocrx_word' id='word_1_317' title='bbox 699 3714 867 3798; x_wconf 84' lang='lat' dir='ltr'>multiplici</span> <span class='ocrx_word' id='word_1_318' title='bbox 885 3714 993 3797; x_wconf 88' lang='lat' dir='ltr'>capite</span> <span class='ocrx_word' id='word_1_319' title='bbox 1016 3736 1080 3779; x_wconf 80' lang='lat' dir='ltr'>non</span> <span class='ocrx_word' id='word_1_320' title='bbox 1099 3720 1177 3780; x_wconf 89' lang='lat' dir='ltr'>sunt</span> <span class='ocrx_word' id='word_1_321' title='bbox 1194 3718 1314 3779; x_wconf 82' lang='lat' dir='ltr'>iustae:</span> <span class='ocrx_word' id='word_1_322' title='bbox 1337 3714 1475 3782; x_wconf 90' lang='lat' dir='ltr'>laedunt</span> 
     </span>
     <span class='ocr_line' id='line_1_37' title="bbox 143 3802 1473 3887; baseline 0.002 -20"><span class='ocrx_word' id='word_1_323' title='bbox 143 3804 194 3867; x_wconf 88' lang='lat' dir='ltr'>ius</span> <span class='ocrx_word' id='word_1_324' title='bbox 224 3804 373 3887; x_wconf 86' lang='lat' dir='ltr'>superius</span> <span class='ocrx_word' id='word_1_325' title='bbox 398 3804 574 3880; x_wconf 82' lang='lat' dir='ltr'>Ecclesiae,</span> <span class='ocrx_word' id='word_1_326' title='bbox 609 3803 659 3868; x_wconf 90' lang='lat' dir='ltr'>ius</span> <span class='ocrx_word' id='word_1_327' title='bbox 689 3803 878 3879; x_wconf 85' lang='lat' dir='ltr'>sacerdotia,</span> <span class='ocrx_word' id='word_1_328' title='bbox 910 3803 960 3868; x_wconf 90' lang='lat' dir='ltr'>ius</span> <span class='ocrx_word' id='word_1_329' title='bbox 990 3803 1102 3886; x_wconf 91' lang='lat' dir='ltr'>populi</span> <span class='ocrx_word' id='word_1_330' title='bbox 1132 3802 1283 3869; x_wconf 88' lang='lat' dir='ltr'>catholici</span> <span class='ocrx_word' id='word_1_331' title='bbox 1305 3839 1350 3848; x_wconf 88' lang='lat'><em>-</em></span> <span class='ocrx_word' id='word_1_332' title='bbox 1373 3804 1473 3870; x_wconf 90' lang='lat' dir='ltr'>immo</span> 
     </span>
     <span class='ocr_line' id='line_1_38' title="bbox 146 3892 1474 3975; baseline 0.002 -18"><span class='ocrx_word' id='word_1_333' title='bbox 146 3892 287 3958; x_wconf 82' lang='lat' dir='ltr'>fortasse</span> <span class='ocrx_word' id='word_1_334' title='bbox 310 3894 514 3957; x_wconf 88' lang='lat' dir='ltr'>sacerdotem</span> <span class='ocrx_word' id='word_1_335' title='bbox 538 3894 578 3958; x_wconf 91' lang='lat' dir='ltr'>ad</span> <span class='ocrx_word' id='word_1_336' title='bbox 603 3892 776 3958; x_wconf 86' lang='lat' dir='ltr'>inhonesta</span> <span class='ocrx_word' id='word_1_337' title='bbox 800 3898 834 3959; x_wconf 93' lang='lat' dir='ltr'>et</span> <span class='ocrx_word' id='word_1_338' title='bbox 856 3892 971 3959; x_wconf 87' lang='lat' dir='ltr'>illicita</span> <span class='ocrx_word' id='word_1_339' title='bbox 995 3892 1200 3975; x_wconf 87' lang='lat' dir='ltr'>adstringere</span> <span class='ocrx_word' id='word_1_340' title='bbox 1223 3896 1373 3969; x_wconf 87' lang='lat' dir='ltr'>tentant;</span> <span class='ocrx_word' id='word_1_341' title='bbox 1398 3892 1474 3959; x_wconf 90' lang='lat' dir='ltr'>hino</span> 
     </span>
     <span class='ocr_line' id='line_1_39' title="bbox 143 3981 1474 4069; baseline 0.002 -23"><span class='ocrx_word' id='word_1_342' title='bbox 143 4005 242 4068; x_wconf 79' lang='lat' dir='ltr'>neque</span> <span class='ocrx_word' id='word_1_343' title='bbox 271 3984 418 4048; x_wconf 75' lang='lat' dir='ltr'>torreatur</span> <span class='ocrx_word' id='word_1_344' title='bbox 449 4006 546 4069; x_wconf 74' lang='lat' dir='ltr'>neque</span> <span class='ocrx_word' id='word_1_345' title='bbox 575 3983 667 4046; x_wconf 84' lang='lat' dir='ltr'>utiles</span> <span class='ocrx_word' id='word_1_346' title='bbox 695 3985 781 4047; x_wconf 91' lang='lat' dir='ltr'>sunt.</span> <span class='ocrx_word' id='word_1_347' title='bbox 829 3982 863 4064; x_wconf 88' lang='grc'>2)</span> <span class='ocrx_word' id='word_1_348' title='bbox 891 3982 966 4047; x_wconf 90' lang='lat' dir='ltr'>Non</span> <span class='ocrx_word' id='word_1_349' title='bbox 997 3981 1247 4065; x_wconf 91' lang='lat' dir='ltr'>proficiscuntur</span> <span class='ocrx_word' id='word_1_350' title='bbox 1275 3983 1317 4046; x_wconf 85' lang='lat' dir='ltr'>ab</span> <span class='ocrx_word' id='word_1_351' title='bbox 1348 4003 1387 4048; x_wconf 90' lang='lat' dir='ltr'>eo</span> <span class='ocrx_word' id='word_1_352' title='bbox 1418 3983 1474 4065; x_wconf 91' lang='lat' dir='ltr'>qui</span> 
     </span>
     <span class='ocr_line' id='line_1_40' title="bbox 144 4070 1474 4153; baseline 0 -17"><span class='ocrx_word' id='word_1_353' title='bbox 144 4093 256 4136; x_wconf 90' lang='lat' dir='ltr'>curam</span> <span class='ocrx_word' id='word_1_354' title='bbox 281 4071 523 4137; x_wconf 86' lang='lat' dir='ltr'>communitatis</span> <span class='ocrx_word' id='word_1_355' title='bbox 547 4071 657 4148; x_wconf 89' lang='lat' dir='ltr'>habet,</span> <span class='ocrx_word' id='word_1_356' title='bbox 682 4092 739 4135; x_wconf 89' lang='lat' dir='ltr'>seu</span> <span class='ocrx_word' id='word_1_357' title='bbox 764 4072 805 4136; x_wconf 93' lang='lat' dir='ltr'>ab</span> <span class='ocrx_word' id='word_1_358' title='bbox 829 4071 1029 4137; x_wconf 89' lang='lat' dir='ltr'>auctoritate</span> <span class='ocrx_word' id='word_1_359' title='bbox 1052 4071 1209 4153; x_wconf 87' lang='lat' dir='ltr'>legitima.</span> <span class='ocrx_word' id='word_1_360' title='bbox 1247 4070 1334 4136; x_wconf 89' lang='lat' dir='ltr'>Nam</span> <span class='ocrx_word' id='word_1_361' title='bbox 1360 4092 1474 4138; x_wconf 90' lang='lat' dir='ltr'>curam</span> 
     </span>
     <span class='ocr_line' id='line_1_41' title="bbox 143 4160 1474 4243; baseline 0.002 -18"><span class='ocrx_word' id='word_1_362' title='bbox 143 4181 251 4225; x_wconf 91' lang='lat' dir='ltr'>rerum</span> <span class='ocrx_word' id='word_1_363' title='bbox 274 4161 501 4243; x_wconf 88' lang='lat' dir='ltr'>religiosarum</span> <span class='ocrx_word' id='word_1_364' title='bbox 531 4165 631 4242; x_wconf 86' lang='lat' dir='ltr'>atque</span> <span class='ocrx_word' id='word_1_365' title='bbox 661 4181 771 4225; x_wconf 90' lang='lat' dir='ltr'>curam</span> <span class='ocrx_word' id='word_1_366' title='bbox 806 4160 1049 4226; x_wconf 85' lang='lat' dir='ltr'>communitatis</span> <span class='ocrx_word' id='word_1_367' title='bbox 1073 4160 1246 4242; x_wconf 85' lang='lat' dir='ltr'>religiosae</span> <span class='ocrx_word' id='word_1_368' title='bbox 1279 4181 1344 4224; x_wconf 90' lang='lat' dir='ltr'>non</span> <span class='ocrx_word' id='word_1_369' title='bbox 1371 4160 1474 4227; x_wconf 87' lang='lat' dir='ltr'>habet</span> 
     </span>
     <span class='ocr_line' id='line_1_42' title="bbox 143 4249 1472 4331; baseline 0 -16"><span class='ocrx_word' id='word_1_370' title='bbox 143 4250 323 4316; x_wconf 86' lang='lat' dir='ltr'>auctoritas</span> <span class='ocrx_word' id='word_1_371' title='bbox 353 4249 468 4314; x_wconf 88' lang='lat' dir='ltr'>civilis.</span> <span class='ocrx_word' id='word_1_372' title='bbox 525 4250 608 4315; x_wconf 87' lang='lat' dir='ltr'>Hinc</span> <span class='ocrx_word' id='word_1_373' title='bbox 637 4249 743 4314; x_wconf 89' lang='lat' dir='ltr'>minus</span> <span class='ocrx_word' id='word_1_374' title='bbox 773 4250 869 4315; x_wconf 88' lang='lat' dir='ltr'>adest</span> <span class='ocrx_word' id='word_1_375' title='bbox 899 4249 1047 4331; x_wconf 87' lang='lat' dir='ltr'>legitima</span> <span class='ocrx_word' id='word_1_376' title='bbox 1077 4250 1274 4324; x_wconf 89' lang='lat' dir='ltr'>auctoritas,</span> <span class='ocrx_word' id='word_1_377' title='bbox 1311 4269 1409 4331; x_wconf 87' lang='lat' dir='ltr'>quam</span> <span class='ocrx_word' id='word_1_378' title='bbox 1445 4251 1472 4315; x_wconf 90' lang='lat' dir='ltr'>si</span> 
     </span>
     <span class='ocr_line' id='line_1_43' title="bbox 142 4338 1388 4422; baseline 0 -18"><span class='ocrx_word' id='word_1_379' title='bbox 142 4339 334 4421; x_wconf 90' lang='lat' dir='ltr'>gubernium</span> <span class='ocrx_word' id='word_1_380' title='bbox 359 4339 513 4421; x_wconf 89' lang='lat' dir='ltr'>gallicum</span> <span class='ocrx_word' id='word_1_381' title='bbox 538 4340 629 4421; x_wconf 89' lang='lat' dir='ltr'>leges</span> <span class='ocrx_word' id='word_1_382' title='bbox 653 4339 793 4404; x_wconf 90' lang='lat' dir='ltr'>condere</span> <span class='ocrx_word' id='word_1_383' title='bbox 816 4339 917 4404; x_wconf 87' lang='lat' dir='ltr'>vellet</span> <span class='ocrx_word' id='word_1_384' title='bbox 940 4360 999 4422; x_wconf 90' lang='lat' dir='ltr'>pro</span> <span class='ocrx_word' id='word_1_385' title='bbox 1023 4338 1159 4422; x_wconf 90' lang='lat' dir='ltr'>imperio</span> <span class='ocrx_word' id='word_1_386' title='bbox 1184 4338 1388 4404; x_wconf 81' lang='lat' dir='ltr'>Germaniae.</span> 
     </span>
    </p>
   </div>
   <div class='ocr_carea' id='block_1_9' title="bbox 142 4442 1473 4706">
    <p class='ocr_par' dir='ltr' id='par_1_11' title="bbox 142 4442 1473 4706">
     <span class='ocr_line' id='line_1_44' title="bbox 230 4442 1473 4528; baseline 0.001 -19"><span class='ocrx_word' id='word_1_387' title='bbox 230 4446 269 4512; x_wconf 92' lang='lat' dir='ltr'>R.</span> <span class='ocrx_word' id='word_1_388' title='bbox 295 4447 325 4509; x_wconf 80' lang='lat'>2.</span> <span class='ocrx_word' id='word_1_389' title='bbox 373 4443 492 4520; x_wconf 82' lang='lat' dir='ltr'>Quodsi</span> <span class='ocrx_word' id='word_1_390' title='bbox 515 4445 606 4525; x_wconf 89' lang='lat' dir='ltr'>leges</span> <span class='ocrx_word' id='word_1_391' title='bbox 629 4444 721 4528; x_wconf 83' lang='lat' dir='ltr'>ipsae</span> <span class='ocrx_word' id='word_1_392' title='bbox 746 4465 810 4526; x_wconf 88' lang='lat' dir='ltr'>qua</span> <span class='ocrx_word' id='word_1_393' title='bbox 840 4443 1051 4528; x_wconf 90' lang='lat' dir='ltr'>prohibentes</span> <span class='ocrx_word' id='word_1_394' title='bbox 1080 4442 1244 4508; x_wconf 91' lang='lat' dir='ltr'>invalidae</span> <span class='ocrx_word' id='word_1_395' title='bbox 1272 4464 1331 4508; x_wconf 90' lang='lat' dir='ltr'>seu</span> <span class='ocrx_word' id='word_1_396' title='bbox 1361 4443 1473 4511; x_wconf 89' lang='lat' dir='ltr'>nullae</span> 
     </span>
     <span class='ocr_line' id='line_1_45' title="bbox 142 4532 1471 4617; baseline 0.001 -19"><span class='ocrx_word' id='word_1_397' title='bbox 142 4539 227 4610; x_wconf 87' lang='lat' dir='ltr'>sunt,</span> <span class='ocrx_word' id='word_1_398' title='bbox 253 4534 352 4599; x_wconf 85' lang='lat' dir='ltr'>etiam</span> <span class='ocrx_word' id='word_1_399' title='bbox 376 4555 481 4617; x_wconf 88' lang='lat' dir='ltr'>poena</span> <span class='ocrx_word' id='word_1_400' title='bbox 504 4534 803 4616; x_wconf 86' lang='lat' dir='ltr'>transgressoribus</span> <span class='ocrx_word' id='word_1_401' title='bbox 827 4533 1007 4598; x_wconf 84' lang='lat' dir='ltr'>constituta</span> <span class='ocrx_word' id='word_1_402' title='bbox 1031 4553 1095 4596; x_wconf 94' lang='lat' dir='ltr'>non</span> <span class='ocrx_word' id='word_1_403' title='bbox 1127 4532 1196 4597; x_wconf 91' lang='lat' dir='ltr'>iure</span> <span class='ocrx_word' id='word_1_404' title='bbox 1219 4532 1389 4614; x_wconf 87' lang='lat' dir='ltr'>infligitur,</span> <span class='ocrx_word' id='word_1_405' title='bbox 1414 4535 1471 4599; x_wconf 92' lang='lat' dir='ltr'>sed</span> 
     </span>
     <span class='ocr_line' id='line_1_46' title="bbox 142 4621 1470 4706; baseline 0.002 -19"><span class='ocrx_word' id='word_1_406' title='bbox 142 4627 193 4689; x_wconf 90' lang='lat' dir='ltr'>est</span> <span class='ocrx_word' id='word_1_407' title='bbox 208 4623 340 4700; x_wconf 89' lang='lat' dir='ltr'>iniusta,</span> <span class='ocrx_word' id='word_1_408' title='bbox 365 4644 423 4688; x_wconf 88' lang='lat' dir='ltr'>seu</span> <span class='ocrx_word' id='word_1_409' title='bbox 439 4624 531 4704; x_wconf 90' lang='lat' dir='ltr'>leges</span> <span class='ocrx_word' id='word_1_410' title='bbox 546 4623 631 4690; x_wconf 90' lang='lat' dir='ltr'>istae</span> <span class='ocrx_word' id='word_1_411' title='bbox 647 4624 745 4690; x_wconf 89' lang='lat' dir='ltr'>etiam</span> <span class='ocrx_word' id='word_1_412' title='bbox 763 4643 828 4704; x_wconf 89' lang='lat' dir='ltr'>qna</span> <span class='ocrx_word' id='word_1_413' title='bbox 843 4623 998 4706; x_wconf 87' lang='lat' dir='ltr'>poenales</span> <span class='ocrx_word' id='word_1_414' title='bbox 1013 4621 1177 4686; x_wconf 91' lang='lat' dir='ltr'>invalidae</span> <span class='ocrx_word' id='word_1_415' title='bbox 1200 4626 1234 4686; x_wconf 90' lang='lat' dir='ltr'>ct</span> <span class='ocrx_word' id='word_1_416' title='bbox 1257 4623 1367 4688; x_wconf 90' lang='lat' dir='ltr'>nullae</span> <span class='ocrx_word' id='word_1_417' title='bbox 1382 4628 1470 4690; x_wconf 91' lang='lat' dir='ltr'>sunt.</span> 
     </span>
    </p>
   </div>
   <div class='ocr_carea' id='block_1_10' title="bbox 0 0 1558 5168">
    <p class='ocr_par' dir='ltr' id='par_1_12' title="bbox 0 0 1558 5168">
     <span class='ocr_line' id='line_1_47' title="bbox 0 0 1558 5168; baseline 0 2"><span class='ocrx_word' id='word_1_418' title='bbox 0 0 1558 5168; x_wconf 95' lang='lat' dir='ltr'> </span> 
     </span>
    </p>
   </div>
  </div>
 </body>
</html>
