3106 5168
429 264 510 319 Fides
529 263 637 319 divina:
655 263 718 317 fidei
736 262 904 317 confitendae
922 262 1060 332 obligatio.
1364 270 1405 334 97

167 442 253 508 Illud
276 440 421 508 haeresis
444 445 615 525 peccatum
644 461 709 505 non
731 440 802 505 sola
825 439 954 507 articuli
977 439 1053 505 fidei
1075 461 1135 506 seu
1163 441 1211 507 rei
1240 442 1408 510 revelatae

78 532 265 616 negatione,
290 531 348 596 sed
371 530 472 596 etiam
494 529 683 595 voluntaria
705 528 908 595 dubitatione
932 529 1163 606 committitur;
1187 530 1286 596 immo
1307 531 1407 598 etiam

78 622 120 688 ab
144 643 195 698 eo,
219 619 367 705 quirem
390 619 518 702 quidem
542 639 601 703 pro
619 638 698 684 vera
716 617 846 695 habeat,
872 621 908 684 at
931 619 972 683 ob
995 618 1055 683 Dei
1079 618 1243 701 loquentis
1264 620 1408 686 auctori-

77 715 185 778 tatem
209 730 282 775 eam
305 729 364 792 pro
380 728 461 773 vera
476 728 643 773 assumere
666 709 793 772 omnino
808 708 963 773 notauit:
986 707 1040 773 vel
1058 707 1176 773 saltem
1194 709 1409 777 committitur

77 800 142 866 hoc
164 799 260 865 modo
284 802 455 881 peccatum
479 797 608 862 haeresi
630 795 850 878 aequivalens.

169 895 230 974 Qui
246 894 381 961 enimin
397 914 462 959 una
478 893 649 975 aliquare,
673 892 737 959 etsi
753 891 897 972 minima,
921 893 1153 960 auctoritatem
1169 894 1229 959 Dei
1246 895 1408 976 loquentis
1525 957 1536 979 ,

78 986 208 1070 spernit
230 1003 336 1067 neque
359 1003 432 1049 eam
455 982 588 1064 dignam
612 982 711 1058 ducit,
737 981 787 1047 cui
811 981 1021 1059 assentiatur,
1047 1002 1120 1047 eam
1144 982 1336 1067 simpliciter
1358 1005 1408 1050 re

78 1075 153 1150 icit;
178 1094 284 1156 neque
306 1072 442 1154 reliqua,
467 1092 551 1155 quae
574 1075 675 1147 tenet,
699 1075 793 1138 tenet
810 1074 946 1154 propter
964 1071 1025 1136 Dei
1041 1071 1282 1138 auctoritatem.
1318 1073 1409 1138 Fidei

78 1163 183 1247 igitur
198 1163 358 1228 obiectum
376 1159 514 1226 formale
530 1181 588 1225 seu
603 1160 762 1225 motivum
779 1159 889 1238 abicit,
913 1164 1013 1242 atque
1028 1160 1125 1226 fidem
1146 1160 1181 1226 in
1204 1181 1241 1226 ss
1261 1161 1331 1245 ipse
1350 1183 1409 1228 ex-

79 1252 221 1335 stinguit
237 1251 370 1334 eiusque
385 1248 533 1315 habitum
549 1248 682 1315 amittit.
714 1248 761 1315 Cf.
781 1249 910 1330 Lugo,
934 1250 984 1314 De
997 1250 1063 1333 fide
1081 1249 1179 1329 (1.17,
1198 1271 1229 1318 n.
1246 1252 1308 1317 102
1321 1272 1407 1333 sqq.;

80 1342 253 1420 Suarez,
277 1341 328 1406 Da
347 1340 412 1423 fide
436 1340 465 1404 d.
486 1341 537 1416 16,
562 1359 587 1404 s.
607 1341 636 1416 1,
660 1359 692 1405 n.
712 1340 732 1402 2
749 1359 819 1420 sqq.

170 1462 225 1528 An
247 1481 439 1539 quausrrmr
464 1463 503 1525 2¹⁰
526 1461 564 1527 It.
588 1463 616 1527 1.
662 1460 700 1525 In
731 1465 825 1527 aestu
856 1460 1100 1528 contentionum
1130 1466 1279 1546 tempore
1307 1462 1471 1547 ipsiusne

82 1553 216 1619 Concilii
245 1551 398 1617 Vaticani
428 1549 596 1616 excusatio
628 1549 738 1632 aliqua
769 1571 828 1633 pro
858 1548 935 1615 Caio
965 1550 1094 1615 facilius
1124 1551 1253 1618 admitti
1282 1556 1409 1636 potest;

82 1647 231 1709 attamen
264 1640 364 1707 etiam
394 1643 465 1705 tum
497 1638 613 1704 intima
644 1643 754 1704 mente
786 1643 922 1722 paratus
954 1660 1026 1705 esse
1056 1639 1198 1707 debebat
1229 1661 1302 1706 sese
1334 1643 1411 1706 sub-

82 1732 169 1797 icere
200 1751 258 1814 pro
289 1750 383 1805 casn,
416 1727 501 1810 quod
532 1726 702 1792 concilium
729 1727 860 1810 aliquod
884 1727 1056 1796 definierit.
1102 1729 1226 1795 Varum
1256 1735 1332 1813 post
1355 1731 1409 1796 de·

82 1820 263 1887 finitionem
301 1819 404 1884 latam
442 1838 578 1899 eamque
617 1820 654 1882 ut
688 1816 759 1881 veri
797 1817 994 1882 oecumenici
1029 1817 1154 1883 concilii
1190 1819 1411 1886 definitionem

80 1909 214 1974 indubie
244 1907 416 1991 probatam
445 1905 541 1970 Caius
571 1905 693 1970 nullam
724 1905 863 1989 amplius
892 1905 992 1971 habet
1022 1908 1277 1974 excusationem.
1323 1909 1411 1975 Nam

83 2000 110 2063 si
141 1999 244 2062 ullum
274 2017 426 2078 umquam
451 1993 620 2059 concilium
644 1994 707 2063 fuit
735 1994 908 2060 manifeste
932 1995 1174 2061 oecumenicum
1198 1998 1332 2080 eiusque
1355 1999 1411 2064 de-

83 2087 187 2153 finitio
220 2084 418 2151 oecumenici
450 2083 577 2149 concilii
609 2082 773 2149 definitio:
805 2083 838 2148 id
871 2084 977 2165 quoad
1005 2085 1202 2151 Vaticanum
1234 2085 1411 2153 Concilium

83 2197 198 2241 verum
229 2194 301 2239 esse
333 2177 408 2240 tota
436 2172 584 2238 Ecclesia
616 2171 802 2256 approbans
833 2172 1026 2239 manifestat
1057 2174 1245 2241 testimonio
1275 2198 1335 2242 suo
1366 2177 1412 2241 ir-

82 2264 286 2347 refragabili.

173 2369 213 2435 It.
239 2372 269 2437 2.
319 2367 478 2433 Rationes
511 2370 546 2434 et
577 2366 789 2432 difficultates
820 2365 1012 2445 historicae,
1045 2389 1128 2451 quas
1159 2368 1256 2434 Caius
1287 2374 1410 2448 versat,

83 2458 163 2525 nihil
180 2462 316 2542 possunt
332 2457 444 2522 valere
460 2461 575 2523 contra
590 2454 794 2521 infallibilem
810 2457 871 2521 Dei
887 2457 1072 2523 veritatem.
1103 2457 1199 2523 Caius
1215 2478 1256 2523 ne
1272 2458 1411 2543 primum

83 2548 214 2631 quidem
239 2551 431 2630 conceptum
462 2545 501 2610 de
531 2545 595 2610 fide
624 2545 763 2627 fideique
793 2551 870 2611 actu
895 2545 1025 2611 videtur
1054 2546 1192 2625 habere;
1223 2568 1317 2614 secus
1346 2548 1412 2614 illis

83 2637 206 2722 ineptis
229 2634 411 2702 rationibus
434 2634 574 2700 detineri
597 2654 661 2698 non
684 2638 805 2718 posset.

139 2824 141 2828 Ι
174 2741 212 2806 R.
234 2744 264 2807 3.
302 2740 419 2822 Neque
443 2740 529 2821 quod
553 2743 668 2804 contra
691 2740 811 2823 dogma
833 2739 1063 2805 immaculatae
1087 2741 1307 2825 conceptionis
1323 2742 1410 2823 dicit,
1423 2762 1474 2817 193

83 2853 158 2898 eum
175 2831 350 2913 quidquam
373 2828 475 2905 iuvat,
500 2850 605 2911 neque
626 2828 800 2912 quidquam
824 2829 907 2893 invit
931 2849 971 2894 ne
995 2832 1073 2895 ante
1096 2829 1316 2896 definitionem
1341 2832 1411 2914 qui-

83 2921 158 2986 dem
182 2919 335 2985 Vaticani
359 2918 501 2984 Concilii.
548 2917 710 2982 Nimirum
734 2923 810 3001 post
833 2917 1029 2983 Vaticanum
1054 2918 1230 2984 Concilium
1254 2920 1410 2986 eiusmodi

83 3009 240 3090 effugium
263 3007 388 3072 nullum
418 3028 490 3071 esse
521 3010 630 3090 patet,
663 3006 724 3072 etsi
754 3006 788 3071 in
818 3007 1075 3090 proclamatione
1102 3008 1304 3074 immaculati
1334 3030 1411 3074 con·

82 3102 200 3182 ceptus
224 3099 261 3164 B.
286 3097 329 3161 M.
349 3097 387 3161 V.
413 3096 591 3161 habeamus
620 3095 705 3159 nude
735 3095 955 3161 definitionem
982 3096 1083 3161 solius
1112 3096 1149 3160 Ri
1172 3096 1339 3163 Pontificis
1369 3119 1411 3163 ex

83 3187 252 3253 cathedra.
277 3223 321 3230 -
351 3185 453 3250 Immo
477 3185 538 3250 hoc
560 3184 700 3260 factum,
727 3184 878 3251 videlicet
909 3185 981 3250 S¹¹¹¹¹¹¹¹
1005 3185 1194 3250 Pontificem
1224 3185 1326 3251 fuisse
1356 3187 1411 3268 qui

83 3278 207 3359 dogma
236 3277 273 3341 B.
298 3275 424 3340 Mariae
447 3273 487 3339 V.
518 3274 728 3339 immaculate
759 3279 936 3356 conceptae
966 3275 1124 3358 definierit
1152 3313 1197 3322 --
1224 3276 1310 3358 qnod
1333 3276 1411 3342 mihi

82 3366 216 3449 quidem
247 3364 280 3428 in
311 3357 432 3428 animo'
448 3384 512 3428 non
543 3366 596 3428 est
618 3383 740 3444 negare
764 3398 808 3406 —
835 3362 945 3446 potius
969 3363 1112 3430 ostendit
1139 3364 1284 3448 practice
1307 3365 1411 3432 multo

82 3458 162 3521 ante
195 3452 373 3519 Concilium
403 3451 599 3517 Vaticanum
634 3451 671 3516 R¹
699 3451 868 3517 Pontificis
897 3451 1089 3518 sollemnem
1119 3452 1339 3519 definitionem
1370 3455 1411 3521 ab

82 3544 239 3609 universa
254 3540 402 3607 Ecclesia
425 3562 484 3625 pro
507 3540 671 3606 infallibili
688 3561 804 3606 norma
825 3540 900 3605 fidei
924 3544 958 3605 et
980 3540 1199 3624 irrefragabili
1222 3544 1296 3627 lege
1319 3543 1412 3609 habi·

82 3638 153 3700 tam
177 3652 266 3707 esse;
294 3651 371 3696 nam
394 3651 488 3694 nemo
512 3650 554 3695 ex
577 3629 702 3711 ingenti
725 3629 810 3695 serie
834 3630 1059 3713 episcoporum
1083 3630 1206 3696 Romae
1231 3653 1411 3716 congrega·
1548 3685 1551 3690 .

81 3727 192 3788 torum
218 3720 394 3803 quidquam
424 3718 632 3785 contradixit.
680 3718 802 3783 Verum
831 3723 944 3784 tamen
976 3724 1028 3786 est
1058 3720 1278 3786 definitionem
1307 3723 1411 3788 latam

81 3832 147 3877 non
179 3830 252 3875 esse
281 3808 344 3874 nisi
373 3813 450 3892 post
478 3812 598 3890 rogata
627 3807 851 3891 episcoporum
882 3809 1040 3892 suffragia
1070 3813 1105 3875 et
1136 3814 1212 3894 post
1242 3831 1354 3876 eorum
1378 3813 1410 3876 in

81 3898 284 3966 immaculati
308 3902 484 3981 conceptus
507 3896 688 3963 doctrinam
711 3896 781 3961 fere
804 3897 989 3962 unanimem
1013 3919 1217 3966 consensum.

174 3996 260 4061 Hinc
282 3999 447 4080 postremo
472 3994 577 4076 quoad
594 3994 713 4075 dogma
734 3994 966 4061 immaculatae
987 3996 1207 4080 conceptionis
1229 3997 1285 4063 illo
1309 3998 1411 4064 totius

82 4087 292 4172 episcopatus
308 4105 467 4150 consensu
483 4084 582 4148 etiam
606 4083 644 4158 is,
669 4083 722 4164 qui
746 4086 845 4148 antea
868 4083 1011 4150 noluerit
1025 4084 1295 4153 infallibilitatem
1311 4086 1411 4152 solius

82 4176 120 4242 R*
150 4174 317 4240 Pontificis
351 4193 546 4256 agnoscere,
582 4172 713 4255 penitus
748 4173 968 4248 convincitur;
1004 4195 1080 4238 nam
1115 4174 1143 4239 si
1175 4176 1344 4259 putaverit
1375 4198 1410 4241 se

82 4269 211 4332 certum
234 4264 274 4329 de
297 4265 451 4346 dogmate
481 4282 546 4327 non
575 4261 677 4325 fuisse
707 4282 749 4326 ex
779 4262 850 4327 sola
879 4262 1046 4329 Pontificis
1070 4263 1272 4340 definitione,
1302 4268 1410 4330 certus

82 4375 157 4420 esse
190 4351 301 4419 debuit
335 4373 377 4417 ex
408 4372 567 4416 consensu
600 4349 701 4416 totius
731 4350 947 4435 episcopatus.
994 4352 1112 4417 Nullus
1143 4353 1227 4418 enim
1256 4373 1409 4435 umquam

82 4442 264 4510 catholicus
294 4441 488 4506 indubium
513 4439 646 4505 vocavit
675 4438 899 4523 episcopatum
928 4440 962 4505 in
993 4440 1109 4505 unione
1134 4463 1206 4506 cum
1234 4441 1274 4505 R⁰
1297 4441 1409 4507 Ponti-

81 4535 161 4609 fice‚
192 4531 263 4597 sive
292 4531 325 4595 in
356 4529 492 4595 concilio
522 4528 701 4594 adunatum
731 4527 801 4594 sive
824 4551 888 4594 non
913 4534 1148 4611 congregatum
1181 4530 1238 4594 sed
1268 4530 1300 4594 in
1332 4531 1410 4595 orbe

82 4622 276 4706 dispersum,
299 4619 504 4684 infallibilem
527 4638 599 4683 esse
622 4618 655 4683 in
679 4618 833 4684 docendis
855 4618 930 4683 fidei
953 4617 1126 4699 dogmatis

137 4730 392 4780 bohmkuhl.0asns
405 4729 564 4774 conscientiae.
592 4730 609 4772 L
1180 4723 1195 4775 'l
