3106 5168
537 271 645 327 Votum.
666 301 701 311 -
718 272 790 326 Vota
804 273 941 340 poetelio.
1337 277 1398 342 141

673 466 808 535 Solutio.

166 608 220 673 An
243 628 435 684 ouaasrrun
461 612 498 672 l'n
522 608 560 673 R.
585 610 612 672 1.
659 607 722 673 Hic
747 607 853 692 primo
877 607 990 690 quaeri
1019 612 1146 692 potest,
1177 630 1253 674 num
1277 614 1401 688 votum,
1412 617 1464 674 283

76 718 141 779 quo
165 697 329 763 Ausonius
352 697 509 762 caelibem
533 697 637 763 vitam
660 697 873 782 promiserat,
904 697 949 763 sit
971 702 1086 763 votum
1109 698 1274 766 castitatis
1296 719 1403 765 reser-

75 791 201 852 vatum.
249 785 341 864 Quod
363 807 406 852 ex
430 785 650 871 compluribus
673 785 855 854 rationibus
877 786 1064 869 negandum
1087 791 1149 854 est.
1195 787 1299 853 Nam:

170 894 202 974 1)
226 913 290 959 non
313 891 463 978 promisit
480 892 664 958 formaliter
682 891 882 970 castitatem,
905 892 963 958 sed
986 891 1193 960 caelibatum.
1229 894 1274 958 Et
1289 913 1403 975 quam-

76 1001 175 1064 quam
199 1002 242 1046 ex
265 981 427 1047 caelibatu
451 984 594 1067 sequitur
616 981 796 1047 Ausonium
829 981 871 1047 ad
900 981 1088 1048 castitatem
1119 982 1302 1065 perfectam
1333 1002 1403 1048 ser-

76 1071 221 1136 vandam
235 1071 353 1149 teneri,
376 1091 441 1136 non
464 1074 576 1135 tamen
591 1075 724 1137 tenetur
746 1091 790 1135 ex
812 1070 936 1136 motivo
959 1069 1136 1153 religionis,
1160 1071 1222 1136 nisi
1245 1070 1403 1138 indirecto

76 1164 217 1238 tantum,
242 1180 348 1242 neque
364 1159 503 1243 singulis
521 1159 675 1242 peccatis,
699 1180 783 1242 quae
806 1165 922 1226 contra
946 1159 1134 1227 castitatem
1157 1160 1300 1227 fortasse
1315 1180 1404 1226 com·

77 1249 208 1328 mittat,
238 1248 415 1315 committit
444 1246 652 1331 sacrilegium
684 1268 743 1314 sen
771 1253 943 1331 peceatum
972 1257 1083 1315 contro
1115 1252 1313 1335 religionem,
1346 1249 1403 1315 sed

77 1342 196 1404 contra
225 1337 413 1404 castitatem
443 1341 590 1414 tantum;
621 1341 738 1403 contra
765 1337 956 1420 religionem
987 1343 1075 1405 esset
1104 1337 1208 1404 solum
1232 1342 1404 1422 peecatum

77 1427 164 1510 quod
188 1428 418 1503 committeret,
442 1427 471 1491 si
493 1425 590 1492 iniret
614 1426 867 1494 matrimonium.

170 1522 204 1604 2)
237 1525 310 1591 Etsi
333 1524 481 1590 vovisset
503 1524 688 1590 formaliter
709 1527 902 1609 perpetuam
927 1523 1132 1602 castitatem,
1163 1530 1274 1592 tamen
1298 1546 1404 1591 reser-

78 1618 192 1680 vatum
216 1619 331 1680 votum
361 1634 425 1679 non
455 1618 560 1691 esset,
591 1613 668 1695 quia
697 1634 762 1679 non
785 1612 879 1679 vovit
908 1613 1097 1680 castitatem
1127 1614 1277 1681 absolute
1300 1635 1405 1697 neque

78 1703 228 1786 perfecte
251 1724 295 1768 ex
317 1724 429 1769 amore
451 1701 547 1768 buius
570 1702 713 1781 virtutis,
737 1702 795 1767 sed
818 1701 1044 1768 condicionate
1067 1706 1105 1768 nt
1126 1724 1276 1787 poenam.

169 1798 204 1881 3)
227 1801 367 1879 Votum,
399 1801 485 1882 qnod
508 1798 633 1877 emisit,
665 1799 896 1866 disiunctivum
920 1803 988 1866 est:
1019 1820 1148 1883 exque
1174 1802 1229 1880 fit,
1260 1807 1313 1879 ut,
1345 1801 1406 1866 nisi

77 1894 255 1972 utrumque
271 1889 434 1955 obiectum
457 1889 502 1956 sit
524 1888 686 1956 reservati
701 1889 781 1967 voti,
805 1894 919 1955 votum
941 1910 985 1954 ex
1007 1889 1097 1955 nulla
1115 1895 1211 1975 parte
1233 1889 1278 1958 sit
1298 1912 1406 1956 reser-

78 1983 204 2044 vatum.
251 1976 342 2055 Quod
365 2000 438 2044 oum
469 1977 503 2043 in
533 1998 612 2043 casu
634 1977 772 2044 Ausonii
801 1999 867 2043 non
890 1977 1047 2054 obtineat,
1077 1979 1240 2046 relaxatio
1262 1979 1350 2058 voti,
1378 1980 1407 2046 si

78 2088 161 2151 opus
177 2071 239 2144 est,
264 2068 404 2134 obtineri
421 2071 532 2151 potest
555 2068 596 2132 ab
620 2088 658 2132 eo
674 2067 729 2151 qui
753 2089 773 2133 a
789 2066 876 2134 votis
891 2067 1064 2133 ordinariis
1078 2072 1190 2153 potest
1206 2068 1405 2154 dispensare.

169 2174 209 2240 R.
235 2176 265 2240 2.
305 2172 338 2240 Si
360 2174 526 2240 Ausonius
549 2173 582 2237 in
606 2173 747 2257 puellam
772 2176 922 2257 stuprum
945 2173 1123 2240 violentum
1149 2174 1321 2255 commisit,
1344 2175 1406 2260 ipsi

79 2263 217 2329 liberum
241 2283 306 2328 non
329 2268 381 2329 est
404 2262 645 2329 matrimonium
669 2262 751 2327 inire
774 2267 919 2329 autnon
942 2262 1042 2341 inire,
1066 2263 1175 2329 sedai
1198 2264 1308 2347 puella
1323 2266 1405 2342 vult,

80 2352 201 2418 ducere
219 2373 290 2417 eam
308 2352 421 2428 debet;
446 2351 605 2428 similiter,
630 2351 659 2416 si
681 2352 811 2435 puellae
832 2352 902 2419 voti
925 2352 1048 2418 insciae
1071 2352 1315 2419 matrimonium
1330 2375 1406 2439 pro·

80 2441 178 2507 misit.
214 2441 330 2524 Neque
352 2441 400 2507 sio
423 2441 528 2507 iniens
546 2440 787 2507 matrimonium
811 2444 927 2525 peccat
949 2445 1065 2507 contra
1081 2446 1211 2514 votum:
1236 2463 1349 2507 verum
1374 2443 1407 2508 in

80 2534 221 2612 utroque
244 2551 321 2596 casu
345 2534 479 2596 tenetur
502 2530 543 2596 ad
568 2531 708 2596 alteram
731 2536 859 2614 partem
883 2529 953 2596 voti
977 2530 1173 2609 disiunctivi,
1197 2531 1274 2613 quia
1291 2532 1407 2596 volun-

80 2619 166 2686 tarie
193 2620 390 2686 contrahens
421 2619 653 2702 obligationem
684 2619 815 2685 ineundi
845 2619 1044 2685 matrimonii
1072 2620 1156 2685 banc
1185 2627 1314 2704 partem
1338 2621 1407 2686 voti

81 2729 165 2791 quae
190 2709 385 2775 caelibatum
410 2709 600 2793 spectabat,
631 2708 780 2790 reliquit,
804 2709 944 2774 alteram
967 2714 1077 2774 autem
1101 2712 1230 2793 partem
1254 2709 1325 2776 voti
1346 2710 1407 2776 im-

81 2798 234 2882 plendam
258 2797 415 2882 implicite
439 2797 549 2879 elegit.
585 2798 680 2863 Hanc
703 2796 805 2879 igitur
827 2819 913 2863 nunc
935 2798 1085 2864 absolute
1107 2803 1240 2865 tenetur
1261 2798 1406 2882 implere.

171 2902 210 2968 R.
230 2905 261 2968 3.
301 2902 407 2967 Maior
429 2902 606 2969 difficultas
629 2902 786 2978 exoritur,
811 2902 838 2967 si
861 2903 1019 2968 sumimus
1035 2904 1214 2969 Ausonium
1238 2903 1309 2969 sine
1332 2917 1469 2987 pro-284

82 2992 237 3057 missione
260 2991 456 3057 matrimonii
482 3012 554 3056 curn
578 2992 699 3075 puella,
731 3012 835 3073 eaque
858 2992 960 3057 libere
984 2993 1217 3068 consentiente,
1241 3014 1406 3076 peccasse,

82 3086 183 3163 atque
207 3100 280 3146 eum
304 3101 390 3145 nunc
411 3079 540 3146 ratione
564 3080 633 3146 voti
663 3102 704 3145 ex
733 3102 794 3145 sua
823 3086 919 3163 parte
942 3081 1028 3146 velle
1051 3082 1173 3164 eligere
1197 3103 1261 3146 non
1288 3082 1408 3149 ieiunia

81 3169 353 3247 hebdomadaria,
385 3169 442 3234 sed
472 3170 575 3234 vitam
607 3167 773 3235 caelibem.
821 3170 961 3235 Ratione
990 3170 1059 3236 voti
1091 3171 1276 3236 libertatem
1309 3172 1409 3238 habet

83 3258 225 3341 eligendi
255 3258 451 3325 alterutrum
483 3280 525 3323 ex
555 3258 733 3342 promissis.
780 3259 842 3324 Sed
874 3259 1003 3340 quando
1034 3279 1135 3335 nunc,
1169 3280 1241 3324 cum
1274 3280 1316 3325 ex
1349 3281 1408 3326 sua

82 3353 178 3433 parte
210 3348 367 3412 caelibem
396 3347 500 3412 vitam
531 3347 764 3430 praeelegerit,
795 3351 931 3430 propter
953 3347 1083 3431 puellae
1106 3348 1339 3430 graviditatem
1367 3351 1407 3415 eb

81 3438 155 3522 ipsa
179 3437 313 3518 eiusque
336 3437 527 3520 parentibus
550 3440 697 3517 urgetur,
727 3440 764 3501 ut
794 3437 1035 3501 matrimonium
1067 3458 1138 3502 cum
1169 3438 1278 3520 puella
1307 3439 1408 3518 ineat,

82 3531 259 3594 teneturne
282 3525 316 3590 vi
340 3525 408 3591 voti
433 3525 475 3590 ad
498 3525 640 3590 ieiunia?
681 3524 745 3590 Vix
770 3526 874 3591 audeo
898 3546 971 3591 eum
1001 3526 1117 3592 stricte
1141 3527 1302 3610 obligare;
1333 3550 1409 3594 nam

82 3615 250 3701 peccando
274 3636 347 3680 curn
371 3615 479 3698 puella
502 3614 563 3678 sibi
582 3616 798 3698 obligationem
819 3615 1017 3679 matrimonii
1040 3636 1104 3680 non
1123 3614 1286 3699 imposuit,
1311 3617 1408 3682 adeo·

83 3727 147 3788 que
164 3705 350 3771 libertatem
368 3703 509 3785 eligendi
527 3704 614 3768 inter
629 3707 803 3785 utrumque
819 3703 888 3770 voti
912 3704 1072 3769 obiectum
1097 3704 1159 3770 sibi
1182 3726 1246 3769 non
1270 3705 1408 3778 ademit:

83 3798 195 3880 potest
210 3793 321 3876 igitur,
347 3797 504 3875 quantum
521 3797 573 3857 est
591 3813 633 3857 ex
648 3812 694 3869 se,
719 3792 920 3876 praeeligere
937 3793 1038 3858 vitam
1058 3794 1225 3872 caelibem,
1249 3798 1358 3876 atque,
1383 3795 1410 3859 si

83 3884 168 3949 nolit
191 3883 353 3960 ieiunare,
381 3882 423 3947 ad
447 3902 519 3946 eam
544 3880 673 3946 omnino
697 3881 861 3963 obligatus
885 3883 1078 3960 exsisteret,
1108 3883 1227 3948 saltem
1251 3882 1278 3946 si
1302 3884 1410 3967 puella

83 3976 277 4039 moreretur.
324 3971 459 4048 Quando
483 3971 564 4035 haec
586 3974 707 4046 autem,
732 3971 803 4037 vita
826 3971 954 4050 comite,
990 3972 1031 4036 ad
1055 3972 1231 4054 tegendum
1256 3972 1410 4038 bonorem

85 4061 328 4128 matrimonium
353 4082 425 4125 oum
442 4059 586 4125 Ausonio
609 4059 765 4143 postulat,
791 4066 869 4143 puto
893 4081 952 4144 pro
975 4061 1031 4126 illo
1054 4082 1121 4126 rem
1147 4062 1216 4126 Deo
1232 4063 1410 4143 gratiorem

85 4171 159 4216 9999
192 4148 432 4216 matrimonium
465 4149 547 4213 inire
577 4170 674 4230 quam
707 4171 839 4215 manere
869 4150 1035 4216 caelibem.
1088 4151 1204 4233 Neque
1236 4151 1269 4215 in
1301 4151 1410 4232 rigore

85 4240 247 4323 loquendo
272 4259 353 4322 opus
376 4245 427 4304 est
451 4238 701 4321 dispensatione.
737 4238 853 4316 Aliter,
878 4239 904 4304 si
927 4240 1074 4305 vovisset
1096 4243 1288 4323 perpetuam
1312 4239 1411 4304 casti·

86 4334 207 4404 tatem;
232 4349 306 4393 nam
330 4327 363 4393 in
387 4349 425 4392 eo
448 4348 527 4392 casu
551 4348 632 4409 opus
655 4327 898 4410 dispensatione
921 4334 1019 4405 esset,
1044 4334 1081 4395 ut
1105 4329 1219 4394 liceret
1240 4329 1273 4393 in
1297 4327 1411 4392 matri·

86 4418 194 4484 monio
218 4417 363 4483 debitum
388 4416 559 4498 coniugale
583 4419 704 4500 petere,

175 4543 229 4607 An
252 4561 443 4617 aulaearum
468 4542 507 4603 2¹⁰
530 4540 569 4605 R.
593 4543 620 4606 1.
658 4539 801 4604 Primum
819 4541 930 4604 votum
953 4540 1178 4606 observandae
1202 4545 1253 4606 ter
1275 4540 1308 4604 in
1333 4539 1472 4607 heb-285

89 4628 227 4697 domada
251 4629 469 4695 abstinentiae
493 4627 711 4712 explicatione
733 4628 859 4712 indiget
883 4630 989 4710 quoad
1012 4649 1143 4694 sensum
1173 4650 1230 4694 seu
1255 4628 1409 4694 ambitum
