3106 5168
185 272 250 375 466
323 306 364 360 De
383 305 530 360 virtutibus
549 310 577 360 et
594 305 690 360 officiis
708 323 774 374 erga
792 305 922 361 homines.
941 336 977 345 -
996 306 1048 362 Off.
1066 307 1139 362 circa
1157 307 1228 362 bona
1245 310 1371 363 externa.

274 482 379 560 Aliae,
403 486 441 548 ut
464 483 639 548 societates
649 482 875 557 Americanae‚
900 483 987 547 clare
1011 482 1216 565 distinguunt
1232 483 1320 549 inter
1343 483 1506 550 falsitates

184 572 238 636 vel
274 592 417 648 errores,
458 572 512 654 qui
534 572 674 637 reddant
697 575 901 638 contractum
934 571 1073 649 nullum,
1107 577 1141 638 et
1171 572 1253 637 alios
1288 594 1438 639 errores:
1475 574 1505 638 in

184 660 418 745 posterioribus
442 661 584 726 societas
600 661 704 725 solum
721 681 762 725 ex
785 661 911 737 fraude,
935 681 1032 742 quam
1054 681 1152 744 passa
1174 660 1228 737 sit,
1252 663 1307 727 vel
1331 684 1375 728 ex
1399 684 1506 728 errore

185 749 330 828 notabili,
355 749 388 814 in
412 771 507 832 quem
530 750 575 815 sit
597 749 740 827 inducta,
764 749 1011 816 indemnitatem
1034 753 1148 832 petere
1171 754 1282 833 potest
1304 772 1366 835 pro
1391 751 1506 818 damno

185 839 270 921 quod
294 838 476 904 incurrerit.

272 927 366 992 Aliae
389 930 550 1004 statuunt,
575 932 612 993 ut
633 931 769 1010 propter
790 926 893 992 falsas
916 926 1155 992 declarationes
1178 926 1262 1008 (sive
1285 948 1307 994 a
1330 928 1507 996 scientibus

183 1016 254 1080 sive
277 1039 297 1081 a
321 1016 540 1082 nescientibus
562 1016 684 1089 factast
708 1015 868 1082 notabiles
892 1021 1080 1082 contractus
1104 1016 1148 1082 sit
1171 1017 1290 1083 nullus.

272 1105 367 1170 Aliae
396 1108 549 1170 statuunt
578 1105 761 1170 nullitatem
791 1109 925 1188 propter
954 1106 1057 1170 falsas
1080 1105 1322 1171 declarationes
1344 1107 1506 1173 notabiles

184 1194 327 1259 scienter
342 1194 466 1271 factas;
491 1193 617 1274 quaesi
634 1194 744 1259 factae
766 1193 832 1258 sint
854 1194 955 1258 inscio
971 1195 1196 1272 contrahente,
1220 1216 1287 1260 non
1312 1195 1505 1271 nuditatem,

185 1283 243 1347 sed
267 1283 371 1348 solam
395 1285 609 1347 reductionem
632 1303 778 1347 summae
802 1282 979 1366 stipulatae
1001 1282 1167 1350 inducant.

272 1371 367 1436 Aliae
390 1376 551 1448 statuunt,
576 1375 613 1436 ut
636 1376 771 1454 propter
793 1372 880 1436 solos
897 1392 1024 1436 errores
1041 1393 1082 1437 ex
1106 1372 1201 1454 gravi
1224 1373 1442 1456 neglegentia
1457 1375 1504 1438 vel

184 1460 328 1526 scienter
352 1460 541 1525 commissos
565 1465 754 1526 contractus
777 1461 881 1544 possit
903 1460 1097 1544 impugnari.

273 1550 367 1613 Aliae
391 1554 559 1627 statuunt,
593 1554 631 1616 ut
654 1554 788 1633 propter
816 1570 944 1614 errores
974 1549 1273 1632 quomodocumque
1304 1551 1502 1628 commissos,

183 1638 237 1718 qui
261 1659 302 1701 ex
326 1638 443 1702 iudicio
467 1639 664 1721 prudentum
696 1639 727 1702 in
759 1642 963 1704 contractum
986 1639 1123 1703 influere
1146 1638 1333 1722 potuerint,
1365 1641 1504 1708 societas

182 1727 224 1790 ad
248 1726 325 1791 nihil
350 1731 511 1793 teneatur.

272 1833 309 1898 a.
336 1836 365 1898 2.
412 1834 507 1898 Hanc
531 1832 715 1900 nullitatem
740 1836 928 1899 contractus
950 1834 1004 1898 vel
1027 1833 1235 1916 obligationis
1259 1835 1434 1902 societatis
1448 1835 1502 1900 ali·

183 1942 266 2002 quae
289 1922 466 1988 societates
490 1942 645 2006 expresse
668 1922 716 1988 ita
732 1921 985 2005 intellegendam
1010 1945 1081 1988 esse
1097 1928 1258 2000 statuunt,
1283 1929 1322 1990 ut
1344 1925 1500 1989 nihilomi-

182 2031 242 2074 nus
267 2012 412 2093 praemia
434 2033 543 2076 annua
566 2012 674 2076 soluta
697 2012 848 2078 societati
865 2018 1019 2079 maneant
1035 2012 1182 2078 addicta:
1207 2012 1269 2076 nisi
1293 2018 1502 2080 assecuratus

181 2102 297 2182 probet
321 2121 463 2165 errorem
487 2101 611 2166 fantum
635 2122 707 2165 esse
731 2101 800 2165 sine
823 2122 883 2165 sua
907 2102 1018 2184 culpa;
1042 2101 1075 2166 in
1099 2122 1162 2183 qno
1186 2122 1265 2166 casu
1280 2103 1432 2185 praemia
1453 2124 1500 2168 so·

181 2190 262 2266 luta,
286 2190 456 2255 subtracta
480 2194 591 2254 tamen
615 2194 706 2256 certa
730 2193 834 2272 parte,
859 2189 1045 2255 reddentur.

270 2295 309 2360 R.
335 2298 364 2360 3.
411 2294 487 2358 Non
511 2315 634 2378 paucae
657 2295 833 2360 societates
860 2296 1028 2359 declarant
1052 2298 1258 2361 contractum
1281 2301 1421 2381 propter
1443 2297 1499 2362 fal·

182 2404 237 2447 sas
261 2383 499 2449 declarationes
522 2383 700 2448 invalidum
725 2385 775 2448 vel
801 2383 1053 2462 rescindibilem,
1082 2388 1256 2468 postquam
1280 2407 1341 2468 per
1364 2390 1497 2472 quinque

182 2493 284 2536 annos
309 2472 485 2547 duraverit,
509 2472 622 2537 baberi
646 2494 704 2556 pro
728 2476 844 2538 sanato
868 2477 902 2537 et
926 2473 1044 2538 valido.

271 2559 317 2624 Cf.
331 2560 382 2624 his
394 2561 433 2624 de
445 2561 540 2625 rebus
552 2562 743 2644 Huppert.
764 2563 1327 2648 DerLebeaaversicbcrunpsoertrup
1337 2585 1368 2646 p.
1381 2566 1424 2630 23
1434 2584 1497 2646 sqq.

119 2683 172 2735 919
271 2673 309 2740 R.
335 2677 365 2739 4.
413 2675 587 2740 Potissima
623 2676 725 2757 igitur
748 2676 896 2757 quaestio
920 2680 986 2753 est,
1017 2696 1184 2758 quousque
1216 2676 1438 2758 obligationes
1470 2678 1497 2740 in

116 4406 167 4457 9221}

182 2763 382 2827 conscientia
406 2766 635 2832 extendantur.
668 2766 719 2828 Ad
740 2766 824 2847 quod
848 2765 992 2829 breviter
1015 2765 1096 2829 haec
1112 2765 1249 2829 dicenda
1273 2787 1347 2830 esse
1371 2788 1497 2832 censeo:

274 2861 305 2941 1)
330 2861 530 2942 Quamquam
555 2862 780 2928 fraudulenter
810 2863 931 2944 aliquid
955 2863 1092 2928 reticere
1116 2863 1168 2926 vel
1193 2863 1312 2928 falsum
1337 2865 1498 2930 affirmare

181 2970 355 3030 numquam
380 2973 443 3014 non
468 2951 510 3016 sit
528 2957 710 3033 peccatum:
735 2952 950 3029 nihilominus,
975 2953 1102 3033 quando
1127 2953 1220 3034 lapsu
1244 2953 1404 3035 temporis
1428 2976 1497 3019 eon·

180 3043 307 3103 tractos
332 3044 484 3116 sanatur,
515 3046 590 3123 post
618 3046 746 3123 tempus
778 3042 923 3123 elapsum
953 3039 980 3104 si
1005 3062 1168 3122 eousque
1200 3041 1353 3105 damnum
1379 3045 1496 3109 nullum

181 3128 280 3192 fuerit
304 3135 472 3205 exortum,
503 3130 594 3194 fraus
626 3152 687 3193 non
719 3131 857 3212 amplius
887 3152 995 3194 secum
1020 3131 1086 3196 tert
1110 3130 1343 3209 obligationem
1368 3133 1496 3198 restitu-

181 3217 289 3282 tionis,
337 3218 428 3294 Quod
452 3225 540 3283 certe
571 3220 676 3300 magis
707 3220 796 3284 valet
820 3219 859 3282 de
883 3240 993 3283 errore
1016 3219 1257 3302 inculpabiliter
1280 3220 1427 3286 admisso
1450 3221 1496 3285 vel

181 3312 325 3371 causato

270 3397 303 3475 2³)
328 3396 487 3470 Quamdiu
512 3401 700 3461 contractus
717 3402 828 3461 manet
851 3396 883 3460 in
912 3396 983 3460 foro
1000 3401 1137 3461 externo
1155 3397 1398 3481 impugnabiliS,
1424 3399 1496 3463 sire

180 3504 260 3546 vera
284 3485 505 3565 impugnator,
530 3487 681 3549 standum
707 3490 757 3549 est
782 3485 935 3549 clausulis
959 3490 1148 3550 contractus
1172 3492 1205 3551 et
1229 3487 1346 3551 indicis
1369 3494 1495 3554 senten·

179 3572 247 3635 tine
272 3574 369 3636 etiam
395 3573 427 3636 in
452 3575 668 3649 conscicntia,
700 3575 762 3638 nisi
795 3575 936 3638 societas
959 3575 1212 3639 assecurationis
1242 3575 1329 3640 iusto
1355 3577 1496 3642 duriores

181 3660 344 3724 clausulas
368 3662 422 3740 (cf.
441 3663 477 3726 n.
498 3667 515 3724 2
533 3664 573 3726 ad
592 3664 626 3739 Q.
648 3666 697 3745 1¹¹¹)
721 3664 875 3729 statuerit
899 3664 950 3726 vel
975 3686 1033 3746 per
1057 3685 1132 3727 suos
1155 3670 1387 3746 procuratores
1418 3687 1495 3741 eum,

180 3748 232 3829 qui
258 3751 431 3825 contraxit,
456 3753 680 3817 fraudulenter
703 3752 961 3818 circumvenerit.

269 3849 303 3927 3)
327 3848 363 3909 ln
388 3848 460 3910 aliis
485 3849 622 3923 casibus,
648 3855 746 3930 atquo
770 3850 927 3932 imprimis
952 3854 1098 3932 tempore
1123 3850 1177 3914 illo
1202 3851 1398 3915 intermedio
1422 3853 1496 3917 labi·

179 3935 283 3999 litatis
309 3941 550 4011 contractuum,
584 3940 750 4020 probabile
780 3945 858 4021 proto
885 3961 971 4012 esse,
1007 3944 1209 4004 contractum
1236 3961 1299 4002 non
1324 3962 1384 4023 pro
1409 3942 1497 4025 plone

179 4026 266 4088 nullo
292 4026 323 4088 in
349 4026 545 4090 conscientia
571 4028 680 4090 baberi
706 4029 840 4104 debore,
872 4029 928 4092 sod
960 4034 1028 4092 torn
1061 4029 1187 4091 demum
1213 4029 1343 4109 quando
1369 4033 1496 4095 nullitas

179 4115 247 4178 cius
272 4137 291 4178 a
315 4115 472 4178 societate
496 4116 675 4179 inroretur.
724 4118 814 4190 errrd
845 4118 903 4180 nisi
930 4121 1002 4192 liat,
1029 4118 1261 4197 obligationem
1286 4140 1329 4182 ex
1354 4120 1496 4184 declara·

178 4205 266 4267 tione
292 4205 375 4266 salsa
402 4205 450 4266 vol
477 4226 612 4268 erronea
644 4206 811 4269 minodoro
844 4207 926 4270 lianc
959 4230 1046 4279 osso,
1079 4214 1115 4270 ut
1147 4209 1298 4271 donorum
1334 4211 1497 4293 efficaciter

179 4296 302 4357 illalum
327 4294 476 4357 societati
500 4294 707 4358 resarciatur.

270 4392 439 4458 Rationes,
466 4414 548 4472 quae
573 4413 623 4454 me
648 4396 780 4455 orarent
804 4392 845 4455 ad
869 4392 915 4456 ita
940 4394 1161 4469 sentiendum,
1194 4399 1270 4458 sunt
1295 4395 1378 4461 hae:
1413 4397 1444 4461 Si
1467 4396 1495 4460 in

179 4480 374 4543 ‹sorrsciontia
401 4485 588 4544 contractus
613 4502 650 4544 eo
674 4481 744 4563 ipso
769 4481 863 4562 plene
888 4483 995 4545 nullus
1020 4490 1117 4558 osset,
1143 4505 1206 4545 non
1231 4484 1346 4549 liceret
1372 4508 1497 4550 assecu-

178 4574 250 4630 rato
276 4568 402 4631 (lonium
428 4592 585 4633 annonam
611 4592 630 4634 a
654 4570 813 4633 societate
845 4571 988 4634 oldatnm
1019 4572 1177 4654 accipere.
1225 4573 1261 4637 Id
1293 4581 1408 4640 autem
1431 4576 1496 4640 uui-

178 4654 297 4718 vorsim
329 4661 474 4722 statuere
508 4660 713 4723 durissimum
745 4664 804 4725 est.
868 4660 988 4723 Porro:
1021 4661 1053 4740 a)
1085 4662 1213 4743 aliquae
1244 4664 1425 4731 societates
1454 4665 1496 4729 di-
