3106 5168
480 276 634 333 Voluntarii
652 279 808 335 obstacula:
830 283 870 335 etr
888 289 911 335 et
929 289 1020 335 ordire.
1373 287 1413 351 19

83 451 127 516 ab
150 451 344 518 habitudine
363 454 503 535 quadam
527 455 677 534 neutrali,
704 477 768 538 qua
791 457 862 539 quis
886 478 991 539 neque
1015 456 1188 524 dissentiat
1210 478 1315 540 neque
1339 479 1416 523 con·

82 541 226 607 sentiat:
251 541 396 625 practice
412 547 523 609 tamen
540 544 604 621 ille,
629 544 683 627 qui
707 546 740 610 in
764 544 920 611 eiusmodi
943 546 1182 613 tentationibus
1197 547 1332 631 impuris
1350 568 1413 613 non

82 630 204 696 saltem
236 651 296 714 per
325 631 502 715 positivum
527 633 751 717 displicentiae
774 638 884 701 actum
908 635 1052 713 resistat,
1083 636 1266 719 generatim
1290 636 1415 702 censeri

83 719 185 785 dehet
210 721 415 786 consensisse
439 727 538 804 atque
561 723 710 805 graviter
732 744 896 807 peccasse.

175 817 215 882 In
238 817 422 884 hominibus
444 825 554 885 tamen
579 820 686 885 anxiis
710 821 763 886 vel
787 822 884 887 valde
914 822 1087 900 timoratis,
1119 823 1147 887 si
1177 826 1308 889 constet
1338 844 1415 888 con·
1520 889 1526 898 ,

82 927 220 971 sensum
243 928 306 972 non
332 928 404 973 esse
427 909 567 992 positive
591 910 713 988 datum,
739 911 801 975 dici
823 912 920 978 debet
942 916 1113 995 peccatum
1137 912 1256 978 saltem
1276 913 1415 978 mortale

83 996 251 1073 exsulare,
283 999 357 1062 utut
381 997 555 1064 videantur
583 999 725 1083 positive
755 1022 820 1065 non
850 1001 1013 1067 restitisse
1037 1001 1089 1066 vel
1119 1022 1184 1066 non
1212 1000 1414 1080 dissensisse,

82 1084 143 1150 aed
167 1086 352 1151 neutralem
376 1087 539 1168 quendam
562 1088 704 1154 animum
729 1089 881 1171 gessisse.

176 1190 225 1255 cf.
250 1190 429 1256 Laoroix
452 1192 473 1258 l.
498 1196 529 1270 5,
553 1197 795 1268 n.109-111;
821 1194 852 1261 S.
878 1195 993 1278 Alph.
1012 1195 1052 1273 V,
1078 1196 1180 1271 7-9;
1205 1195 1415 1280 Laymann

83 1279 106 1345 l.
136 1284 164 1356 l,
189 1284 215 1346 t.
240 1281 271 1356 3,
296 1300 322 1345 c.
349 1283 386 1357 6;
410 1280 565 1347 Noldin
590 1282 610 1347 l.
636 1304 662 1348 c.
688 1286 741 1349 47.

471 1505 530 1570 DE
554 1506 678 1572 Muuu
701 1508 757 1571 ET
782 1508 1034 1575 VIOLENTIA.

653 1664 763 1731 Casus.
792 1673 850 1741 (11)

176 1802 359 1879 Arnulphus,
374 1821 447 1879 puer
463 1803 497 1861 11
515 1824 657 1863 annorum
673 1807 767 1882 patris
784 1806 922 1865 catholici
936 1812 966 1865 ot
982 1807 1086 1866 matris
1100 1808 1293 1878 acatholicae,
1309 1810 1415 1868 hucus-

83 1901 142 1958 que
159 1883 305 1942 catholice
320 1884 472 1954 educatus,
495 1884 633 1944 defuncto
648 1892 742 1961 patre,
766 1891 891 1945 aniatre
912 1886 1030 1945 iubetur
1047 1887 1129 1948 feriis
1140 1889 1183 1947 VI
1205 1908 1309 1948 earnes
1329 1890 1414 1948 edere

83 1968 116 2021 et
137 1963 334 2022 acatholicam
357 1964 489 2023 scholam
508 1964 695 2040 frequentare
717 1972 804 2042 atquo
826 1967 1011 2025 lutheranam
1034 1968 1120 2026 fidem
1140 1969 1292 2045 professus
1315 1989 1415 2028 eorum

85 2062 190 2102 cenam
223 2063 346 2102 sumere.
403 2044 437 2102 In
465 2044 570 2120 quibus
598 2047 788 2123 Arnulphus,
826 2066 889 2104 cum
921 2052 1034 2105 metuat
1070 2049 1176 2107 malam
1207 2049 1414 2109 tractationem

82 2124 175 2183 immo
198 2125 256 2181 vim
279 2144 297 2182 a
316 2123 420 2201 politia
441 2123 633 2196 inferendam,
656 2146 766 2185 morem
787 2127 889 2201 gessit.

176 2213 288 2271 Esther
300 2213 400 2289 puella
413 2214 448 2271 18
459 2232 602 2272 annorum
617 2214 647 2273 in
661 2234 732 2290 agro
747 2215 899 2291 impetitur
913 2235 931 2273 a
945 2214 1061 2286 iuvene,
1077 2215 1125 2291 qui
1140 2222 1262 2275 mortem
1277 2217 1415 2289 minatur,

84 2293 144 2352 nisi
165 2312 253 2351 usum
268 2293 398 2371 eorporis
415 2294 565 2353 concedat.
597 2293 694 2363 Quare
716 2296 890 2371 respondet:
916 2295 967 2367 ,In
989 2315 1078 2354 manu
1100 2301 1152 2354 tua
1172 2317 1253 2369 sum;
1275 2299 1324 2356 lac
1338 2299 1415 2374 quod

84 2373 143 2445 ris,
164 2373 218 2432 sed
240 2392 329 2450 parce
350 2373 431 2432 vitae
452 2376 571 2445 meae“;
593 2376 740 2433 internum
762 2382 862 2434 tamen
884 2395 1061 2434 eonsensum
1083 2376 1183 2435 studet
1204 2377 1348 2439 cohibere.

84 2487 266 2557 qusmrun
289 2491 317 2546 1ο
342 2488 486 2563 quomodo
508 2495 604 2547 metus
626 2496 656 2547 et
676 2489 819 2548 violentia
839 2490 966 2549 influant
985 2491 1016 2549 in
1039 2491 1247 2552 voluntarium.

288 2578 318 2635 2ο
343 2596 413 2635 num
434 2584 577 2636 excusent
597 2597 615 2635 a
636 2584 770 2654 peceato.

288 2667 318 2724 3⁰
343 2666 411 2741 quid
432 2667 469 2724 ad
490 2667 658 2743 propositos
680 2686 768 2726 casus
789 2667 829 2726 sit
850 2667 1013 2727 dicendum.

686 2849 821 2917 Solutio.

177 2992 230 3056 An
254 3011 445 3066 ounnsiruu
473 2995 508 3054 1⁰¹
532 2991 570 3056 R.
591 2995 618 3056 1.
659 2991 768 3058 Metus
784 2996 883 3073 atque
899 2992 950 3057 vis
968 2992 1143 3074 aliquando
1161 2998 1298 3077 possunt
1313 2993 1415 3061 ratio·
1424 3008 1459 3064 36

86 3102 160 3147 nem
185 3082 388 3164 perturbare,
422 3080 470 3144 ita
494 3083 531 3145 ut
554 3081 702 3164 perfecta
726 3081 917 3147 deliberatio
942 3082 1062 3148 evadat
1086 3082 1303 3165 impossibilis.
1346 3083 1414 3158 Quo

84 3171 119 3235 in
150 3191 230 3236 casu
261 3169 300 3234 de
330 3168 515 3235 voluntario
546 3190 603 3234 seu
634 3170 674 3235 de
704 3170 832 3235 actione
861 3170 1000 3235 hominis
1031 3192 1108 3236 vere
1140 3175 1240 3252 atque
1270 3171 1414 3255 perfecte

86 3259 275 3326 voluntaria
298 3279 406 3323 sermo
430 3279 503 3323 esse
526 3259 648 3340 nequit.

176 3363 217 3430 R.
240 3367 270 3430 2.
314 3364 450 3441 Quando
473 3370 582 3430 autern
608 3365 744 3430 rationis
768 3386 845 3428 usus
868 3370 981 3431 manet
1003 3365 1156 3442 intactus,
1181 3370 1288 3431 metus
1312 3387 1416 3448 quan·

85 3453 211 3520 tumvis
240 3454 352 3536 gravis
383 3475 447 3518 non
476 3454 628 3538 impedit,
663 3455 739 3536 quin
771 3454 924 3520 voluntas
956 3454 1058 3519 libere
1088 3454 1207 3536 eligat,
1240 3460 1415 3537 utcumque

84 3542 286 3609 sollicitatur
308 3543 350 3607 ad
369 3543 553 3625 eligendum
577 3543 608 3608 id
633 3565 696 3625 quo
712 3544 834 3607 malurn
850 3543 1040 3626 impendens
1056 3548 1238 3611 avertatur.
1254 3581 1298 3590 -
1321 3545 1415 3610 Ideo·

85 3653 149 3716 que
174 3631 261 3696 actio
285 3652 328 3696 ex
350 3639 438 3696 metu
456 3633 564 3715 posita
580 3636 763 3716 sinpliciter
779 3635 959 3697 noluntaria
984 3638 1017 3698 et
1040 3633 1144 3698 libera
1167 3638 1228 3710 est,
1253 3634 1314 3699 etsi
1336 3655 1416 3698 non·

85 3720 277 3786 voluntaria
300 3721 352 3785 vel
375 3721 598 3787 involuntaria
621 3722 797 3785 secundum
821 3721 907 3803 quid.
955 3721 1077 3786 Frins
1100 3723 1120 3788 l.
1144 3742 1174 3788 c.·
1202 3744 1233 3787 n.
1260 3725 1323 3787 283
1343 3744 1414 3805 sqq.

85 3814 240 3893 290sqq.
264 3848 309 3856 —
333 3810 497 3876 Violentia
527 3815 638 3876 autern
669 3810 887 3875 voluntarium
920 3810 1050 3876 efficere
1081 3811 1209 3893 nequit,
1241 3812 1298 3875 sed
1329 3812 1415 3878 actio

84 3905 236 3976 externa,
262 3919 304 3964 ex
320 3899 352 3963 vi
372 3899 563 3982 simpliciter
586 3904 669 3975 orta,
695 3900 791 3984 plane
814 3899 1036 3965 involuntaria
1060 3905 1111 3966 est
1128 3900 1180 3965 vel
1200 3900 1317 3965 saltem
1334 3923 1416 3966 non·

84 3988 290 4063 voluntaria;
322 3988 508 4055 voluntaria
539 3989 698 4055 exsistere
729 3994 838 4072 potest
868 4010 910 4053 ex
941 4010 978 4053 eo
1007 3989 1091 4070 quod
1118 3990 1167 4054 vis
1196 3989 1290 4056 illata
1315 3990 1413 4055 etism

84 4080 216 4145 dicatur
234 4099 292 4161 pro
317 4082 403 4143 metu
429 4078 505 4143 nrali
525 4077 627 4143 futuri
652 4078 724 4142 ilico
748 4078 982 4162 impendentis;
1007 4078 1061 4160 qui
1085 4078 1112 4143 si
1136 4100 1172 4143 re
1195 4099 1274 4143 vera
1298 4081 1414 4144 volun·

84 4173 190 4235 tatem
215 4167 358 4249 frangat,
384 4167 536 4232 voluntas
560 4167 661 4231 libere
679 4167 770 4248 eligit
793 4168 835 4242 id,
860 4167 900 4231 ad
919 4168 1004 4248 quod
1021 4167 1280 4249 extorquendum
1296 4167 1415 4232 hucus-

83 4279 148 4341 que
173 4261 313 4322 externa
336 4255 537 4320 solummodo
561 4256 686 4321 coactio
711 4256 869 4338 quaedam
895 4256 1080 4322 exstiterat.

175 4364 214 4428 R.
241 4366 270 4428 3.
319 4363 439 4427 Verum
464 4363 570 4444 quoad
599 4363 733 4427 effectus
763 4363 916 4427 iuridicos
947 4366 1041 4429 actus
1070 4363 1126 4427 ille
1156 4384 1221 4428 non
1251 4384 1325 4428 raro
1356 4384 1414 4446 pro

82 4453 208 4518 iniecto
232 4452 387 4526 liabetur,
418 4452 473 4534 qui
503 4474 545 4516 ex
568 4452 662 4534 gravi
688 4457 775 4517 metu
799 4451 919 4517 iniuste
948 4452 1077 4517 incusso
1103 4457 1193 4518 ortus
1218 4457 1284 4527 est,
1317 4451 1413 4532 idque

83 4543 136 4607 vel
163 4563 206 4607 ex
229 4541 301 4625 ipso
324 4541 393 4605 iure
416 4545 554 4606 naturae
578 4541 768 4622 aliquando,
802 4542 853 4605 vel
878 4541 994 4606 saltem
1020 4563 1061 4606 ex
1085 4541 1154 4606 iure
1177 4540 1318 4624 positivo
1342 4539 1413 4604 sive

81 4632 253 4698 Ecclesiae
278 4630 348 4695 sive
372 4629 476 4695 civilis
501 4631 720 4696 auctoritatis.

1160 4734 1199 4786 2*
