3106 5168
249 285 403 341 Translatio
422 285 472 339 iur.
490 303 515 355 p.
535 287 689 339 testament
710 285 846 339 ethered.
865 285 1125 340 —Testamentum
1144 286 1266 351 informe.
1353 287 1419 351 473

95 464 243 545 informe,
269 462 417 545 accipere
440 461 569 544 quidem
592 461 824 540 hereditatem,
849 461 906 526 sed
929 482 994 526 non
1017 460 1163 545 potuisse
1186 482 1259 526 eum
1283 461 1419 526 heredes

95 553 222 634 legales
244 552 417 634 impedire,
449 552 620 633 quominus
643 551 691 616 illi
721 551 781 616 sibi
811 550 1010 616 reddendam
1033 551 1248 616 hereditatem
1272 550 1419 634 postula·

95 646 180 717 rent,
206 645 305 723 atque
329 661 438 705 eornm
463 640 637 724 postulatis
661 639 776 705 cedere
800 639 958 706 debuisse.
1005 638 1112 716 Quare
1135 639 1205 704 eius
1227 640 1330 718 actio,
1355 660 1419 722 qua

96 730 265 814 supplevit
288 729 372 794 diem
396 734 522 795 certum
545 734 580 796 et
602 732 836 795 testamentum
860 733 1028 811 tamquam
1052 750 1094 793 ex
1116 728 1246 810 integro
1262 750 1282 793 a
1298 729 1418 794 Colone

94 819 161 885 iam
185 819 365 884 maiorenni
387 818 476 884 facto
500 818 717 902 conscriptum
741 818 897 895 exhibuit,
921 817 1043 883 iniusta
1057 817 1121 884 fuit
1144 822 1259 883 contra
1282 818 1419 882 heredes

95 909 221 990 legales
245 912 345 989 atque
368 907 569 974 restitutioni
592 928 665 972 eum
690 907 864 973 obnoxium
888 907 978 973 fecit.

185 1015 225 1080 R.
251 1017 280 1079 2.
312 1013 405 1078 Circa
421 1013 650 1097 dispositiones
674 1034 733 1097 pre
756 1013 862 1079 causis
886 1013 948 1097 piis
971 1035 1036 1078 non
1051 1014 1164 1079 valent
1186 1013 1278 1095 leges
1294 1011 1416 1091 civiles,

96 1104 155 1167 sed
187 1103 446 1181 ecclesiasticae,
480 1123 564 1185 quae
596 1102 675 1167 nihil
705 1103 874 1186 postulant
906 1102 967 1167 nisi
998 1108 1035 1168 ut
1064 1124 1122 1186 per
1152 1106 1275 1168 certam
1300 1102 1419 1185 proba-

96 1192 219 1257 tionem
244 1196 373 1258 eonstet
396 1192 435 1255 de
459 1192 575 1256 ultima
598 1192 770 1257 voluntate
793 1192 937 1258 defuncti
962 1191 1013 1272 (nt
1036 1192 1257 1258 testimonium
1282 1191 1417 1255 duorum

94 1281 241 1358 testium,
266 1280 319 1345 vel
343 1281 438 1345 unius
460 1281 566 1357 testis,
591 1280 619 1345 si
642 1280 708 1346 alia
724 1281 922 1346 adminicula
939 1281 1182 1363 adiunguntur).
1215 1280 1293 1345 Cum
1317 1279 1418 1362 igitur

95 1370 128 1434 in
154 1375 267 1435 nostro
291 1391 368 1435 casu
392 1370 546 1434 voluntas
570 1369 714 1436 defuncti
739 1370 829 1435 clara
852 1374 886 1435 et
909 1375 1001 1436 certa
1024 1371 1077 1447 sit,
1102 1371 1163 1435 hae
1187 1368 1416 1453 dispositiones

96 1459 197 1524 etiam
222 1461 262 1524 ab
287 1458 459 1523 heredibus
483 1458 652 1540 legalibus,
677 1459 704 1523 si
721 1458 762 1523 ad
779 1480 835 1523 eos
851 1459 1016 1525 hereditas
1032 1459 1210 1536 devenerit,
1234 1458 1418 1542 implendae

96 1552 182 1613 sunt.
230 1548 276 1614 Cf.
301 1549 357 1613 Tb.
383 1571 422 1613 m.
448 1547 473 1625 Ι,
501 1549 603 1624 1148;
628 1548 990 1613 Ballerini-Palm.
1015 1552 1057 1614 tr.
1083 1550 1112 1626 8,
1137 1569 1167 1631 p.
1193 1552 1223 1625 3,
1247 1569 1279 1612 n.
1298 1549 1371 1614 703.

186 1636 274 1701 Num
290 1642 325 1702 et
341 1635 469 1719 quando
481 1636 528 1700 illi
553 1636 689 1701 herodes
704 1636 737 1701 in
760 1637 924 1702 bonafide
947 1635 1086 1719 relinqui
1108 1636 1245 1721 possint,
1270 1636 1419 1720 quaestio

97 1731 150 1792 est
173 1725 349 1809 pastoralis
372 1725 573 1809 prudentiae.

184 1832 223 1897 R.
249 1834 279 1897 3.
311 1830 444 1896 Amicus
468 1829 597 1896 Colonis
620 1830 813 1896 iniustitiam
837 1852 901 1895 non
924 1830 1110 1909 committit,
1135 1830 1163 1896 si
1185 1832 1255 1915 ipse
1278 1831 1418 1896 madiam

96 1924 226 2004 partem
257 1925 414 2003 acceptae
445 1919 638 1986 hereditatis
671 1920 778 1984 causis
806 1919 869 2004 piis
899 1919 1043 2003 applicet
1072 1920 1248 1985 secundum
1273 1920 1419 1987 defuncti

94 2010 315 2086 voluntatem
334 2013 435 2090 atque
451 2009 608 2090 reliquam
625 2008 763 2073 mediam
782 2012 908 2091 partem
926 2009 1098 2074 heredibus
1114 2008 1242 2074 Gelonis
1257 2009 1418 2091 legalibus

95 2099 196 2163 etiam
220 2098 303 2162 clam
327 2099 491 2164 restituat.
538 2098 640 2162 immo
665 2098 691 2162 si
716 2097 806 2163 videt
832 2097 879 2163 ita
910 2098 1013 2163 tutius
1036 2098 1143 2163 causis
1166 2098 1228 2182 piis
1250 2098 1417 2182 provisum

94 2187 152 2265 iri,
182 2187 232 2253 ita
261 2186 469 2252 laudabiliter
498 2191 585 2268 aget.
633 2187 755 2252 Verum
785 2191 920 2271 propter
943 2186 1154 2252 difficultates
1179 2188 1232 2251 vel
1262 2187 1416 2270 pericula,

94 2297 180 2358 quae
203 2276 264 2340 sibi
287 2277 402 2342 timere
426 2281 551 2358 potest,
576 2276 673 2341 adid
697 2297 772 2341 raro
796 2276 969 2357 obligatur,
994 2276 1021 2340 si
1045 2276 1140 2341 modo
1164 2276 1248 2340 hanc
1271 2275 1417 2342 defuncti

94 2365 300 2431 voluntatem
316 2386 388 2430 oum
404 2364 444 2429 iis
460 2365 686 2432 eommunicet.
718 2365 803 2430 Hine
820 2365 1034 2430 communiter
1049 2365 1097 2431 ita
1113 2386 1213 2446 agere
1237 2368 1356 2448 potest,
1381 2369 1418 2431 ut

94 2476 169 2521 cum
185 2457 384 2520 testamento
407 2453 539 2518 informi
562 2459 666 2521 totam
690 2454 907 2520 hereditatem
926 2454 1086 2537 legalibus
1105 2454 1278 2520 heredibus
1294 2454 1415 2520 tradat.

184 2567 238 2632 An
262 2589 453 2643 quaasrrun
478 2572 517 2631 4¹²¹
541 2569 579 2633 R.
606 2572 635 2634 1.
689 2569 953 2646 Testamentum,
991 2569 1076 2650 quod
1099 2569 1199 2634 Colon
1223 2568 1478 2652 conscripsit932

94 2657 163 2722 tale
187 2657 283 2738 qualo
307 2658 347 2722 ab
371 2657 441 2739 ipso
466 2658 649 2722 confectum
673 2662 734 2736 est,
758 2657 882 2723 amiens
897 2658 953 2723 ille
980 2658 1076 2722 heres
1098 2658 1240 2741 scriptus
1256 2657 1416 2739 legalibus

95 2745 270 2810 heredibus
294 2746 466 2812 ostendere
488 2749 614 2830 potest;
639 2768 744 2828 neque
768 2752 900 2813 tenetur
928 2746 1000 2831 ipse
1030 2768 1086 2812 eos
1111 2751 1257 2813 attentos
1280 2747 1416 2812 reddere

95 2835 139 2899 ad
162 2835 353 2901 testamenti
377 2835 537 2901 defectum
555 2836 608 2900 vel
632 2836 673 2900 ad
690 2837 771 2911 iura,
793 2857 876 2919 quae
900 2835 946 2900 illi
962 2836 1114 2920 prosequi
1128 2837 1264 2920 possint.
1297 2835 1416 2913 Quodsi

95 2924 234 2989 heredes
256 2924 304 2989 illi
327 2924 405 2988 nihil
429 2924 597 3006 inquirunt
613 2925 666 2989 vel
690 2930 794 3007 agunt
817 2926 914 3003 ultra,
937 2925 1008 3008 ipse
1024 2925 1241 2991 hereditatem
1257 2946 1416 3008 occupare

95 3017 131 3079 et
153 3017 267 3079 tenere
289 3017 408 3096 potest.

185 3111 224 3176 R.
250 3113 279 3176 2.
311 3110 413 3176 Immo
437 3110 464 3175 si
487 3109 557 3193 ipse
580 3114 657 3176 ante
681 3116 818 3176 mortem
835 3110 973 3187 Colonia,
998 3111 1039 3175 ab
1062 3111 1123 3175 hoo
1138 3110 1256 3188 iussus
1279 3110 1417 3195 inscrip-

95 3198 186 3264 tione
199 3199 260 3263 diei
278 3203 512 3265 testamentum
525 3201 753 3283 supplevisset,
771 3200 917 3266 exhibere
928 3199 1018 3275 illud,
1036 3199 1131 3264 sicuti
1142 3199 1175 3264 in
1188 3199 1295 3283 priore
1305 3199 1415 3282 Resp⁰,

95 3287 273 3371 potuisset,
306 3293 505 3354 nontamen
530 3310 677 3354 asserere
707 3310 743 3354 se
776 3288 931 3354 exhibere
962 3292 1196 3355 testamentum
1220 3309 1262 3353 ex
1285 3289 1414 3370 integro

95 3399 116 3442 a
139 3377 259 3442 Colone
282 3377 511 3459 conscriptum.

185 3466 300 3544 Ratio,
334 3487 391 3531 cur
421 3472 498 3532 ante
522 3470 661 3531 mortem
686 3488 706 3532 a
729 3466 849 3531 Colone
872 3465 979 3530 iussus
1001 3465 1033 3530 id
1057 3465 1166 3531 faeere
1188 3465 1310 3550 possit,
1340 3471 1416 3550 post

94 3558 235 3620 mortem
260 3555 328 3619 eius
352 3576 416 3619 non
440 3555 588 3639 amplius,
614 3576 653 3619 ea
677 3560 738 3632 est,
762 3556 848 3638 quod
870 3556 904 3620 in
928 3554 1108 3638 posteriore
1132 3576 1211 3620 casu
1234 3554 1319 3620 actio
1343 3559 1416 3621 ten·
1444 3598 1462 3624 =.

95 3645 154 3709 dat
177 3665 220 3709 ex
243 3648 362 3710 natura
392 3666 452 3710 sna
482 3646 515 3708 in
539 3644 688 3710 fraudem
712 3649 746 3710 et
770 3644 993 3729 deceptionem
1025 3665 1154 3723 eorum,
1186 3644 1241 3726 qui
1269 3643 1320 3709 ius
1349 3644 1415 3711 iam

93 3734 235 3808 habent;
267 3732 433 3816 inpriore
464 3756 537 3799 non.
584 3733 671 3798 Nam
695 3734 727 3798 in
751 3734 859 3817 priore
883 3754 961 3798 casu
993 3732 1026 3798 id
1049 3733 1154 3816 ipsum
1178 3737 1414 3800 testamentum

94 3823 137 3887 ab
161 3822 265 3887 amico
290 3823 475 3906 suppletum
497 3825 598 3908 profuit
622 3824 762 3888 evadere
785 3826 1021 3889 testamentum
1050 3826 1146 3909 laquie
1169 3842 1229 3906 per
1252 3823 1415 3889 actionem

94 3910 226 3977 Colonia
249 3911 346 3976 valde
371 3912 517 3989 obviam;
550 3911 703 3977 videlicet
734 3911 813 3977 nihil
837 3911 1077 3993 requirebatur,
1110 3911 1173 3976 nisi
1201 3917 1238 3979 ut
1260 3912 1359 3977 Colon
1382 3912 1415 3977 id

93 4000 248 4083 legaliter
272 4000 394 4083 (coram
419 4000 547 4067 notario
571 4006 606 4066 et
621 4001 774 4083 testibus)
791 4002 975 4067 declararet
997 4022 1055 4066 seu
1079 4000 1227 4066 traderet
1251 4005 1288 4067 ut
1310 4005 1415 4067 testa·

94 4095 242 4155 mentum
265 4111 368 4156 suum.

217 4289 551 4377 TESTAMENTUM
574 4289 772 4355 INFORME
796 4290 986 4366 RIUSQUE
1009 4289 1297 4356 IMPUGNATIO.

650 4427 760 4495 Casus.
788 4437 864 4505 (288)

184 4569 351 4630 Cassander
372 4569 504 4629 condidit
523 4574 741 4639 tastamentum,
762 4569 792 4628 in
809 4590 866 4645 quo
888 4570 948 4629 filio
969 4569 1071 4629 maiori
1093 4569 1251 4628 maximam
1272 4572 1413 4629 bonorum

92 4655 210 4729 partem
231 4649 365 4726 reliquit,
394 4671 446 4728 pro
468 4651 548 4725 agris
569 4656 599 4709 et
627 4650 748 4709 aedibus
776 4651 871 4727 pretio
900 4650 975 4710 satis
995 4651 1047 4710 vili
1072 4650 1234 4725 assignato.
1275 4649 1412 4709 Inadver·
