3106 5168
295 280 449 335 'translatio
467 280 517 334 iur.
536 297 562 350 p.
582 283 745 334 contractus.
762 308 797 317 —-
815 281 962 333 Ρνωηιέεἱο
981 282 1009 332 et
1026 281 1144 333 donario.
1315 285 1380 349 425

57 461 171 524 mento
200 458 332 522 firmata
361 459 429 530 est,
462 454 606 539 practice
638 477 753 538 parum
786 455 895 520 differt
926 455 1062 538 abipsa
1086 456 1276 536 donatione,
1308 478 1380 523 cum

57 545 264 631 promittenti
287 546 424 610 liberum
447 545 587 629 amplius
609 566 674 609 non
696 544 740 610 sit
763 544 971 610 donationem
994 565 1126 626 negare.

148 644 188 709 R.
214 646 244 709 2.
291 642 432 708 Donatio
455 642 528 726 ipsa
550 642 583 707 in
608 643 704 707 rebus
727 641 898 706 mobilibus
921 641 1098 707 traditione
1121 642 1193 726 ipsa
1215 644 1381 728 perficitur

58 733 160 799 etiam
184 754 294 798 coram
316 732 406 813 lege,
439 752 476 796 εο
501 733 585 813 quod
616 752 674 815 per
703 731 871 814 utriusque
896 751 1087 796 consensum
1118 732 1213 796 simul
1237 754 1308 797 cum
1333 733 1381 799 rei

57 821 237 888 traditione
267 820 443 885 dominium
473 821 572 886 etiam
602 820 755 902 legaliter
784 841 842 885 seu
866 819 1008 886 civiliter
1031 821 1072 886 ab
1095 841 1159 886 uno
1183 821 1217 885 in
1240 823 1381 887 alterurn

57 914 219 976 transeat.
266 910 303 974 ln
327 909 425 974 rebus
447 908 663 974 immobilibus
687 912 796 974 autem
826 909 1036 991 requiruntur
1059 910 1273 977 communiter
1296 911 1380 976 aliae

57 999 287 1076 formalitates,
311 998 469 1082 imprimis
493 1019 578 1063 nova
601 997 768 1082 inscriptio
791 998 825 1061 in
848 997 968 1063 tabulis
991 997 1137 1082 publicis,

148 1097 187 1162 R.
213 1100 243 1163 3.
290 1096 364 1161 lure
395 1099 506 1160 tamen
538 1100 675 1162 naturae
708 1095 866 1160 eiusmodi
894 1096 1021 1162 formae
1044 1095 1085 1161 ad
1108 1097 1255 1161 valorem
1279 1096 1380 1161 dona-

61 1186 161 1252 tionis
184 1207 249 1250 non
272 1183 491 1266 requiruntur.
539 1185 602 1249 Sed
626 1184 748 1250 sufficit
770 1185 949 1266 utriusque,
974 1188 1009 1250 et
1032 1185 1198 1250 donatoris
1223 1190 1256 1251 et
1279 1185 1381 1250 dona-

58 1275 153 1352 tarii,
189 1294 366 1339 consensus
402 1272 648 1352 manifestatus,
687 1294 751 1355 quo
783 1273 872 1357 prior
903 1273 1067 1357 exprimat
1097 1295 1133 1338 se
1167 1275 1201 1339 in
1232 1273 1380 1340 favorem

58 1364 197 1430 alterius
232 1363 295 1427 iuri
324 1384 384 1427 suo
420 1362 454 1427 iu
488 1367 612 1428 certam
650 1383 719 1427 rem
753 1383 838 1427 nunc
871 1361 1004 1440 cedere,
1043 1363 1220 1446 posterior,
1260 1384 1296 1429 se
1330 1363 1380 1428 ius

61 1454 144 1519 illud
174 1452 235 1516 sibi
264 1452 409 1517 oblatum
438 1473 524 1516 nunc
554 1451 711 1534 accipere.
764 1452 874 1533 Atque
904 1451 1059 1517 eiusmodi
1090 1451 1247 1517 informes
1279 1453 1381 1518 dona·

59 1543 167 1609 tiones
190 1563 287 1625 posse
310 1541 410 1606 etiam
432 1541 465 1605 in
489 1540 703 1617 conscientia,
727 1541 788 1605 nisi
813 1540 986 1623 peculiaris
1008 1541 1093 1606 ratio
1118 1543 1243 1619 obstet,
1274 1541 1323 1606 ius
1347 1546 1382 1607 et

58 1631 291 1712 obligationem
314 1650 440 1713 parere,
464 1629 561 1712 plane
585 1629 761 1694 tenendum
784 1635 845 1706 est,
870 1630 966 1711 idque
983 1630 1082 1696 etiarn
1106 1630 1280 1713 aliquando
1304 1651 1380 1696 oon·

58 1727 113 1787 tra
136 1721 227 1802 leges
249 1719 426 1803 positivae,
459 1718 487 1783 si
516 1739 601 1800 quae
630 1718 740 1800 iniquo
771 1720 866 1783 modo
897 1719 1090 1784 facultatem
1113 1719 1305 1802 disponendi
1327 1722 1381 1784 vel

58 1808 247 1891 acquirendi
271 1808 370 1873 certis
393 1807 556 1890 personis,
586 1806 743 1891 imprimis
773 1807 921 1891 personis
950 1808 1127 1873 moralibus
1156 1831 1214 1874 seu
1237 1809 1381 1874 iuridicis

59 1903 201 1975 tantum,
226 1897 378 1962 auferant
401 1896 455 1961 vel
478 1895 672 1962 arctioribus
695 1896 850 1961 limitibus
874 1896 1151 1962 circumscribant.

149 2014 202 2079 An
225 2036 416 2091 quansrrunr
440 2018 479 2078 2³²
503 2015 541 2080 R.
569 2018 596 2080 1.
628 2014 769 2080 Donatio
785 2036 849 2078 non
873 2018 1012 2093 tantum,
1037 2015 1065 2079 si
1087 2015 1289 2081 solummodo
1305 2026 1442 2099 pro-840

60 2104 163 2170 missa
186 2109 246 2182 est,
270 2105 327 2168 sed
352 2102 480 2168 etiamsi
497 2104 541 2170 sit
557 2103 760 2168 exsecutioni
784 2104 872 2180 data,
890 2103 1065 2185 aliquando
1081 2107 1191 2188 potest
1214 2106 1379 2172 revocari:

59 2215 102 2258 ex
125 2194 196 2258 iure
219 2193 348 2274 quidem
379 2192 520 2258 naturali
544 2191 688 2267 faciliuS,
713 2192 741 2256 si
764 2192 965 2256 solummodo
989 2192 1089 2258 fuerit
1111 2193 1288 2276 promissa,
1321 2215 1380 2259 ex-

59 2281 223 2349 secutioni
240 2283 381 2347 nondum
399 2282 487 2360 data,
505 2281 659 2346 videlicet
674 2281 804 2362 quando
820 2281 959 2348 mutatio
975 2280 1198 2346 condicionum
1214 2303 1255 2348 ea
1269 2283 1379 2359 fuerit,

59 2376 106 2447 ut,
131 2371 160 2436 si
183 2371 300 2436 fuisset
315 2371 457 2456 provisa,
482 2369 652 2453 promissio
675 2370 863 2436 nullatenus
886 2374 974 2436 esset
996 2371 1102 2447 faota3
1126 2371 1154 2436 si
1178 2371 1380 2438 exsecutioni

59 2462 126 2525 iam
150 2461 251 2526 fuerit
275 2460 362 2536 data,
386 2459 443 2523 vix
467 2459 564 2525 aliter
587 2458 734 2524 revocari
750 2463 862 2543 potest
877 2459 939 2524 nisi
956 2480 997 2524 ex
1013 2459 1278 2543 dispositionibus
1300 2461 1380 2526 iuris

59 2548 210 2633 positivi,
241 2549 294 2613 vel
324 2552 459 2632 propter
488 2547 671 2632 appositam
696 2547 917 2613 condicionem
946 2549 1182 2616 resolutoriam.
1229 2551 1380 2616 Ceterum

58 2639 138 2703 iuris
161 2637 294 2722 positivi
318 2637 545 2720 dispositiones
566 2637 772 2702 donationem
795 2638 1012 2703 instrumento
1035 2638 1164 2722 publico
1187 2640 1381 2723 promissam

59 2728 130 2791 fere
154 2727 370 2810 aequiparant
393 2725 559 2791 donationi
580 2726 696 2808 foetur.

149 2824 188 2891 n.
213 2827 243 2889 2.
290 2824 414 2889 Causae
437 2825 506 2888 sive
530 2823 643 2889 tot-alis
667 2823 738 2888 sive
760 2822 910 2907 partialis
926 2823 1145 2890 revocationis
1168 2825 1382 2892 communiter

59 2914 133 2995 lege
166 2912 254 2978 civili
287 2913 505 2979 admittuntur
535 2911 614 2977 hae:
649 2912 851 2994 ingratitudo
887 2913 1028 2977 enormis
1062 2913 1239 2989 donatarii;
1272 2915 1381 2998 proles

59 3002 212 3067 donatori
234 3007 350 3085 postea
373 3006 470 3077 nata;
496 3022 576 3066 onus
600 3002 653 3066 vel
671 3001 816 3066 condicio
833 3023 896 3066 non
913 3001 1056 3085 impleta,
1081 3001 1108 3067 si
1125 3002 1258 3068 donatio
1281 3002 1382 3069 fuerit

59 3112 208 3157 onerosa.
255 3091 359 3174 Saepe
383 3091 482 3155 etiam
506 3091 686 3173 perbreve
709 3091 840 3172 aliquod
863 3094 992 3173 tempus
1008 3091 1183 3156 revocandi
1207 3091 1257 3156 ius
1280 3092 1381 3157 dona·

60 3181 123 3245 tori
148 3184 338 3245 reservatur
360 3179 430 3243 sine
455 3179 520 3243 ulla
545 3200 652 3244 causa.
682 3179 831 3245 Ceterum
849 3179 1068 3261 unusquisque
1090 3179 1152 3244 hac
1175 3180 1208 3244 in
1231 3201 1268 3244 re
1290 3181 1381 3262 leges

59 3291 139 3334 suae
156 3269 298 3351 regionis
313 3268 476 3350 respicere
493 3268 599 3345 debet,
617 3289 689 3332 cum
705 3268 737 3332 in
754 3267 854 3333 variis
870 3267 1055 3350 regionibus
1072 3268 1164 3333 varia
1180 3272 1380 3334 statuantur.

60 3359 107 3425 uf.
138 3360 195 3423 Tt.
220 3381 259 3424 m.
284 3358 308 3433 l,
336 3359 431 3422 1085.

150 3455 189 3520 u.
215 3458 245 3520 3.
291 3455 397 3536 Leges
420 3453 500 3518 iuris
524 3454 631 3520 Germ.
650 3474 691 3517 ex
708 3453 833 3518 duabus
850 3453 956 3519 causis
971 3459 1124 3520 statuunt
1139 3453 1381 3521 revocationem

54 3546 248 3629 partialem:
273 3544 305 3624 1)
329 3544 356 3608 si
380 3543 465 3625 quod
489 3564 570 3608 onus
593 3542 764 3609 donatario
787 3543 976 3625 impositum
999 3543 1114 3621 fuerit,
1143 3545 1185 3609 ab
1209 3565 1247 3610 eo
1271 3547 1381 3610 autem

58 3655 124 3700 non
146 3632 334 3716 impletum:
364 3653 405 3698 ea
428 3631 612 3697 donationis
640 3653 718 3716 pars
741 3632 845 3715 repeti
869 3637 994 3715 potest,
1025 3653 1109 3714 quae
1140 3633 1292 3716 expensis
1321 3655 1381 3717 pro

59 3722 225 3806 implendo
256 3742 354 3786 onere
384 3722 632 3803 aequivaleant;
667 3723 700 3802 2)
724 3721 751 3786 si
782 3722 920 3787 donator
951 3722 1126 3787 donatione
1154 3723 1212 3788 illa
1241 3722 1382 3806 incapax

58 3811 207 3877 redditur
229 3810 271 3876 ad
295 3831 374 3876 suae
401 3831 597 3891 suorumque
626 3811 858 3875 sustentationi
888 3812 1064 3876 secundum
1087 3812 1308 3877 condicionem
1331 3813 1382 3877 sui

58 3904 169 3967 status
201 3920 345 3981 congrue
376 3899 627 3984 providendum,
661 3899 793 3965 donatio
825 3905 1002 3966 revocatur
1034 3906 1187 3979 eatenus,
1220 3905 1381 3984 quatenus

59 4009 226 4071 congruae
248 3988 336 4053 illius
359 3988 609 4055 sustentationis
632 3992 782 4071 sumptus
806 3988 977 4073 supplendi
1000 3995 1087 4056 sunt.

150 4078 289 4161 Propter
312 4078 416 4143 solam
436 4100 565 4162 proceru
588 4080 862 4161 iugratitudinem,
887 4079 907 4144 i.
924 4099 952 4144 e.
976 4099 1080 4161 grave
1097 4079 1248 4144 delictum
1266 4082 1381 4143 contra

58 4168 251 4233 donatorem
271 4167 382 4232 eiusve
406 4166 553 4250 proximo
570 4171 727 4248 cognatos
743 4167 948 4232 commissum
972 4167 1167 4251 permittunt
1190 4167 1382 4251 simpliciter

56 4255 303 4322 revocationem
325 4258 447 4321 totalem
472 4255 504 4336 (ξ
528 4255 616 4336 530).

149 4370 202 4436 An
226 4391 418 4446 ouansmuu
442 4374 480 4435 3¹³
503 4370 542 4435 R.
569 4373 596 4435 1.
629 4370 708 4434 Cum
733 4373 824 4436 villae
840 4373 968 4436 (terrario
990 4393 1050 4455 per
1073 4370 1235 4454 publicum
1258 4370 1439 4438 metm-841

57 4464 205 4526 mentum
227 4459 375 4543 perfecta
405 4459 464 4537 sit,
495 4458 598 4523 videri
623 4459 735 4537 debet,
767 4481 844 4524 num
873 4460 982 4542 proles
1005 4464 1120 4543 postea
1149 4464 1229 4524 nata
1251 4458 1380 4540 Agritio

57 4551 92 4615 in
115 4549 188 4615 loco
212 4548 410 4631 competenti
433 4549 484 4612 ius
507 4548 564 4613 det
587 4549 791 4614 revocandae
808 4548 990 4614 donationis
1013 4547 1380 4632 pe1·legespositivas;

57 4638 142 4705 alias
164 4658 322 4703 revocare
346 4658 417 4702 eam
441 4658 505 4702 non
528 4640 648 4720 potest.
678 4674 722 4684 -
753 4637 787 4703 Si
810 4658 888 4702 vero
913 4637 1044 4702 donatio
1069 4638 1217 4721 perfecta
1239 4637 1381 4701 nondum
