3106 5168
207 262 341 316 Bonorum
360 261 527 332 privatorum
546 262 691 332 acquisitio
711 293 742 300 -
763 262 912 332 occupatio,
931 263 1072 315 thesaurus
1090 270 1113 315 rt
1132 264 1254 316 irruentia.
1327 268 1391 331 303

67 439 192 504 factam
220 438 395 503 thesaurus
424 438 525 504 fuerit
555 442 742 522 occupatus.
789 438 858 504 Lex
887 439 990 520 igitur
1018 438 1156 522 requirit
1178 438 1324 522 quidem.
1355 443 1392 506 ut

66 527 241 592 thesaurus
265 531 451 610 occupetur,
475 527 532 593 sed
556 547 619 592 nou
643 525 789 609 requirit,
813 532 851 594 ut
873 529 915 594 ab
931 529 1000 612 ipso
1017 528 1184 594 detectura
1200 534 1390 612 occupetur3

65 615 276 681 nihilominus
299 614 461 682 detector:
471 615 605 682 addicit
627 615 793 682 dimidiam
823 620 950 700 partem
980 617 1136 684 thesauri.
1183 617 1268 684 Utut
1290 617 1392 701 igitur

66 705 100 770 in
116 705 330 788 occupatione
347 704 440 770 Titus
456 726 476 771 a
492 704 568 771 Caio
592 710 791 789 praeventus
815 711 875 784 ast,
900 705 970 771 sine
993 707 1059 771 ullo
1084 707 1179 772 dubio
1199 706 1302 779 Titus,
1326 728 1391 772 non

65 793 380 964 Cgiigsbtgrfsauqurg
397 794 532 861 detexit.
557 794 610 860 Ita
625 793 724 860 etiam
741 799 1022 864 commentatores.
1054 794 1101 860 Cf.
1118 794 1391 861 Kuhlenbeck

65 903 86 948 a
263 904 330 949 no.
379 934 386 951 .

156 980 195 1047 R.
220 982 250 1047 4.
297 979 387 1057 Quod
417 1001 496 1045 vero
526 984 632 1047 totum
662 980 850 1047 thesaurum
880 981 966 1047 inter
995 1000 1031 1046 se
1061 980 1223 1058 dividant,
1257 981 1390 1047 excluso

66 1069 234 1146 terrario,
264 1069 297 1134 in
327 1069 491 1152 plerisque
514 1068 701 1151 regionibus
724 1069 858 1135 tolerari
882 1069 1011 1152 nequit,
1042 1071 1099 1135 sed
1123 1070 1230 1135 media
1259 1091 1337 1154 pars
1360 1070 1390 1134 ei

64 1158 175 1224 danda
198 1162 258 1224 est.
290 1156 355 1224 Ubi
371 1178 449 1223 vero
472 1156 634 1241 positivae
657 1159 748 1240 leges
772 1158 850 1224 nihil
866 1163 1027 1236 statuunt,
1052 1159 1103 1224 vel
1120 1158 1175 1224 ubi
1190 1158 1389 1225 cousuetudo

64 1247 229 1312 inventori
253 1251 359 1313 totum
383 1246 479 1324 cedit,
504 1246 598 1312 Titus
622 1250 656 1312 et
680 1247 776 1312 Caius
799 1269 863 1313 non
887 1252 965 1315 sunt
986 1247 1197 1329 inquietandi.

545 1467 809 1535 THESAURUS
837 1468 906 1552 (Il).

621 1625 731 1691 Casus.
760 1633 836 1700 (178)

155 1765 277 1825 Catulus
298 1765 329 1822 in
344 1784 396 1823 suo
418 1765 504 1823 horto
519 1763 641 1824 Cneium
661 1763 874 1824 mercenarium
894 1764 976 1824 iubet
997 1764 1097 1823 fodere
1118 1771 1149 1822 et
1169 1765 1257 1822 imam
1278 1769 1387 1824 terram

64 1865 168 1904 eruere
190 1865 243 1922 pro
264 1845 398 1922 ponendo
419 1845 610 1903 fundamento
632 1865 775 1905 novarum
797 1845 921 1907 aedium.
952 1844 1059 1904 Cneius
1080 1844 1157 1903 inter
1179 1844 1296 1904 labores
1317 1865 1387 1905 suos

64 1924 177 2000 detegit
204 1925 235 1984 in
262 1926 321 1983 ima
343 1930 422 1983 terra
443 1925 609 2003 complures
630 1944 764 1984 nummos
786 1944 892 1984 aureos
914 1925 1051 2001 antiquos
1078 1944 1138 1984 non
1161 1926 1285 1984 multum
1309 1926 1387 1985 inter

64 2025 95 2064 se
111 2006 267 2075 distantes,
290 2012 378 2080 atque
400 2024 437 2063 ex
459 2025 541 2075 sono,
563 2025 648 2081 quem
670 2005 727 2064 sibi
748 2005 901 2082 percipere
915 2005 1040 2075 videtur,
1063 2023 1128 2063 curu
1150 2005 1250 2064 fodere
1270 2012 1385 2082 pergat,

64 2086 235 2162 suspicatur
263 2105 355 2162 prope
376 2104 443 2143 esse
464 2105 518 2144 vas
546 2085 641 2144 maius
669 2085 863 2157 metallicum,
893 2105 950 2161 quo
972 2085 1048 2144 aliae
1074 2104 1123 2145 res
1151 2086 1298 2163 pretiosae
1320 2106 1386 2145 con·

62 2166 222 2225 tineentur.

152 2245 311 2316 Dominus,
341 2264 465 2321 quocum
493 2245 619 2304 fideliter
647 2244 752 2304 dividit
779 2264 928 2307 nummos.
960 2263 1025 2303 eum
1053 2244 1159 2304 sistere
1189 2245 1270 2304 iubet
1297 2251 1385 2322 utque

64 2331 198 2385 removet
218 2347 236 2385 a
256 2325 409 2397 fodiendo;
432 2331 519 2401 atque
540 2326 604 2402 ipse
624 2325 746 2384 Catulus
766 2325 863 2402 pergit
883 2324 984 2384 fodere
1006 2331 1036 2383 et
1056 2344 1088 2383 re
1109 2344 1180 2384 vera
1201 2324 1310 2402 reperit
1331 2346 1385 2384 vas

65 2408 193 2483 amplum
221 2405 347 2465 nummis
375 2405 472 2464 aureis
500 2407 588 2464 rebus
616 2405 707 2464 mirae
733 2405 806 2464 artis
834 2406 961 2483 plenum.
1004 2403 1085 2473 Quod
1114 2424 1180 2464 cum
1208 2410 1302 2464 totum
1330 2406 1386 2465 sibi

65 2492 256 2564 occupasset,
285 2484 392 2545 Cneius
413 2486 545 2561 queritur
566 2486 601 2543 de
622 2485 769 2545 iniustitia
790 2486 846 2545 sibi
867 2486 964 2557 facta,
993 2485 1069 2561 quod
1096 2484 1212 2561 ipsein
1233 2504 1324 2545 eausa
1346 2486 1386 2545 sit

64 2568 156 2626 totius
177 2566 265 2626 istius
286 2566 418 2625 thesauri
439 2565 554 2624 inventi
574 2565 696 2642 ipseque
717 2565 854 2642 detegere
876 2585 942 2624 eum
962 2565 1022 2623 iam
1044 2566 1182 2642 coeperit.

64 2671 242 2742 Querarrua
261 2676 359 2811 guum
378 2671 499 2811 Clqttulus
520 2678 602 2730 recte
623 2670 718 2746 egerit
738 2691 776 2730 an
796 2671 886 2731 Cneio
909 2672 1015 2731 debeat
1036 2670 1127 2730 totius
1148 2671 1281 2730 thesauri
1303 2670 1385 2729 dimi·

281 2771 340 2810 1am
361 2771 399 2829 pa
430 2771 484 2812 em.

656 2857 790 2924 Solutio.

153 3002 205 3065 An
228 3019 419 3077 quansrruu
442 2997 481 3065 R.
509 3002 536 3064 l.
584 2997 696 3074 Quoad
726 3018 875 3062 nummos
901 2997 974 3063 illos
997 3019 1129 3074 aureos,
1164 3018 1245 3079 quos
1268 2998 1385 3063 Cneius
1395 3012 1446 3066 596

64 3088 238 3154 detexerat
261 3094 295 3155 et
318 3092 550 3171 assumpserat,
574 3092 664 3152 recte
688 3092 796 3153 actum
820 3091 881 3163 est,
906 3107 944 3152 eo
961 3087 1045 3168 quod
1063 3085 1285 3151 dividerentur
1300 3086 1385 3153 inter

64 3178 197 3243 Cneium
213 3184 247 3244 et
263 3178 427 3245 Catulum:
451 3177 500 3242 ita
521 3175 605 3241 euim
629 3176 698 3241 fere
721 3177 839 3258 ubique
862 3176 952 3258 leges
975 3175 1136 3260 positivae
1159 3175 1386 3258 praescribunt

64 3266 257 3333 faciendum.
274 3266 471 3348 —Reliqua
495 3265 626 3332 detecta
647 3265 788 3330 nondum
805 3269 909 3341 erant,
933 3266 990 3330 sed
1014 3264 1164 3349 proxima
1179 3264 1294 3330 aderat
1310 3283 1385 3348 spes

64 3356 144 3433 fore,
169 3361 205 3422 ut
228 3357 468 3437 detegerentur.

152 3453 191 3520 lt.
209 3456 239 3520 2.
271 3453 414 3529 Catulus,
439 3451 525 3518 horti
549 3451 708 3528 dominae,
732 3472 790 3516 suo
814 3450 883 3516 iure
900 3451 977 3534 egit,
1003 3451 1123 3517 sistens
1146 3451 1274 3517 labores
1297 3450 1384 3528 Cnei,

63 3564 136 3607 cum
160 3547 248 3610 esset
271 3541 420 3607 dominus
442 3563 550 3607 rerum
575 3561 717 3616 suarum,
741 3540 841 3605 etiam
861 3540 1082 3606 immobilium.
1113 3539 1224 3606 Etiam
1240 3539 1310 3605 iure
1325 3560 1384 3605 suo

64 3652 140 3697 usus
164 3637 224 3708 est,
249 3653 322 3697 cum
345 3631 414 3715 ipse
437 3631 619 3714 susciperet
641 3630 770 3694 labores
793 3629 946 3695 fodiendi.

152 3730 191 3796 R..
216 3733 246 3796 3.
293 3730 359 3795 Res
388 3727 480 3807 illae,
511 3748 595 3810 quae
624 3748 683 3811 per
713 3727 857 3793 laborem
881 3726 988 3793 Catuli
1016 3729 1152 3809 apertae
1175 3726 1384 3805 exstiterunt,

64 3818 213 3885 detectae
236 3819 365 3883 demum
388 3823 465 3884 suut
480 3838 500 3882 a
516 3817 641 3893 Catu10,
665 3837 730 3881 non
747 3837 766 3882 a
782 3816 889 3882 Cneio.
922 3817 1000 3882 Cum
1023 3836 1099 3898 spes
1122 3819 1210 3880 esset
1233 3837 1272 3882 ea
1293 3817 1384 3883 dete-

63 3908 171 3989 gendi,
195 3907 311 3973 Cneius
334 3907 485 3973 aCatulo
509 3905 684 3989 impeditus
707 3910 768 3984 est,
793 3926 834 3971 ne
857 3909 968 3990 posset
991 3904 1161 3986 detegere;
1186 3905 1244 3970 sed
1266 3904 1328 3971 hac
1351 3905 1384 3970 iu

64 4018 99 4062 re
122 3997 256 4063 Catulus
287 4018 350 4062 non
381 3996 450 4078 egit
478 3995 607 4061 iniuste.
655 3995 744 4077 Ergo
767 3994 883 4060 Cneius
912 3995 1027 4059 harum
1056 4014 1165 4058 rerum
1193 3992 1383 4059 divisionem

64 4107 135 4150 cunr
152 4086 268 4152 Catulo
291 4085 458 4168 postulare
481 4088 552 4150 iure
575 4104 639 4148 non
663 4089 782 4168 potest.
813 4085 962 4165 Aequum
985 4082 1114 4166 quidem
1131 4086 1192 4159 est,
1216 4087 1253 4148 ut
1268 4083 1384 4148 Cueius

63 4175 202 4258 accipiat
231 4175 357 4257 largam
385 4174 527 4257 aliquam
550 4172 861 4249 remunerationem,
892 4171 1034 4238 maxime
1057 4193 1129 4237 cum
1153 4179 1222 4239 tam
1245 4171 1384 4238 fideliter

63 4285 211 4328 nummos
240 4263 306 4328 iam
330 4264 476 4329 detectos
507 4285 579 4328 cunr
603 4261 718 4327 Catulo
747 4260 893 4326 diviserit
924 4266 1023 4343 atque
1052 4267 1187 4345 propter
1213 4281 1282 4325 rem
1312 4262 1383 4326 ilico

64 4374 136 4418 oum
161 4353 275 4420 Catulo
302 4352 571 4418 communicatam
595 4351 668 4415 huic
692 4350 969 4434 opportunitatem
993 4349 1118 4415 dederit
1141 4350 1201 4414 sibi
1224 4348 1383 4430 reliquum

63 4441 252 4508 thesaurum
275 4446 380 4508 totum
404 4440 592 4525 occupandi.
627 4439 712 4505 Nam
737 4438 853 4504 Cneius
871 4447 997 4524 poterut
1020 4439 1060 4503 de
1084 4438 1222 4503 nummis
1246 4437 1383 4503 detectis

65 4533 192 4596 interim
220 4533 329 4609 silere,
360 4532 461 4595 donec
487 4550 583 4613 porro
613 4528 740 4594 fodiens
769 4529 842 4612 plus
870 4527 1047 4594 invenerit:
1078 4526 1110 4591 in
1135 4548 1197 4608 quo
1221 4546 1299 4590 casu
1322 4525 1383 4590 sibi

64 4619 263 4686 vindicasset
286 4619 336 4685 ius
359 4620 401 4686 ad
424 4619 526 4685 totius
550 4617 694 4684 thesauri
718 4622 846 4701 partem
870 4616 1019 4683 mediam.
