3106 5168
174 282 273 338 Officia
292 281 364 337 circa
382 281 482 336 bonum
500 282 598 336 famae.
618 312 652 319 -
670 281 784 335 Alienae
803 282 892 336 famae
910 281 995 337 laesio
1013 311 1048 320 —-
1067 282 1126 337 eius
1141 286 1269 352 mattos.
1322 287 1386 352 489

64 459 254 544 impediant.
279 459 469 524 -Verum
498 458 530 523 id
554 480 616 523 nou
641 458 750 542 tangit
777 458 942 542 propriam
966 457 1191 540 quaestionem
1221 459 1261 524 de
1290 460 1388 524 rebus

64 549 263 634 praeteritis.
309 548 348 613 In
371 547 486 629 quibus
509 552 621 613 tamen
650 567 705 625 ea,
737 568 820 629 quae
844 547 920 612 olim
940 549 1069 634 publica
1094 557 1184 613 oraru
1203 548 1389 634 puhlicitote

65 642 166 717 iuris,
199 637 298 703 etiam
329 637 394 702 alio
426 639 574 720 tempore
603 636 730 702 narrari
760 657 856 720 posse
879 637 948 701 sine
971 636 1068 718 gravi
1091 638 1187 720 culpa
1210 638 1242 703 S.
1266 637 1386 721 Alph.

65 726 185 792 ibidem
201 728 385 810 approbans
401 730 496 791 notat
511 746 553 790 ex
569 725 718 791 doctrina
733 725 884 803 Lessii,
904 725 1103 808 Lugonis,
1120 726 1298 791 Lacroix
1323 731 1386 794 etc.

154 833 194 898 R.
220 835 250 898 3.
297 832 374 897 Cum
400 831 441 896 do
464 831 656 913 publicitate
679 831 758 896 iuris
781 851 878 896 sensu
902 831 1017 898 stricto
1041 836 1178 915 accepta
1200 852 1299 916 saepe
1322 854 1387 897 non

65 926 210 998 constet,
242 920 391 986 addenda
414 919 566 986 videntur
588 919 684 985 haec:
715 919 873 985 Homines
902 920 934 984 in
965 942 1092 986 summa
1120 926 1287 1005 potestate
1310 943 1388 987 con-

65 1010 177 1077 stituti
198 1009 313 1075 iudicis
342 1009 460 1074 iudicio
492 1030 557 1075 non
589 1009 775 1087 subiacent3
808 1030 922 1074 verum
953 1032 1033 1096 quoe
1066 1018 1165 1094 aquai
1195 1013 1232 1074 ie
1260 1013 1387 1096 publico

64 1122 204 1181 euenere,
230 1098 477 1180 aequivalenter
498 1097 578 1162 iuris
600 1096 791 1182 publicitate
806 1098 935 1181 publica
957 1102 1042 1165 sunt.
1075 1100 1281 1183 Quapropter
1304 1121 1388 1182 quae

66 1192 101 1254 iu
124 1189 220 1253 rebus
241 1189 377 1272 publicis
398 1188 545 1274 perendie
575 1195 646 1252 octo
669 1191 756 1264 sunt,
781 1187 879 1265 haec,
914 1187 976 1253 atsi
1007 1209 1092 1252 nuuc
1123 1188 1277 1253 oblivioni
1309 1196 1387 1256 suut

69 1278 159 1357 data,
184 1298 202 1341 e
225 1277 360 1361 pulvere
383 1298 497 1342 eruere
530 1275 704 1341 etiterum
728 1275 905 1360 publicare,
930 1276 992 1342 etsi
1015 1282 1124 1363 certos
1147 1277 1236 1342 viros
1259 1279 1388 1343 macula

65 1371 255 1449 aspergant,
279 1365 477 1450 prohibitum
500 1386 564 1429 non
589 1368 649 1432 est.

154 1455 209 1527 Sic
237 1454 411 1537 intellego,
445 1454 530 1536 quod
553 1454 663 1519 Marc
693 1476 724 1521 n.
758 1457 843 1519 1200
867 1453 903 1529 Q.
929 1458 960 1518 2ο
984 1454 1078 1532 dicit,
1110 1454 1292 1521 mortaliter
1322 1477 1387 1520 non

67 1564 206 1628 peccare
230 1565 319 1620 eum,
351 1543 405 1625 qui
428 1542 552 1608 referat
575 1543 728 1609 delictum
753 1543 829 1608 olim
853 1543 1015 1626 publicum
1040 1565 1125 1609 nunc
1148 1544 1326 1622 occultum,
1359 1549 1388 1611 si

66 1635 111 1698 ad
135 1635 301 1721 historiam
331 1635 497 1718 pertineat.
544 1631 631 1696 Nam
661 1633 702 1697 ad
734 1631 904 1698 historiam
936 1632 1102 1716 pertinent
1134 1632 1261 1716 publice
1292 1639 1388 1716 gesta

65 1743 124 1787 seu
148 1743 197 1800 ea,
222 1742 306 1803 quae
329 1723 370 1786 ad
394 1721 524 1804 publica
541 1720 648 1786 officia
672 1724 706 1786 et
721 1741 774 1785 res
790 1721 937 1804 publicas
959 1722 1121 1805 gerendas
1137 1726 1298 1805 spectant,
1322 1745 1388 1789 non

67 1832 152 1893 quae
176 1811 217 1875 ad
240 1810 404 1894 privatam
428 1810 593 1875 hominum
617 1810 718 1876 vitam
743 1810 896 1876 attinent.

158 1915 197 1983 R.
222 1917 253 1982 4.
300 1915 334 1981 Si
358 1916 487 1998 quaudo
510 1915 622 1997 agitur
648 1915 689 1980 de
712 1915 896 1982 actionibus
925 1937 990 1980 non
1014 1915 1056 1981 ad
1079 1936 1133 1980 res
1156 1917 1303 2000 publicas
1326 1940 1386 2002 pu·
1397 1929 1446 1983 961

65 2005 214 2086 blicaque
242 2004 349 2069 officia
378 2005 631 2088 pertinentibus3
663 2007 700 2069 ut
729 2004 827 2070 liceat
856 2003 976 2069 delicta
1005 2026 1091 2070 nuuc
1123 2005 1252 2071 occulta
1282 2006 1387 2072 denuo

68 2093 200 2177 publica
224 2093 344 2170 facere,
369 2094 545 2176 requiritur
568 2114 667 2159 causa
690 2093 822 2158 maioris
845 2093 932 2167 boui,
956 2115 1040 2175 quae
1063 2114 1136 2159 csse
1159 2098 1270 2176 potest
1292 2116 1387 2177 prae·

67 2183 161 2266 cipue
179 2183 212 2263 1)
228 2182 408 2249 auctoritas
424 2182 487 2247 viri
510 2181 652 2266 pessimi,
677 2203 760 2264 quae
783 2182 969 2249 etiamnunc
992 2183 1140 2264 graviter
1163 2186 1290 2260 noceat,
1314 2205 1386 2248 cum

66 2271 137 2336 eius
153 2271 289 2337 crimina
303 2272 501 2348 nesciantur,
525 2292 583 2354 per
598 2270 688 2336 vitae
710 2272 780 2336 eius
795 2292 894 2337 verae
914 2272 1154 2337 enarrationem
1171 2271 1386 2349 destruenda;

67 2360 101 2443 2)
126 2359 272 2425 defensio
294 2360 355 2425 viri
378 2360 569 2437 innocentis,
594 2360 684 2425 cuius
707 2361 797 2425 fama
819 2361 905 2426 falso
928 2361 1063 2426 maculis
1087 2382 1221 2445 aspersa
1244 2364 1305 2439 est,
1329 2362 1388 2427 sed

65 2470 126 2534 per
154 2448 453 2515 manifestationem
477 2448 619 2514 criminis
642 2449 780 2515 aliorum
803 2454 914 2534 potest
936 2449 1075 2516 restitui.

157 2554 195 2621 R.
225 2557 255 2620 5.
308 2554 411 2619 Immo
443 2555 565 2620 nostris
597 2554 797 2638 temporibus
829 2555 929 2621 etiam
964 2555 1093 2621 facilius
1127 2556 1243 2622 adesse
1277 2561 1388 2641 potest

65 2644 164 2726 plena
180 2643 348 2709 excusatio
363 2664 422 2726 pro
438 2643 710 2727 historiographis
722 2645 910 2726 ceteroquin
922 2645 1094 2722 timoratis,
1112 2645 1139 2710 si
1156 2667 1196 2711 ea
1211 2646 1386 2729 publicent,

67 2754 153 2814 quae
183 2732 266 2797 alias
298 2733 339 2797 ab
370 2732 443 2797 aliis
473 2732 564 2796 brevi
595 2739 670 2815 post
699 2733 899 2816 publicatum
928 2733 968 2798 iri
991 2734 1077 2800 iuste
1100 2755 1228 2800 sumere
1251 2734 1386 2818 possint.

66 2822 146 2886 Cum
170 2822 256 2886 enim
286 2821 406 2886 nostris
435 2821 679 2904 temporibusa
711 2822 878 2903 quibusvis
907 2822 1090 2887 homiuibus
1121 2824 1224 2889 doctis
1254 2824 1388 2889 archiva

66 2910 317 2994 perlustrantur,
342 2930 399 2983 ea,
424 2930 507 2991 quae
529 2910 569 2973 iis
599 2909 823 2988 continentur,
857 2912 919 2976 etsi
943 2933 1028 2977 nunc
1051 2911 1225 2977 videantur
1249 2913 1386 2989 occulta,

67 2999 223 3081 perfacile
253 3003 329 3082 post
358 3002 486 3082 tempus
516 2998 621 3079 magis
653 2999 802 3064 minusve
831 3000 963 3080 longum
997 3001 1037 3064 ad
1070 3000 1174 3065 lucem
1204 3001 1386 3070 trahentur.

66 3087 175 3164 Quare
190 3108 254 3152 non
269 3108 344 3153 raro
361 3092 449 3154 esset
465 3087 497 3152 in
514 3087 666 3152 damnum
690 3088 848 3153 bonorum
864 3093 898 3153 et
914 3109 1032 3153 causae
1054 3089 1168 3164 bonae,
1193 3089 1220 3152 si
1236 3089 1387 3154 historio·

67 3176 184 3260 graphi
209 3176 336 3242 boniet
358 3176 505 3242 timorati
528 3198 568 3242 ea
584 3178 795 3253 occultarent,
820 3197 903 3259 quae
920 3177 1024 3241 minus
1040 3177 1185 3243 timorati
1209 3179 1263 3242 vel
1286 3179 1388 3243 male·

67 3265 260 3348 morigerati
289 3286 348 3330 suo
378 3266 473 3331 modo
504 3287 581 3330 mox
604 3265 804 3347 divulgaturi
827 3270 953 3343 essent,
989 3266 1131 3331 maxime
1163 3287 1235 3330 cum
1265 3266 1311 3331 illi
1336 3287 1388 3331 res

67 3376 207 3439 pravas,
231 3375 312 3436 quas
335 3359 487 3431 narrant,
517 3376 580 3419 non
604 3358 807 3437 exaggerent
831 3375 935 3437 neque
959 3375 997 3419 eo
1020 3356 1115 3420 modo
1139 3359 1309 3433 enarrent,
1334 3356 1388 3438 qui

69 3445 112 3510 ad
136 3444 291 3509 maiorem
314 3443 468 3509 iuvidiam
486 3444 693 3510 excitandam
718 3444 763 3511 sit
786 3447 1003 3527 comparatus,
1029 3465 1133 3525 neque
1157 3444 1257 3510 etiam
1278 3466 1388 3511 emen·

70 3532 236 3599 dationem
261 3538 295 3599 et
317 3532 561 3616 paenitentiam,
586 3554 669 3615 quae
692 3537 769 3599 acta
791 3533 845 3610 sit,
869 3533 1039 3599 reticeant.

159 3647 211 3710 An
235 3667 427 3722 ouuusmuu
451 3650 489 3710 2¹⁰
513 3647 551 3712 R.
580 3651 607 3712 l.
654 3647 692 3711 ln
715 3647 823 3731 priore
839 3668 927 3725 casu,
952 3667 1014 3728 quo
1039 3646 1201 3729 agebatur
1224 3647 1264 3711 de
1287 3669 1324 3713 re
1347 3648 1388 3713 ad
1398 3661 1449 3715 962

67 3735 233 3820 privatam
256 3735 358 3801 vitam
382 3736 577 3819 pertinente,
602 3757 643 3801 ex
667 3757 702 3801 se
726 3757 778 3802 res
802 3735 913 3817 gravis
929 3740 981 3800 ast
1004 3757 1061 3800 seu
1080 3736 1192 3817 gravis
1208 3736 1389 3804 iniustitiae

68 3826 175 3908 culpa,
200 3824 357 3890 eiusmodi
379 3845 464 3902 rem,
490 3846 573 3905 quae
597 3847 774 3907 numquam
797 3824 860 3891 fuit
882 3825 1025 3908 publica,
1057 3825 1218 3908 publicam
1241 3826 1387 3892 reddere.

67 3914 181 3980 Solum
204 3914 306 3979 videri
330 3913 436 3989 debet,
461 3935 537 3978 num
560 3912 769 3999 Artaphaues
791 3913 991 3997 praeviderit
1013 3935 1082 3978 rem
1106 3935 1311 3996 nequaquam
1336 3916 1389 3981 diu

67 4024 253 4069 mansuram
279 4024 351 4068 esse
375 4003 547 4079 occultam,
572 4004 750 4079 ueletiam,
774 4024 850 4068 uum
866 4004 953 4069 forte
969 4003 1074 4069 subsit
1091 4003 1200 4085 aliqua
1216 4025 1258 4069 ex
1282 4005 1390 4070 causis

68 4113 169 4176 supra
192 4093 233 4157 ad
257 4092 373 4168 Quaes.
400 4093 438 4154 1¹¹·
461 4091 494 4156 in
517 4092 556 4158 R..
582 4095 600 4156 5
625 4093 758 4159 notatis.

158 4190 197 4255 R.
222 4193 252 4255 2.
298 4189 335 4253 lu
359 4190 540 4273 posteriore
557 4210 635 4255 casu
650 4190 833 4255 habebatur
849 4188 991 4254 criminis
1007 4194 1041 4255 et
1057 4210 1192 4271 poenae,
1217 4189 1389 4271 dequibus

67 4299 175 4345 sermo
199 4283 264 4356 est,
295 4278 372 4343 olim
396 4279 570 4362 publicitus
599 4279 688 4344 iuris.
735 4279 842 4354 Quare
873 4299 915 4342 ex
938 4278 1103 4343 sententia
1127 4279 1158 4345 S.
1182 4277 1389 4361 Alphonsi

68 4369 91 4433 l.
116 4389 143 4436 c.
167 4367 378 4451 Artaphanes
402 4373 578 4434 excusatur
600 4372 670 4433 tum
694 4389 714 4432 a
737 4369 828 4433 laesa
850 4366 977 4433 iustitia
999 4371 1068 4431 tum
1092 4388 1112 4431 a
1135 4367 1226 4431 laesa
1249 4366 1389 4433 caritate

68 4457 177 4540 quoad
200 4457 405 4534 defunctum,
430 4457 471 4523 cf.
497 4457 596 4523 etiam
627 4457 754 4537 hugo,
792 4459 840 4521 De
871 4459 945 4523 icat.
976 4464 1004 4520 ei
1033 4459 1104 4520 iure
1134 4455 1162 4520 d.
1199 4456 1237 4518 14
1265 4477 1295 4520 n.
1329 4458 1388 4529 773

72 4547 130 4612 ab.
155 4570 195 4613 m.
220 4546 252 4624 I,
290 4547 384 4612 1183.
431 4546 570 4623 Verum,
602 4545 630 4610 si
660 4545 785 4629 sperari
809 4549 941 4628 poterat
973 4565 1042 4608 rem
1072 4563 1258 4608 mansuram
1290 4543 1389 4610 etiam

68 4657 154 4702 nunc
178 4634 280 4700 fuisse
304 4635 483 4712 occultam,
514 4635 576 4700 nisi
599 4633 808 4717 Artaphanes
838 4655 911 4699 eam
941 4633 973 4698 in
997 4632 1159 4716 publicum
1182 4633 1388 4717 protulisset:
