<?xml version="1.0" encoding="UTF-8"?>
<!DOCTYPE html PUBLIC "-//W3C//DTD XHTML 1.0 Transitional//EN"
    "http://www.w3.org/TR/xhtml1/DTD/xhtml1-transitional.dtd">
<html xmlns="http://www.w3.org/1999/xhtml" xml:lang="en" lang="en">
 <head>
  <title>
</title>
<meta http-equiv="Content-Type" content="text/html;charset=utf-8" />
  <meta name='ocr-system' content='tesseract 3.04.00' />
  <meta name='ocr-capabilities' content='ocr_page ocr_carea ocr_par ocr_line ocrx_word'/>
</head>
<body>
  <div class='ocr_page' id='page_1' title='image "./casusconscienti01lehmgoog_0349.png"; bbox 0 0 3106 5168; ppageno 0'>
   <div class='ocr_carea' id='block_1_1' title="bbox 217 276 1383 349">
    <p class='ocr_par' dir='ltr' id='par_1_1' title="bbox 217 276 1383 349">
     <span class='ocr_line' id='line_1_1' title="bbox 217 276 1383 349; baseline 0.003 -17"><span class='ocrx_word' id='word_1_1' title='bbox 217 277 290 333; x_wconf 85' lang='lat' dir='ltr'><strong>Iuris</strong></span> <span class='ocrx_word' id='word_1_2' title='bbox 307 276 376 332; x_wconf 87' lang='lat' dir='ltr'><strong>laesi</strong></span> <span class='ocrx_word' id='word_1_3' title='bbox 393 277 530 347; x_wconf 74' lang='lat' dir='ltr'><strong>reparatio</strong></span> <span class='ocrx_word' id='word_1_4' title='bbox 548 295 598 333; x_wconf 89' lang='lat' dir='ltr'><strong>seu</strong></span> <span class='ocrx_word' id='word_1_5' title='bbox 616 277 752 332; x_wconf 71' lang='lat' dir='ltr'><strong>restitutio</strong></span> <span class='ocrx_word' id='word_1_6' title='bbox 770 306 806 315; x_wconf 95' lang='lat'>-</span> <span class='ocrx_word' id='word_1_7' title='bbox 824 293 841 330; x_wconf 88' lang='lat' dir='ltr'><strong>a</strong></span> <span class='ocrx_word' id='word_1_8' title='bbox 859 293 1016 347; x_wconf 73' lang='lat' dir='ltr'>possessore</span> <span class='ocrx_word' id='word_1_9' title='bbox 1034 279 1131 332; x_wconf 73' lang='lat' dir='ltr'><strong>dubios</strong></span> <span class='ocrx_word' id='word_1_10' title='bbox 1148 277 1220 334; x_wconf 85' lang='lat' dir='ltr'><strong>fidei.</strong></span> <span class='ocrx_word' id='word_1_11' title='bbox 1317 284 1383 349; x_wconf 86' lang='grc'><strong>333</strong></span> 
     </span>
    </p>
   </div>
   <div class='ocr_carea' id='block_1_2' title="bbox 58 453 1470 981">
    <p class='ocr_par' dir='ltr' id='par_1_2' title="bbox 58 453 1470 716">
     <span class='ocr_line' id='line_1_2' title="bbox 58 453 1385 539; baseline 0.001 -20"><span class='ocrx_word' id='word_1_12' title='bbox 58 457 185 539; x_wconf 88' lang='lat' dir='ltr'><strong>potest,</strong></span> <span class='ocrx_word' id='word_1_13' title='bbox 215 455 337 520; x_wconf 74' lang='lat' dir='ltr'><strong>utiliter</strong></span> <span class='ocrx_word' id='word_1_14' title='bbox 358 462 480 536; x_wconf 81' lang='lat' dir='ltr'><strong>tomen,</strong></span> <span class='ocrx_word' id='word_1_15' title='bbox 511 453 608 518; x_wconf 89' lang='lat' dir='ltr'><strong>simul</strong></span> <span class='ocrx_word' id='word_1_16' title='bbox 638 457 774 536; x_wconf 89' lang='lat' dir='ltr'><strong>paratus</strong></span> <span class='ocrx_word' id='word_1_17' title='bbox 797 453 840 519; x_wconf 93' lang='lat' dir='ltr'><strong>ad</strong></span> <span class='ocrx_word' id='word_1_18' title='bbox 866 453 1044 520; x_wconf 80' lang='lat' dir='ltr'><strong>utilitatem</strong></span> <span class='ocrx_word' id='word_1_19' title='bbox 1074 460 1264 538; x_wconf 80' lang='lat' dir='ltr'><strong>perceptam</strong></span> <span class='ocrx_word' id='word_1_20' title='bbox 1287 454 1385 522; x_wconf 90' lang='lat' dir='ltr'><strong>alteri</strong></span> 
     </span>
     <span class='ocr_line' id='line_1_3' title="bbox 59 541 1470 626; baseline 0 -16"><span class='ocrx_word' id='word_1_21' title='bbox 59 544 248 621; x_wconf 82' lang='lat' dir='ltr'><strong>cedendam,</strong></span> <span class='ocrx_word' id='word_1_22' title='bbox 272 542 300 608; x_wconf 95' lang='lat' dir='ltr'><strong>si</strong></span> <span class='ocrx_word' id='word_1_23' title='bbox 316 543 389 624; x_wconf 91' lang='lat' dir='ltr'><strong>quis</strong></span> <span class='ocrx_word' id='word_1_24' title='bbox 404 543 547 609; x_wconf 84' lang='lat' dir='ltr'><strong>fortasse</strong></span> <span class='ocrx_word' id='word_1_25' title='bbox 562 546 679 626; x_wconf 89' lang='lat' dir='ltr'><strong>postea</strong></span> <span class='ocrx_word' id='word_1_26' title='bbox 701 547 828 610; x_wconf 92' lang='lat' dir='ltr'><strong>certum</strong></span> <span class='ocrx_word' id='word_1_27' title='bbox 848 541 900 607; x_wconf 89' lang='lat' dir='ltr'><strong>ius</strong></span> <span class='ocrx_word' id='word_1_28' title='bbox 923 563 1019 608; x_wconf 91' lang='lat' dir='ltr'><strong>suum</strong></span> <span class='ocrx_word' id='word_1_29' title='bbox 1033 544 1232 626; x_wconf 89' lang='lat' dir='ltr'><strong>probaverit.</strong></span> <span class='ocrx_word' id='word_1_30' title='bbox 1261 544 1384 611; x_wconf 89' lang='lat' dir='ltr'><strong>Verum</strong></span> <span class='ocrx_word' id='word_1_31' title='bbox 1467 574 1470 581; x_wconf 90' lang='lat'>·</span> 
     </span>
     <span class='ocr_line' id='line_1_4' title="bbox 58 631 1383 716; baseline 0.001 -19"><span class='ocrx_word' id='word_1_32' title='bbox 58 635 84 698; x_wconf 89' lang='lat' dir='ltr'><strong>si</strong></span> <span class='ocrx_word' id='word_1_33' title='bbox 102 632 235 698; x_wconf 91' lang='lat' dir='ltr'><strong>dubium</strong></span> <span class='ocrx_word' id='word_1_34' title='bbox 257 631 423 716; x_wconf 85' lang='lat' dir='ltr'><strong>inceptam</strong></span> <span class='ocrx_word' id='word_1_35' title='bbox 446 631 683 715; x_wconf 90' lang='lat' dir='ltr'><strong>possessionem</strong></span> <span class='ocrx_word' id='word_1_36' title='bbox 708 631 934 716; x_wconf 87' lang='lat' dir='ltr'><strong>praecesserit,</strong></span> <span class='ocrx_word' id='word_1_37' title='bbox 959 632 1078 698; x_wconf 85' lang='lat' dir='ltr'><strong>ceteris</strong></span> <span class='ocrx_word' id='word_1_38' title='bbox 1100 633 1233 716; x_wconf 89' lang='lat' dir='ltr'><strong>paribus</strong></span> <span class='ocrx_word' id='word_1_39' title='bbox 1252 633 1383 712; x_wconf 88' lang='lat' dir='ltr'><strong>diutius,</strong></span> 
     </span>
    </p>

    <p class='ocr_par' dir='ltr' id='par_1_3' title="bbox 58 720 1382 805">
     <span class='ocr_line' id='line_1_5' title="bbox 58 720 1382 805; baseline -0.002 -17"><span class='ocrx_word' id='word_1_40' title='bbox 58 723 86 788; x_wconf 89' lang='lat' dir='ltr'><strong>si</strong></span> <span class='ocrx_word' id='word_1_41' title='bbox 110 722 181 788; x_wconf 90' lang='lat' dir='ltr'><strong>fieri</strong></span> <span class='ocrx_word' id='word_1_42' title='bbox 203 725 325 805; x_wconf 90' lang='lat' dir='ltr'><strong>potest,</strong></span> <span class='ocrx_word' id='word_1_43' title='bbox 349 720 473 786; x_wconf 84' lang='lat' dir='ltr'><strong>differri</strong></span> <span class='ocrx_word' id='word_1_44' title='bbox 488 721 586 787; x_wconf 86' lang='lat' dir='ltr'><strong>debet</strong></span> <span class='ocrx_word' id='word_1_45' title='bbox 600 741 641 787; x_wconf 91' lang='lat' dir='ltr'><strong>ea</strong></span> <span class='ocrx_word' id='word_1_46' title='bbox 656 720 744 787; x_wconf 88' lang='lat' dir='ltr'><strong>cirea</strong></span> <span class='ocrx_word' id='word_1_47' title='bbox 758 741 829 786; x_wconf 90' lang='lat' dir='ltr'><strong>rem</strong></span> <span class='ocrx_word' id='word_1_48' title='bbox 845 720 1025 804; x_wconf 81' lang='lat' dir='ltr'><strong>dispositio,</strong></span> <span class='ocrx_word' id='word_1_49' title='bbox 1049 742 1132 803; x_wconf 89' lang='lat' dir='ltr'><strong>quae</strong></span> <span class='ocrx_word' id='word_1_50' title='bbox 1151 723 1222 788; x_wconf 91' lang='lat' dir='ltr'><strong>eius</strong></span> <span class='ocrx_word' id='word_1_51' title='bbox 1238 723 1382 788; x_wconf 90' lang='lat' dir='ltr'><strong>valorem</strong></span> 
     </span>
    </p>

    <p class='ocr_par' dir='ltr' id='par_1_4' title="bbox 59 809 1386 981">
     <span class='ocr_line' id='line_1_6' title="bbox 59 809 1386 893; baseline 0.002 -18"><span class='ocrx_word' id='word_1_52' title='bbox 59 812 112 877; x_wconf 91' lang='lat' dir='ltr'><strong>vel</strong></span> <span class='ocrx_word' id='word_1_53' title='bbox 136 811 314 878; x_wconf 83' lang='lat' dir='ltr'><strong>utilitatem</strong></span> <span class='ocrx_word' id='word_1_54' title='bbox 338 809 507 876; x_wconf 86' lang='lat' dir='ltr'><strong>diminuat.</strong></span> <span class='ocrx_word' id='word_1_55' title='bbox 554 809 602 876; x_wconf 79' lang='lat' dir='ltr'><strong>ef.</strong></span> <span class='ocrx_word' id='word_1_56' title='bbox 631 810 687 877; x_wconf 83' lang='lat' dir='ltr'><strong>Tb.</strong></span> <span class='ocrx_word' id='word_1_57' title='bbox 711 832 752 876; x_wconf 83' lang='lat' dir='ltr'><strong>m.</strong></span> <span class='ocrx_word' id='word_1_58' title='bbox 776 809 809 888; x_wconf 94' lang='lat' dir='ltr'><strong>I,</strong></span> <span class='ocrx_word' id='word_1_59' title='bbox 834 811 896 875; x_wconf 81' lang='lat'><strong>957</strong></span> <span class='ocrx_word' id='word_1_60' title='bbox 914 831 1003 893; x_wconf 87' lang='lat' dir='ltr'><strong>sqq.;</strong></span> <span class='ocrx_word' id='word_1_61' title='bbox 1034 811 1161 893; x_wconf 90' lang='lat' dir='ltr'><strong>Lugo,</strong></span> <span class='ocrx_word' id='word_1_62' title='bbox 1186 812 1235 876; x_wconf 85' lang='lat' dir='ltr'><strong>De</strong></span> <span class='ocrx_word' id='word_1_63' title='bbox 1258 814 1333 878; x_wconf 80' lang='lat' dir='ltr'><strong>iusi.</strong></span> <span class='ocrx_word' id='word_1_64' title='bbox 1357 819 1386 877; x_wconf 83' lang='lat' dir='ltr'><strong>et</strong></span> 
     </span>
     <span class='ocr_line' id='line_1_7' title="bbox 62 900 474 981; baseline -0.002 -16"><span class='ocrx_word' id='word_1_65' title='bbox 62 905 131 966; x_wconf 83' lang='lat' dir='ltr'><strong>iure</strong></span> <span class='ocrx_word' id='word_1_66' title='bbox 154 900 184 967; x_wconf 93' lang='lat' dir='ltr'><strong>d.</strong></span> <span class='ocrx_word' id='word_1_67' title='bbox 212 901 264 979; x_wconf 81' lang='lat'><strong>17,</strong></span> <span class='ocrx_word' id='word_1_68' title='bbox 288 921 320 965; x_wconf 91' lang='lat' dir='ltr'><strong>n.</strong></span> <span class='ocrx_word' id='word_1_69' title='bbox 345 900 387 965; x_wconf 87' lang='grc'><strong>89</strong></span> <span class='ocrx_word' id='word_1_70' title='bbox 404 920 474 981; x_wconf 89' lang='lat' dir='ltr'><strong>sqq.</strong></span> 
     </span>
    </p>
   </div>
   <div class='ocr_carea' id='block_1_3' title="bbox 60 1003 1445 1695">
    <p class='ocr_par' dir='ltr' id='par_1_5' title="bbox 60 1003 1445 1695">
     <span class='ocr_line' id='line_1_8' title="bbox 150 1003 1445 1086; baseline 0 -15"><span class='ocrx_word' id='word_1_71' title='bbox 150 1006 190 1072; x_wconf 88' lang='lat' dir='ltr'><strong>R.</strong></span> <span class='ocrx_word' id='word_1_72' title='bbox 214 1008 247 1073; x_wconf 79' lang='lat'><strong>4.</strong></span> <span class='ocrx_word' id='word_1_73' title='bbox 292 1003 353 1081; x_wconf 88' lang='lat' dir='ltr'><strong>Qui</strong></span> <span class='ocrx_word' id='word_1_74' title='bbox 382 1003 623 1086; x_wconf 81' lang='lat' dir='ltr'><strong>inquisitionem</strong></span> <span class='ocrx_word' id='word_1_75' title='bbox 654 1004 831 1069; x_wconf 89' lang='lat' dir='ltr'><strong>secundum</strong></span> <span class='ocrx_word' id='word_1_76' title='bbox 862 1003 950 1071; x_wconf 90' lang='lat' dir='ltr'><strong>dicta</strong></span> <span class='ocrx_word' id='word_1_77' title='bbox 978 1003 1011 1069; x_wconf 91' lang='lat' dir='ltr'><strong>in</strong></span> <span class='ocrx_word' id='word_1_78' title='bbox 1041 1003 1081 1070; x_wconf 85' lang='lat' dir='ltr'><strong>R.</strong></span> <span class='ocrx_word' id='word_1_79' title='bbox 1112 1007 1132 1069; x_wconf 86' lang='lat'><strong>3</strong></span> <span class='ocrx_word' id='word_1_80' title='bbox 1165 1005 1384 1072; x_wconf 87' lang='lat' dir='ltr'><strong>necessariam</strong></span> <span class='ocrx_word' id='word_1_81' title='bbox 1394 1018 1445 1072; x_wconf 80' lang='grc'><strong>657</strong></span> 
     </span>
     <span class='ocr_line' id='line_1_9' title="bbox 60 1093 1386 1178; baseline -0.001 -18"><span class='ocrx_word' id='word_1_82' title='bbox 60 1116 134 1160; x_wconf 91' lang='lat' dir='ltr'><strong>cum</strong></span> <span class='ocrx_word' id='word_1_83' title='bbox 157 1093 253 1177; x_wconf 88' lang='lat' dir='ltr'><strong>gravi</strong></span> <span class='ocrx_word' id='word_1_84' title='bbox 276 1094 372 1178; x_wconf 90' lang='lat' dir='ltr'><strong>culpa</strong></span> <span class='ocrx_word' id='word_1_85' title='bbox 395 1094 560 1177; x_wconf 84' lang='lat' dir='ltr'><strong>neglegit,</strong></span> <span class='ocrx_word' id='word_1_86' title='bbox 591 1097 723 1159; x_wconf 88' lang='lat' dir='ltr'><strong>tenetur</strong></span> <span class='ocrx_word' id='word_1_87' title='bbox 758 1094 790 1174; x_wconf 86' lang='lat' dir='ltr'><strong>l)</strong></span> <span class='ocrx_word' id='word_1_88' title='bbox 823 1093 976 1159; x_wconf 88' lang='lat' dir='ltr'><strong>damnum</strong></span> <span class='ocrx_word' id='word_1_89' title='bbox 1005 1094 1182 1170; x_wconf 89' lang='lat' dir='ltr'><strong>resarcire,</strong></span> <span class='ocrx_word' id='word_1_90' title='bbox 1212 1094 1240 1159; x_wconf 90' lang='lat' dir='ltr'><strong>si</strong></span> <span class='ocrx_word' id='word_1_91' title='bbox 1270 1099 1386 1177; x_wconf 87' lang='lat' dir='ltr'><strong>postea</strong></span> 
     </span>
     <span class='ocr_line' id='line_1_10' title="bbox 60 1182 1386 1267; baseline -0.001 -18"><span class='ocrx_word' id='word_1_92' title='bbox 60 1188 171 1250; x_wconf 88' lang='lat' dir='ltr'><strong>certus</strong></span> <span class='ocrx_word' id='word_1_93' title='bbox 194 1182 343 1248; x_wconf 89' lang='lat' dir='ltr'><strong>dominus</strong></span> <span class='ocrx_word' id='word_1_94' title='bbox 366 1184 572 1267; x_wconf 83' lang='lat' dir='ltr'><strong>apparuerit:</strong></span> <span class='ocrx_word' id='word_1_95' title='bbox 605 1182 639 1264; x_wconf 87' lang='grc'><strong>2)</strong></span> <span class='ocrx_word' id='word_1_96' title='bbox 669 1183 698 1248; x_wconf 89' lang='lat' dir='ltr'><strong>si</strong></span> <span class='ocrx_word' id='word_1_97' title='bbox 721 1182 869 1248; x_wconf 90' lang='lat' dir='ltr'><strong>dominus</strong></span> <span class='ocrx_word' id='word_1_98' title='bbox 896 1185 1006 1248; x_wconf 87' lang='lat' dir='ltr'><strong>certus</strong></span> <span class='ocrx_word' id='word_1_99' title='bbox 1035 1203 1100 1248; x_wconf 90' lang='lat' dir='ltr'><strong>non</strong></span> <span class='ocrx_word' id='word_1_100' title='bbox 1124 1187 1262 1267; x_wconf 89' lang='lat' dir='ltr'><strong>apparet</strong></span> <span class='ocrx_word' id='word_1_101' title='bbox 1286 1187 1386 1249; x_wconf 85' lang='lat' dir='ltr'><strong>etex</strong></span> 
     </span>
     <span class='ocr_line' id='line_1_11' title="bbox 60 1271 1386 1356; baseline -0.001 -18"><span class='ocrx_word' id='word_1_102' title='bbox 60 1273 183 1338; x_wconf 88' lang='lat' dir='ltr'><strong>omissa</strong></span> <span class='ocrx_word' id='word_1_103' title='bbox 204 1271 414 1355; x_wconf 90' lang='lat' dir='ltr'><strong>inquisitione</strong></span> <span class='ocrx_word' id='word_1_104' title='bbox 437 1271 635 1356; x_wconf 88' lang='lat' dir='ltr'><strong>impossibile</strong></span> <span class='ocrx_word' id='word_1_105' title='bbox 658 1274 696 1338; x_wconf 88' lang='lat' dir='ltr'><strong>fit</strong></span> <span class='ocrx_word' id='word_1_106' title='bbox 719 1271 849 1338; x_wconf 90' lang='lat' dir='ltr'><strong>dubium</strong></span> <span class='ocrx_word' id='word_1_107' title='bbox 873 1273 1011 1350; x_wconf 90' lang='lat' dir='ltr'><strong>solvere,</strong></span> <span class='ocrx_word' id='word_1_108' title='bbox 1035 1276 1193 1355; x_wconf 88' lang='lat' dir='ltr'><strong>prorata</strong></span> <span class='ocrx_word' id='word_1_109' title='bbox 1216 1272 1302 1337; x_wconf 87' lang='lat' dir='ltr'><strong>dubii</strong></span> <span class='ocrx_word' id='word_1_110' title='bbox 1327 1276 1386 1340; x_wconf 87' lang='lat' dir='ltr'><strong>oli·</strong></span> 
     </span>
     <span class='ocr_line' id='line_1_12' title="bbox 60 1359 1385 1448; baseline -0.001 -21"><span class='ocrx_word' id='word_1_111' title='bbox 60 1384 124 1448; x_wconf 82' lang='lat' dir='ltr'><strong>qua</strong></span> <span class='ocrx_word' id='word_1_112' title='bbox 148 1359 315 1427; x_wconf 89' lang='lat' dir='ltr'><strong>restitutio</strong></span> <span class='ocrx_word' id='word_1_113' title='bbox 334 1361 472 1427; x_wconf 91' lang='lat' dir='ltr'><strong>debetur</strong></span> <span class='ocrx_word' id='word_1_114' title='bbox 487 1361 526 1439; x_wconf 90' lang='lat' dir='ltr'><strong>ei,</strong></span> <span class='ocrx_word' id='word_1_115' title='bbox 551 1360 607 1444; x_wconf 88' lang='lat' dir='ltr'><strong>qui</strong></span> <span class='ocrx_word' id='word_1_116' title='bbox 630 1361 729 1426; x_wconf 89' lang='lat' dir='ltr'><strong>etiam</strong></span> <span class='ocrx_word' id='word_1_117' title='bbox 753 1361 804 1426; x_wconf 90' lang='lat' dir='ltr'><strong>ius</strong></span> <span class='ocrx_word' id='word_1_118' title='bbox 828 1360 960 1426; x_wconf 90' lang='lat' dir='ltr'><strong>dubium</strong></span> <span class='ocrx_word' id='word_1_119' title='bbox 982 1382 1040 1426; x_wconf 87' lang='lat' dir='ltr'><strong>seu</strong></span> <span class='ocrx_word' id='word_1_120' title='bbox 1064 1361 1232 1445; x_wconf 88' lang='lat' dir='ltr'><strong>probabile</strong></span> <span class='ocrx_word' id='word_1_121' title='bbox 1254 1361 1385 1428; x_wconf 89' lang='lat' dir='ltr'><strong>habuit:</strong></span> 
     </span>
     <span class='ocr_line' id='line_1_13' title="bbox 61 1449 1387 1534; baseline 0.002 -20"><span class='ocrx_word' id='word_1_122' title='bbox 61 1450 177 1532; x_wconf 90' lang='lat' dir='ltr'><strong>quodsi</strong></span> <span class='ocrx_word' id='word_1_123' title='bbox 199 1471 295 1515; x_wconf 89' lang='lat' dir='ltr'><strong>nemo</strong></span> <span class='ocrx_word' id='word_1_124' title='bbox 319 1450 556 1517; x_wconf 87' lang='lat' dir='ltr'><strong>determinatus</strong></span> <span class='ocrx_word' id='word_1_125' title='bbox 579 1451 639 1527; x_wconf 91' lang='lat' dir='ltr'><strong>sit,</strong></span> <span class='ocrx_word' id='word_1_126' title='bbox 664 1449 896 1515; x_wconf 86' lang='lat' dir='ltr'><strong>consulendum</strong></span> <span class='ocrx_word' id='word_1_127' title='bbox 920 1449 1050 1533; x_wconf 89' lang='lat' dir='ltr'><strong>quidem</strong></span> <span class='ocrx_word' id='word_1_128' title='bbox 1073 1455 1142 1529; x_wconf 87' lang='lat' dir='ltr'><strong>est,</strong></span> <span class='ocrx_word' id='word_1_129' title='bbox 1170 1455 1207 1517; x_wconf 89' lang='lat' dir='ltr'><strong>ut</strong></span> <span class='ocrx_word' id='word_1_130' title='bbox 1229 1471 1288 1534; x_wconf 91' lang='lat' dir='ltr'><strong>pro</strong></span> <span class='ocrx_word' id='word_1_131' title='bbox 1312 1456 1387 1517; x_wconf 88' lang='lat' dir='ltr'><strong>rata</strong></span> 
     </span>
     <span class='ocr_line' id='line_1_14' title="bbox 62 1538 1387 1623; baseline 0.002 -19"><span class='ocrx_word' id='word_1_132' title='bbox 62 1540 149 1604; x_wconf 91' lang='lat' dir='ltr'><strong>dubii</strong></span> <span class='ocrx_word' id='word_1_133' title='bbox 174 1539 296 1622; x_wconf 88' lang='lat' dir='ltr'><strong>aliquid</strong></span> <span class='ocrx_word' id='word_1_134' title='bbox 319 1539 352 1603; x_wconf 93' lang='lat' dir='ltr'><strong>in</strong></span> <span class='ocrx_word' id='word_1_135' title='bbox 376 1560 537 1622; x_wconf 87' lang='lat' dir='ltr'><strong>pauperes</strong></span> <span class='ocrx_word' id='word_1_136' title='bbox 561 1538 615 1604; x_wconf 91' lang='lat' dir='ltr'><strong>vel</strong></span> <span class='ocrx_word' id='word_1_137' title='bbox 638 1559 755 1604; x_wconf 88' lang='lat' dir='ltr'><strong>causas</strong></span> <span class='ocrx_word' id='word_1_138' title='bbox 777 1538 849 1622; x_wconf 90' lang='lat' dir='ltr'><strong>pias</strong></span> <span class='ocrx_word' id='word_1_139' title='bbox 872 1539 1072 1618; x_wconf 86' lang='lat' dir='ltr'><strong>conferatur,</strong></span> <span class='ocrx_word' id='word_1_140' title='bbox 1096 1539 1254 1623; x_wconf 83' lang='lat' dir='ltr'><strong>obligatio</strong></span> <span class='ocrx_word' id='word_1_141' title='bbox 1270 1540 1387 1606; x_wconf 89' lang='lat' dir='ltr'><strong>stricta</strong></span> 
     </span>
     <span class='ocr_line' id='line_1_15' title="bbox 62 1627 591 1695; baseline 0 -2"><span class='ocrx_word' id='word_1_142' title='bbox 62 1632 213 1695; x_wconf 90' lang='lat' dir='ltr'><strong>nonest.</strong></span> <span class='ocrx_word' id='word_1_143' title='bbox 261 1627 344 1693; x_wconf 91' lang='lat' dir='ltr'><strong>Vide</strong></span> <span class='ocrx_word' id='word_1_144' title='bbox 372 1629 427 1694; x_wconf 79' lang='lat' dir='ltr'><strong>Ti.</strong></span> <span class='ocrx_word' id='word_1_145' title='bbox 451 1650 493 1693; x_wconf 87' lang='lat' dir='ltr'><strong>m.</strong></span> <span class='ocrx_word' id='word_1_146' title='bbox 516 1628 539 1694; x_wconf 93' lang='lat' dir='ltr'><strong>l.</strong></span> <span class='ocrx_word' id='word_1_147' title='bbox 563 1649 591 1693; x_wconf 89' lang='lat' dir='ltr'><strong>o.</strong></span> 
     </span>
    </p>
   </div>
   <div class='ocr_carea' id='block_1_4' title="bbox 63 1732 1490 2529">
    <p class='ocr_par' dir='ltr' id='par_1_6' title="bbox 63 1732 1490 2529">
     <span class='ocr_line' id='line_1_16' title="bbox 152 1732 1386 1820; baseline 0.002 -22"><span class='ocrx_word' id='word_1_148' title='bbox 152 1733 190 1799; x_wconf 87' lang='lat' dir='ltr'><strong>R.</strong></span> <span class='ocrx_word' id='word_1_149' title='bbox 223 1735 253 1799; x_wconf 84' lang='lat'><strong>5.</strong></span> <span class='ocrx_word' id='word_1_150' title='bbox 314 1733 374 1811; x_wconf 87' lang='lat' dir='ltr'><strong>Qui</strong></span> <span class='ocrx_word' id='word_1_151' title='bbox 404 1753 483 1798; x_wconf 92' lang='lat' dir='ltr'><strong>vero</strong></span> <span class='ocrx_word' id='word_1_152' title='bbox 514 1736 672 1820; x_wconf 70' lang='lat' dir='ltr'><strong>illegitime</strong></span> <span class='ocrx_word' id='word_1_153' title='bbox 703 1754 776 1798; x_wconf 90' lang='lat' dir='ltr'><strong>oum</strong></span> <span class='ocrx_word' id='word_1_154' title='bbox 807 1732 903 1798; x_wconf 91' lang='lat' dir='ltr'><strong>dubio</strong></span> <span class='ocrx_word' id='word_1_155' title='bbox 933 1733 1171 1816; x_wconf 90' lang='lat' dir='ltr'><strong>possessionem</strong></span> <span class='ocrx_word' id='word_1_156' title='bbox 1203 1735 1386 1817; x_wconf 88' lang='lat' dir='ltr'><strong>acquisivit,</strong></span> 
     </span>
     <span class='ocr_line' id='line_1_17' title="bbox 63 1821 1387 1909; baseline 0.002 -22"><span class='ocrx_word' id='word_1_157' title='bbox 63 1822 193 1887; x_wconf 92' lang='lat' dir='ltr'><strong>domino</strong></span> <span class='ocrx_word' id='word_1_158' title='bbox 226 1825 316 1887; x_wconf 89' lang='lat' dir='ltr'><strong>certo</strong></span> <span class='ocrx_word' id='word_1_159' title='bbox 349 1826 465 1906; x_wconf 89' lang='lat' dir='ltr'><strong>postea</strong></span> <span class='ocrx_word' id='word_1_160' title='bbox 499 1822 670 1906; x_wconf 86' lang='lat' dir='ltr'><strong>apparenti</strong></span> <span class='ocrx_word' id='word_1_161' title='bbox 705 1843 774 1887; x_wconf 89' lang='lat' dir='ltr'><strong>rem</strong></span> <span class='ocrx_word' id='word_1_162' title='bbox 807 1821 943 1887; x_wconf 90' lang='lat' dir='ltr'><strong>reddere</strong></span> <span class='ocrx_word' id='word_1_163' title='bbox 978 1827 1013 1889; x_wconf 90' lang='lat' dir='ltr'><strong>et</strong></span> <span class='ocrx_word' id='word_1_164' title='bbox 1044 1823 1198 1889; x_wconf 89' lang='lat' dir='ltr'><strong>damnum</strong></span> <span class='ocrx_word' id='word_1_165' title='bbox 1233 1845 1387 1909; x_wconf 89' lang='lat' dir='ltr'><strong>reparare</strong></span> 
     </span>
     <span class='ocr_line' id='line_1_18' title="bbox 64 1911 1389 1995; baseline 0.002 -19"><span class='ocrx_word' id='word_1_166' title='bbox 64 1911 171 1989; x_wconf 92' lang='lat' dir='ltr'><strong>debet,</strong></span> <span class='ocrx_word' id='word_1_167' title='bbox 197 1911 282 1993; x_wconf 92' lang='lat' dir='ltr'><strong>quod</strong></span> <span class='ocrx_word' id='word_1_168' title='bbox 306 1911 353 1976; x_wconf 93' lang='lat' dir='ltr'><strong>illi</strong></span> <span class='ocrx_word' id='word_1_169' title='bbox 378 1932 420 1975; x_wconf 84' lang='lat' dir='ltr'><strong>ex</strong></span> <span class='ocrx_word' id='word_1_170' title='bbox 443 1912 504 1976; x_wconf 92' lang='lat' dir='ltr'><strong>bac</strong></span> <span class='ocrx_word' id='word_1_171' title='bbox 528 1911 700 1994; x_wconf 89' lang='lat' dir='ltr'><strong>illegitima</strong></span> <span class='ocrx_word' id='word_1_172' title='bbox 722 1911 928 1995; x_wconf 88' lang='lat' dir='ltr'><strong>possessione</strong></span> <span class='ocrx_word' id='word_1_173' title='bbox 952 1916 1060 1977; x_wconf 88' lang='lat' dir='ltr'><strong>ortum</strong></span> <span class='ocrx_word' id='word_1_174' title='bbox 1084 1912 1192 1979; x_wconf 87' lang='lat' dir='ltr'><strong>fuerit.</strong></span> <span class='ocrx_word' id='word_1_175' title='bbox 1233 1913 1389 1980; x_wconf 87' lang='lat' dir='ltr'><strong>Similiter·</strong></span> 
     </span>
     <span class='ocr_line' id='line_1_19' title="bbox 64 2000 1387 2084; baseline 0.002 -19"><span class='ocrx_word' id='word_1_176' title='bbox 64 2000 162 2065; x_wconf 91' lang='lat' dir='ltr'><strong>dubio</strong></span> <span class='ocrx_word' id='word_1_177' title='bbox 185 2005 340 2065; x_wconf 89' lang='lat' dir='ltr'><strong>manente</strong></span> <span class='ocrx_word' id='word_1_178' title='bbox 364 2000 416 2065; x_wconf 92' lang='lat' dir='ltr'><strong>vel</strong></span> <span class='ocrx_word' id='word_1_179' title='bbox 446 2001 563 2066; x_wconf 85' lang='lat' dir='ltr'><strong>effecto</strong></span> <span class='ocrx_word' id='word_1_180' title='bbox 592 2000 773 2077; x_wconf 90' lang='lat' dir='ltr'><strong>insolubili,</strong></span> <span class='ocrx_word' id='word_1_181' title='bbox 804 2000 970 2067; x_wconf 88' lang='lat' dir='ltr'><strong>restitutio</strong></span> <span class='ocrx_word' id='word_1_182' title='bbox 1001 2022 1042 2067; x_wconf 86' lang='lat' dir='ltr'><strong>ex</strong></span> <span class='ocrx_word' id='word_1_183' title='bbox 1067 2005 1163 2084; x_wconf 89' lang='lat' dir='ltr'><strong>parte</strong></span> <span class='ocrx_word' id='word_1_184' title='bbox 1185 2003 1256 2067; x_wconf 89' lang='lat' dir='ltr'><strong>fieri</strong></span> <span class='ocrx_word' id='word_1_185' title='bbox 1279 2003 1387 2076; x_wconf 85' lang='lat' dir='ltr'><strong>debet,</strong></span> 
     </span>
     <span class='ocr_line' id='line_1_20' title="bbox 64 2088 1386 2172; baseline 0.003 -18"><span class='ocrx_word' id='word_1_186' title='bbox 64 2090 163 2170; x_wconf 90' lang='lat' dir='ltr'><strong>idque</strong></span> <span class='ocrx_word' id='word_1_187' title='bbox 187 2089 286 2154; x_wconf 87' lang='lat' dir='ltr'><strong>certis</strong></span> <span class='ocrx_word' id='word_1_188' title='bbox 309 2088 466 2172; x_wconf 90' lang='lat' dir='ltr'><strong>personis,</strong></span> <span class='ocrx_word' id='word_1_189' title='bbox 491 2089 519 2154; x_wconf 90' lang='lat' dir='ltr'><strong>si</strong></span> <span class='ocrx_word' id='word_1_190' title='bbox 543 2089 660 2171; x_wconf 90' lang='lat' dir='ltr'><strong>quibus</strong></span> <span class='ocrx_word' id='word_1_191' title='bbox 682 2089 851 2172; x_wconf 92' lang='lat' dir='ltr'><strong>probabile</strong></span> <span class='ocrx_word' id='word_1_192' title='bbox 874 2090 1004 2171; x_wconf 87' lang='lat' dir='ltr'><strong>aliquod</strong></span> <span class='ocrx_word' id='word_1_193' title='bbox 1029 2090 1079 2154; x_wconf 89' lang='lat' dir='ltr'><strong>ius</strong></span> <span class='ocrx_word' id='word_1_194' title='bbox 1102 2091 1189 2156; x_wconf 88' lang='lat' dir='ltr'><strong>circa</strong></span> <span class='ocrx_word' id='word_1_195' title='bbox 1211 2112 1280 2156; x_wconf 90' lang='lat' dir='ltr'><strong>rem</strong></span> <span class='ocrx_word' id='word_1_196' title='bbox 1304 2097 1386 2170; x_wconf 88' lang='lat' dir='ltr'><strong>erat,</strong></span> 
     </span>
     <span class='ocr_line' id='line_1_21' title="bbox 65 2177 1388 2263; baseline 0.001 -19"><span class='ocrx_word' id='word_1_197' title='bbox 65 2178 209 2261; x_wconf 89' lang='lat' dir='ltr'><strong>alioquin</strong></span> <span class='ocrx_word' id='word_1_198' title='bbox 239 2177 435 2261; x_wconf 89' lang='lat' dir='ltr'><strong>pauperibus</strong></span> <span class='ocrx_word' id='word_1_199' title='bbox 459 2179 512 2242; x_wconf 88' lang='lat' dir='ltr'><strong>vel</strong></span> <span class='ocrx_word' id='word_1_200' title='bbox 535 2177 642 2244; x_wconf 89' lang='lat' dir='ltr'><strong>causis</strong></span> <span class='ocrx_word' id='word_1_201' title='bbox 671 2177 743 2262; x_wconf 89' lang='lat' dir='ltr'><strong>piis.</strong></span> <span class='ocrx_word' id='word_1_202' title='bbox 790 2177 904 2256; x_wconf 91' lang='lat' dir='ltr'><strong>Ratio,</strong></span> <span class='ocrx_word' id='word_1_203' title='bbox 936 2199 994 2243; x_wconf 88' lang='lat' dir='ltr'><strong>cui·</strong></span> <span class='ocrx_word' id='word_1_204' title='bbox 1016 2179 1048 2244; x_wconf 89' lang='lat' dir='ltr'><strong>in</strong></span> <span class='ocrx_word' id='word_1_205' title='bbox 1079 2179 1140 2244; x_wconf 90' lang='lat' dir='ltr'><strong>hoc</strong></span> <span class='ocrx_word' id='word_1_206' title='bbox 1170 2199 1248 2245; x_wconf 90' lang='lat' dir='ltr'><strong>casu</strong></span> <span class='ocrx_word' id='word_1_207' title='bbox 1278 2181 1388 2263; x_wconf 91' lang='lat' dir='ltr'><strong>paullo</strong></span> 
     </span>
     <span class='ocr_line' id='line_1_22' title="bbox 64 2266 1490 2349; baseline 0.003 -18"><span class='ocrx_word' id='word_1_208' title='bbox 64 2266 214 2332; x_wconf 89' lang='lat' dir='ltr'><strong>severius</strong></span> <span class='ocrx_word' id='word_1_209' title='bbox 237 2287 291 2331; x_wconf 90' lang='lat' dir='ltr'><strong>res</strong></span> <span class='ocrx_word' id='word_1_210' title='bbox 314 2266 471 2331; x_wconf 89' lang='lat' dir='ltr'><strong>sumenda</strong></span> <span class='ocrx_word' id='word_1_211' title='bbox 494 2266 537 2332; x_wconf 91' lang='lat' dir='ltr'><strong>sit</strong></span> <span class='ocrx_word' id='word_1_212' title='bbox 560 2289 658 2349; x_wconf 90' lang='lat' dir='ltr'><strong>quam</strong></span> <span class='ocrx_word' id='word_1_213' title='bbox 681 2267 713 2332; x_wconf 92' lang='lat' dir='ltr'><strong>in</strong></span> <span class='ocrx_word' id='word_1_214' title='bbox 738 2267 777 2333; x_wconf 90' lang='lat' dir='ltr'><strong>R.</strong></span> <span class='ocrx_word' id='word_1_215' title='bbox 802 2270 839 2344; x_wconf 82' lang='lat'><strong>4,</strong></span> <span class='ocrx_word' id='word_1_216' title='bbox 871 2287 911 2332; x_wconf 89' lang='lat' dir='ltr'><strong>ea</strong></span> <span class='ocrx_word' id='word_1_217' title='bbox 934 2271 986 2332; x_wconf 91' lang='lat' dir='ltr'><strong>est</strong></span> <span class='ocrx_word' id='word_1_218' title='bbox 1009 2267 1094 2349; x_wconf 89' lang='lat' dir='ltr'><strong>quod</strong></span> <span class='ocrx_word' id='word_1_219' title='bbox 1118 2269 1151 2332; x_wconf 91' lang='lat' dir='ltr'><strong>in</strong></span> <span class='ocrx_word' id='word_1_220' title='bbox 1174 2272 1287 2333; x_wconf 90' lang='lat' dir='ltr'><strong>nostro</strong></span> <span class='ocrx_word' id='word_1_221' title='bbox 1311 2290 1388 2335; x_wconf 88' lang='lat' dir='ltr'><strong>casu</strong></span> <span class='ocrx_word' id='word_1_222' title='bbox 1486 2277 1490 2285; x_wconf 91' lang='lat'>&#39;</span> 
     </span>
     <span class='ocr_line' id='line_1_23' title="bbox 66 2354 1388 2441; baseline 0.002 -21"><span class='ocrx_word' id='word_1_223' title='bbox 66 2357 106 2421; x_wconf 86' lang='lat' dir='ltr'><strong>ob</strong></span> <span class='ocrx_word' id='word_1_224' title='bbox 130 2359 223 2421; x_wconf 82' lang='lat' dir='ltr'><strong>initio</strong></span> <span class='ocrx_word' id='word_1_225' title='bbox 245 2354 345 2422; x_wconf 85' lang='lat' dir='ltr'><strong>fuerit</strong></span> <span class='ocrx_word' id='word_1_226' title='bbox 361 2355 459 2421; x_wconf 87' lang='lat' dir='ltr'><strong>dubia</strong></span> <span class='ocrx_word' id='word_1_227' title='bbox 482 2376 538 2421; x_wconf 88' lang='lat' dir='ltr'><strong>seu</strong></span> <span class='ocrx_word' id='word_1_228' title='bbox 563 2359 649 2422; x_wconf 86' lang='lat' dir='ltr'><strong>mola</strong></span> <span class='ocrx_word' id='word_1_229' title='bbox 672 2356 762 2435; x_wconf 88' lang='lat' dir='ltr'><strong>fides,</strong></span> <span class='ocrx_word' id='word_1_230' title='bbox 786 2356 820 2421; x_wconf 87' lang='lat' dir='ltr'><strong>in</strong></span> <span class='ocrx_word' id='word_1_231' title='bbox 843 2355 952 2440; x_wconf 90' lang='lat' dir='ltr'><strong>priore</strong></span> <span class='ocrx_word' id='word_1_232' title='bbox 967 2356 1047 2420; x_wconf 90' lang='lat' dir='ltr'><strong>fides</strong></span> <span class='ocrx_word' id='word_1_233' title='bbox 1071 2358 1163 2441; x_wconf 87' lang='lat' dir='ltr'><strong>bono,</strong></span> <span class='ocrx_word' id='word_1_234' title='bbox 1187 2356 1239 2421; x_wconf 92' lang='lat' dir='ltr'><strong>cui</strong></span> <span class='ocrx_word' id='word_1_235' title='bbox 1258 2357 1388 2422; x_wconf 90' lang='lat' dir='ltr'><strong>dubium</strong></span> 
     </span>
     <span class='ocr_line' id='line_1_24' title="bbox 65 2445 455 2529; baseline 0.003 -19"><span class='ocrx_word' id='word_1_236' title='bbox 65 2450 195 2511; x_wconf 89' lang='lat' dir='ltr'><strong>tantum</strong></span> <span class='ocrx_word' id='word_1_237' title='bbox 220 2445 455 2529; x_wconf 86' lang='lat' dir='ltr'><strong>supervenerit.</strong></span> 
     </span>
    </p>
   </div>
   <div class='ocr_carea' id='block_1_5' title="bbox 65 2559 1451 3176">
    <p class='ocr_par' dir='ltr' id='par_1_7' title="bbox 65 2559 1451 3176">
     <span class='ocr_line' id='line_1_25' title="bbox 156 2559 1451 2637; baseline 0.004 -12"><span class='ocrx_word' id='word_1_238' title='bbox 156 2562 209 2625; x_wconf 88' lang='lat' dir='ltr'><strong>An</strong></span> <span class='ocrx_word' id='word_1_239' title='bbox 224 2582 415 2637; x_wconf 77' lang='lat' dir='ltr'><strong>ouarsrrurr</strong></span> <span class='ocrx_word' id='word_1_240' title='bbox 432 2564 471 2625; x_wconf 80' lang='lat'><strong>2¹²²</strong></span> <span class='ocrx_word' id='word_1_241' title='bbox 487 2561 525 2626; x_wconf 92' lang='lat' dir='ltr'><strong>R.</strong></span> <span class='ocrx_word' id='word_1_242' title='bbox 546 2563 573 2626; x_wconf 93' lang='lat'><strong>1.</strong></span> <span class='ocrx_word' id='word_1_243' title='bbox 613 2559 747 2626; x_wconf 82' lang='lat' dir='ltr'><strong>Fulvius</strong></span> <span class='ocrx_word' id='word_1_244' title='bbox 769 2595 813 2604; x_wconf 91' lang='lat'><em>-</em></span> <span class='ocrx_word' id='word_1_245' title='bbox 836 2564 874 2624; x_wconf 91' lang='lat' dir='ltr'><strong>ut</strong></span> <span class='ocrx_word' id='word_1_246' title='bbox 889 2560 1055 2626; x_wconf 90' lang='lat' dir='ltr'><strong>enarratio</strong></span> <span class='ocrx_word' id='word_1_247' title='bbox 1071 2581 1167 2626; x_wconf 90' lang='lat' dir='ltr'><strong>casus</strong></span> <span class='ocrx_word' id='word_1_248' title='bbox 1185 2582 1244 2627; x_wconf 91' lang='lat' dir='ltr'><strong>nos</strong></span> <span class='ocrx_word' id='word_1_249' title='bbox 1259 2582 1390 2628; x_wconf 89' lang='lat' dir='ltr'><strong>sumere</strong></span> <span class='ocrx_word' id='word_1_250' title='bbox 1399 2576 1451 2630; x_wconf 82' lang='lat'><strong>658</strong></span> 
     </span>
     <span class='ocr_line' id='line_1_26' title="bbox 66 2648 1390 2734; baseline 0.003 -21"><span class='ocrx_word' id='word_1_251' title='bbox 66 2648 158 2713; x_wconf 92' lang='lat' dir='ltr'><strong>iubet</strong></span> <span class='ocrx_word' id='word_1_252' title='bbox 181 2650 332 2715; x_wconf 91' lang='lat' dir='ltr'><strong>—bona</strong></span> <span class='ocrx_word' id='word_1_253' title='bbox 356 2650 418 2714; x_wconf 90' lang='lat' dir='ltr'><strong>fide</strong></span> <span class='ocrx_word' id='word_1_254' title='bbox 441 2649 564 2733; x_wconf 93' lang='lat' dir='ltr'><strong>incepit</strong></span> <span class='ocrx_word' id='word_1_255' title='bbox 586 2648 840 2732; x_wconf 65' lang='lat' dir='ltr'><strong>possessionem</strong></span> <span class='ocrx_word' id='word_1_256' title='bbox 872 2669 987 2715; x_wconf 89' lang='lat' dir='ltr'><strong>verum</strong></span> <span class='ocrx_word' id='word_1_257' title='bbox 1010 2650 1103 2714; x_wconf 90' lang='lat' dir='ltr'><strong>brevi</strong></span> <span class='ocrx_word' id='word_1_258' title='bbox 1130 2655 1205 2734; x_wconf 92' lang='lat' dir='ltr'><strong>post</strong></span> <span class='ocrx_word' id='word_1_259' title='bbox 1227 2651 1332 2717; x_wconf 88' lang='lat' dir='ltr'><strong>oritur</strong></span> <span class='ocrx_word' id='word_1_260' title='bbox 1355 2656 1390 2717; x_wconf 90' lang='lat' dir='ltr'><strong>et</strong></span> 
     </span>
     <span class='ocr_line' id='line_1_27' title="bbox 66 2737 1389 2822; baseline 0.001 -18"><span class='ocrx_word' id='word_1_261' title='bbox 66 2737 145 2804; x_wconf 91' lang='lat' dir='ltr'><strong>oriri</strong></span> <span class='ocrx_word' id='word_1_262' title='bbox 169 2738 281 2805; x_wconf 92' lang='lat' dir='ltr'><strong>debuit</strong></span> <span class='ocrx_word' id='word_1_263' title='bbox 311 2738 441 2804; x_wconf 90' lang='lat' dir='ltr'><strong>dubium</strong></span> <span class='ocrx_word' id='word_1_264' title='bbox 472 2742 562 2804; x_wconf 85' lang='lat' dir='ltr'><strong>certe</strong></span> <span class='ocrx_word' id='word_1_265' title='bbox 592 2738 787 2804; x_wconf 87' lang='lat' dir='ltr'><strong>rationabile</strong></span> <span class='ocrx_word' id='word_1_266' title='bbox 817 2757 855 2803; x_wconf 90' lang='lat' dir='ltr'><strong>eo</strong></span> <span class='ocrx_word' id='word_1_267' title='bbox 879 2738 964 2821; x_wconf 93' lang='lat' dir='ltr'><strong>quod</strong></span> <span class='ocrx_word' id='word_1_268' title='bbox 995 2737 1085 2805; x_wconf 85' lang='lat' dir='ltr'><strong>fama</strong></span> <span class='ocrx_word' id='word_1_269' title='bbox 1113 2745 1326 2822; x_wconf 89' lang='lat' dir='ltr'><strong>spargeretur</strong></span> <span class='ocrx_word' id='word_1_270' title='bbox 1349 2740 1389 2805; x_wconf 92' lang='lat' dir='ltr'><strong>de</strong></span> 
     </span>
     <span class='ocr_line' id='line_1_28' title="bbox 65 2826 1388 2913; baseline 0.003 -23"><span class='ocrx_word' id='word_1_271' title='bbox 65 2827 156 2892; x_wconf 83' lang='lat' dir='ltr'><strong>furto</strong></span> <span class='ocrx_word' id='word_1_272' title='bbox 186 2826 300 2892; x_wconf 91' lang='lat' dir='ltr'><strong>talium</strong></span> <span class='ocrx_word' id='word_1_273' title='bbox 325 2848 433 2893; x_wconf 90' lang='lat' dir='ltr'><strong>rerum</strong></span> <span class='ocrx_word' id='word_1_274' title='bbox 457 2831 656 2911; x_wconf 89' lang='lat' dir='ltr'><strong>perpetrato.</strong></span> <span class='ocrx_word' id='word_1_275' title='bbox 704 2826 811 2905; x_wconf 87' lang='lat' dir='ltr'><strong>Quare</strong></span> <span class='ocrx_word' id='word_1_276' title='bbox 834 2827 969 2892; x_wconf 87' lang='lat' dir='ltr'><strong>Fulvius</strong></span> <span class='ocrx_word' id='word_1_277' title='bbox 992 2827 1105 2893; x_wconf 89' lang='lat' dir='ltr'><strong>debuit</strong></span> <span class='ocrx_word' id='word_1_278' title='bbox 1126 2828 1290 2910; x_wconf 85' lang='lat' dir='ltr'><strong>inquirere</strong></span> <span class='ocrx_word' id='word_1_279' title='bbox 1313 2829 1388 2913; x_wconf 90' lang='lat' dir='ltr'><strong>(nisi</strong></span> 
     </span>
     <span class='ocr_line' id='line_1_29' title="bbox 66 2915 1389 3002; baseline 0.004 -23"><span class='ocrx_word' id='word_1_280' title='bbox 66 2915 154 2981; x_wconf 85' lang='lat' dir='ltr'><strong>forte</strong></span> <span class='ocrx_word' id='word_1_281' title='bbox 177 2916 321 2999; x_wconf 89' lang='lat' dir='ltr'><strong>potuerit</strong></span> <span class='ocrx_word' id='word_1_282' title='bbox 343 2917 389 2995; x_wconf 90' lang='lat' dir='ltr'><strong>ei,</strong></span> <span class='ocrx_word' id='word_1_283' title='bbox 420 2936 440 2980; x_wconf 90' lang='lat' dir='ltr'><strong>a</strong></span> <span class='ocrx_word' id='word_1_284' title='bbox 464 2937 527 2998; x_wconf 95' lang='lat' dir='ltr'><strong>quo</strong></span> <span class='ocrx_word' id='word_1_285' title='bbox 551 2920 692 2993; x_wconf 90' lang='lat' dir='ltr'><strong>emerat,</strong></span> <span class='ocrx_word' id='word_1_286' title='bbox 723 2937 777 2982; x_wconf 89' lang='lat' dir='ltr'><strong>res</strong></span> <span class='ocrx_word' id='word_1_287' title='bbox 801 2915 938 2981; x_wconf 85' lang='lat' dir='ltr'><strong>reddere</strong></span> <span class='ocrx_word' id='word_1_288' title='bbox 963 2922 997 2982; x_wconf 92' lang='lat' dir='ltr'><strong>et</strong></span> <span class='ocrx_word' id='word_1_289' title='bbox 1020 2918 1061 2982; x_wconf 92' lang='lat' dir='ltr'><strong>ab</strong></span> <span class='ocrx_word' id='word_1_290' title='bbox 1085 2938 1123 2983; x_wconf 93' lang='lat' dir='ltr'><strong>eo</strong></span> <span class='ocrx_word' id='word_1_291' title='bbox 1147 2918 1292 3001; x_wconf 89' lang='lat' dir='ltr'><strong>recipere</strong></span> <span class='ocrx_word' id='word_1_292' title='bbox 1314 2940 1389 3002; x_wconf 90' lang='lat' dir='ltr'><strong>pre-</strong></span> 
     </span>
     <span class='ocr_line' id='line_1_30' title="bbox 67 3003 1389 3087; baseline 0.001 -17"><span class='ocrx_word' id='word_1_293' title='bbox 67 3004 149 3070; x_wconf 90' lang='lat' dir='ltr'><strong>tium</strong></span> <span class='ocrx_word' id='word_1_294' title='bbox 182 3006 358 3086; x_wconf 85' lang='lat' dir='ltr'><strong>solutum),</strong></span> <span class='ocrx_word' id='word_1_295' title='bbox 394 3026 499 3087; x_wconf 91' lang='lat' dir='ltr'><strong>neque</strong></span> <span class='ocrx_word' id='word_1_296' title='bbox 531 3003 641 3083; x_wconf 89' lang='lat' dir='ltr'><strong>licuit,</strong></span> <span class='ocrx_word' id='word_1_297' title='bbox 677 3008 831 3071; x_wconf 89' lang='lat' dir='ltr'><strong>manente</strong></span> <span class='ocrx_word' id='word_1_298' title='bbox 864 3006 980 3084; x_wconf 91' lang='lat' dir='ltr'><strong>dubio,</strong></span> <span class='ocrx_word' id='word_1_299' title='bbox 1016 3006 1186 3072; x_wconf 85' lang='lat' dir='ltr'><strong>conflando</strong></span> <span class='ocrx_word' id='word_1_300' title='bbox 1218 3007 1258 3072; x_wconf 92' lang='lat' dir='ltr'><strong>de</strong></span> <span class='ocrx_word' id='word_1_301' title='bbox 1292 3008 1389 3072; x_wconf 85' lang='lat' dir='ltr'><strong>rebus</strong></span> 
     </span>
     <span class='ocr_line' id='line_1_31' title="bbox 67 3093 251 3176; baseline 0.011 -18"><span class='ocrx_word' id='word_1_302' title='bbox 67 3093 251 3176; x_wconf 90' lang='lat' dir='ltr'><strong>disponere.</strong></span> 
     </span>
    </p>
   </div>
   <div class='ocr_carea' id='block_1_6' title="bbox 66 3190 1391 4253">
    <p class='ocr_par' dir='ltr' id='par_1_8' title="bbox 66 3190 1391 4253">
     <span class='ocr_line' id='line_1_32' title="bbox 159 3190 1388 3274; baseline 0.002 -19"><span class='ocrx_word' id='word_1_303' title='bbox 159 3190 196 3256; x_wconf 89' lang='lat' dir='ltr'><strong>R.</strong></span> <span class='ocrx_word' id='word_1_304' title='bbox 214 3194 244 3256; x_wconf 88' lang='lat'><strong>2.</strong></span> <span class='ocrx_word' id='word_1_305' title='bbox 284 3191 318 3256; x_wconf 87' lang='lat' dir='ltr'><strong>Si</strong></span> <span class='ocrx_word' id='word_1_306' title='bbox 341 3191 443 3274; x_wconf 87' lang='lat' dir='ltr'><strong>igitur</strong></span> <span class='ocrx_word' id='word_1_307' title='bbox 459 3197 574 3274; x_wconf 90' lang='lat' dir='ltr'><strong>postea</strong></span> <span class='ocrx_word' id='word_1_308' title='bbox 591 3196 716 3257; x_wconf 86' lang='lat' dir='ltr'><strong>certum</strong></span> <span class='ocrx_word' id='word_1_309' title='bbox 732 3194 835 3269; x_wconf 87' lang='lat' dir='ltr'><strong>fieret,</strong></span> <span class='ocrx_word' id='word_1_310' title='bbox 861 3212 933 3256; x_wconf 88' lang='lat' dir='ltr'><strong>esse</strong></span> <span class='ocrx_word' id='word_1_311' title='bbox 956 3191 1045 3274; x_wconf 89' lang='lat' dir='ltr'><strong>ipsas</strong></span> <span class='ocrx_word' id='word_1_312' title='bbox 1068 3191 1143 3256; x_wconf 91' lang='lat' dir='ltr'><strong>illas</strong></span> <span class='ocrx_word' id='word_1_313' title='bbox 1166 3213 1218 3256; x_wconf 92' lang='lat' dir='ltr'><strong>res</strong></span> <span class='ocrx_word' id='word_1_314' title='bbox 1237 3192 1388 3267; x_wconf 87' lang='lat' dir='ltr'><strong>furtivas,</strong></span> 
     </span>
     <span class='ocr_line' id='line_1_33' title="bbox 67 3279 1387 3364; baseline 0.001 -20"><span class='ocrx_word' id='word_1_315' title='bbox 67 3300 151 3362; x_wconf 90' lang='lat' dir='ltr'><strong>quas</strong></span> <span class='ocrx_word' id='word_1_316' title='bbox 171 3279 304 3345; x_wconf 81' lang='lat' dir='ltr'><strong>Fulvius</strong></span> <span class='ocrx_word' id='word_1_317' title='bbox 328 3284 455 3345; x_wconf 90' lang='lat' dir='ltr'><strong>emerat</strong></span> <span class='ocrx_word' id='word_1_318' title='bbox 477 3286 511 3346; x_wconf 88' lang='lat' dir='ltr'><strong>et</strong></span> <span class='ocrx_word' id='word_1_319' title='bbox 535 3281 745 3356; x_wconf 84' lang='lat' dir='ltr'><strong>conflaverat,</strong></span> <span class='ocrx_word' id='word_1_320' title='bbox 771 3280 899 3344; x_wconf 89' lang='lat' dir='ltr'><strong>domino</strong></span> <span class='ocrx_word' id='word_1_321' title='bbox 923 3279 1104 3364; x_wconf 87' lang='lat' dir='ltr'><strong>postulanti</strong></span> <span class='ocrx_word' id='word_1_322' title='bbox 1127 3281 1261 3347; x_wconf 89' lang='lat' dir='ltr'><strong>deberet</strong></span> <span class='ocrx_word' id='word_1_323' title='bbox 1282 3285 1387 3348; x_wconf 90' lang='lat' dir='ltr'><strong>totum</strong></span> 
     </span>
     <span class='ocr_line' id='line_1_34' title="bbox 67 3368 1390 3451; baseline 0.001 -18"><span class='ocrx_word' id='word_1_324' title='bbox 67 3369 221 3433; x_wconf 89' lang='lat' dir='ltr'><strong>damnum</strong></span> <span class='ocrx_word' id='word_1_325' title='bbox 245 3389 302 3434; x_wconf 92' lang='lat' dir='ltr'><strong>seu</strong></span> <span class='ocrx_word' id='word_1_326' title='bbox 318 3370 463 3434; x_wconf 91' lang='lat' dir='ltr'><strong>valorem</strong></span> <span class='ocrx_word' id='word_1_327' title='bbox 487 3389 594 3433; x_wconf 90' lang='lat' dir='ltr'><strong>rerum</strong></span> <span class='ocrx_word' id='word_1_328' title='bbox 618 3369 802 3443; x_wconf 88' lang='lat' dir='ltr'><strong>restituere,</strong></span> <span class='ocrx_word' id='word_1_329' title='bbox 826 3390 931 3451; x_wconf 87' lang='lat' dir='ltr'><strong>neque</strong></span> <span class='ocrx_word' id='word_1_330' title='bbox 954 3368 1121 3434; x_wconf 88' lang='lat' dir='ltr'><strong>sufficeret</strong></span> <span class='ocrx_word' id='word_1_331' title='bbox 1143 3368 1280 3434; x_wconf 90' lang='lat' dir='ltr'><strong>reddere</strong></span> <span class='ocrx_word' id='word_1_332' title='bbox 1302 3390 1390 3435; x_wconf 91' lang='lat' dir='ltr'><strong>mas·</strong></span> 
     </span>
     <span class='ocr_line' id='line_1_35' title="bbox 67 3458 1389 3542; baseline 0.001 -20"><span class='ocrx_word' id='word_1_333' title='bbox 67 3478 140 3523; x_wconf 88' lang='lat' dir='ltr'><strong>sam</strong></span> <span class='ocrx_word' id='word_1_334' title='bbox 171 3478 304 3523; x_wconf 91' lang='lat' dir='ltr'><strong>auream</strong></span> <span class='ocrx_word' id='word_1_335' title='bbox 334 3463 368 3523; x_wconf 91' lang='lat' dir='ltr'><strong>et</strong></span> <span class='ocrx_word' id='word_1_336' title='bbox 397 3463 606 3541; x_wconf 65' lang='lat' dir='ltr'><strong>argenteam</strong></span> <span class='ocrx_word' id='word_1_337' title='bbox 639 3458 678 3522; x_wconf 91' lang='lat' dir='ltr'><strong>de</strong></span> <span class='ocrx_word' id='word_1_338' title='bbox 707 3458 812 3542; x_wconf 91' lang='lat' dir='ltr'><strong>pretio</strong></span> <span class='ocrx_word' id='word_1_339' title='bbox 837 3479 857 3523; x_wconf 89' lang='lat' dir='ltr'><strong>a</strong></span> <span class='ocrx_word' id='word_1_340' title='bbox 880 3479 916 3522; x_wconf 90' lang='lat' dir='ltr'><strong>se</strong></span> <span class='ocrx_word' id='word_1_341' title='bbox 946 3458 1053 3524; x_wconf 86' lang='lat' dir='ltr'><strong>soluto</strong></span> <span class='ocrx_word' id='word_1_342' title='bbox 1083 3478 1251 3524; x_wconf 86' lang='lat' dir='ltr'><strong>recursum</strong></span> <span class='ocrx_word' id='word_1_343' title='bbox 1278 3463 1389 3524; x_wconf 88' lang='lat' dir='ltr'><strong>tamen</strong></span> 
     </span>
     <span class='ocr_line' id='line_1_36' title="bbox 68 3546 1390 3631; baseline 0.002 -21"><span class='ocrx_word' id='word_1_344' title='bbox 68 3546 207 3613; x_wconf 88' lang='lat' dir='ltr'><strong>haberet</strong></span> <span class='ocrx_word' id='word_1_345' title='bbox 230 3547 271 3612; x_wconf 93' lang='lat' dir='ltr'><strong>ad</strong></span> <span class='ocrx_word' id='word_1_346' title='bbox 295 3568 378 3625; x_wconf 89' lang='lat' dir='ltr'><strong>eum,</strong></span> <span class='ocrx_word' id='word_1_347' title='bbox 404 3568 503 3630; x_wconf 90' lang='lat' dir='ltr'><strong>aquo</strong></span> <span class='ocrx_word' id='word_1_348' title='bbox 527 3547 597 3631; x_wconf 88' lang='lat' dir='ltr'><strong>ipse</strong></span> <span class='ocrx_word' id='word_1_349' title='bbox 620 3547 708 3614; x_wconf 90' lang='lat' dir='ltr'><strong>emit.</strong></span> <span class='ocrx_word' id='word_1_350' title='bbox 725 3583 769 3592; x_wconf 95' lang='lat'>—</span> <span class='ocrx_word' id='word_1_351' title='bbox 793 3547 826 3612; x_wconf 88' lang='lat' dir='ltr'><strong>Si</strong></span> <span class='ocrx_word' id='word_1_352' title='bbox 842 3567 921 3612; x_wconf 84' lang='lat' dir='ltr'><strong>vero</strong></span> <span class='ocrx_word' id='word_1_353' title='bbox 945 3568 998 3612; x_wconf 87' lang='lat' dir='ltr'><strong>res</strong></span> <span class='ocrx_word' id='word_1_354' title='bbox 1022 3550 1113 3612; x_wconf 83' lang='lat' dir='ltr'><strong>certa</strong></span> <span class='ocrx_word' id='word_1_355' title='bbox 1137 3547 1228 3613; x_wconf 89' lang='lat' dir='ltr'><strong>reddi</strong></span> <span class='ocrx_word' id='word_1_356' title='bbox 1251 3547 1390 3631; x_wconf 87' lang='lat' dir='ltr'><strong>amplius</strong></span> 
     </span>
     <span class='ocr_line' id='line_1_37' title="bbox 66 3636 1391 3721; baseline 0.003 -21"><span class='ocrx_word' id='word_1_357' title='bbox 66 3656 135 3700; x_wconf 90' lang='lat' dir='ltr'><strong>non</strong></span> <span class='ocrx_word' id='word_1_358' title='bbox 157 3640 279 3718; x_wconf 89' lang='lat' dir='ltr'><strong>posset,</strong></span> <span class='ocrx_word' id='word_1_359' title='bbox 304 3636 443 3715; x_wconf 90' lang='lat' dir='ltr'><strong>domino,</strong></span> <span class='ocrx_word' id='word_1_360' title='bbox 468 3637 519 3701; x_wconf 91' lang='lat' dir='ltr'><strong>cui</strong></span> <span class='ocrx_word' id='word_1_361' title='bbox 543 3636 631 3702; x_wconf 87' lang='lat' dir='ltr'><strong>furto</strong></span> <span class='ocrx_word' id='word_1_362' title='bbox 655 3636 777 3700; x_wconf 87' lang='lat' dir='ltr'><strong>similes</strong></span> <span class='ocrx_word' id='word_1_363' title='bbox 800 3657 853 3700; x_wconf 91' lang='lat' dir='ltr'><strong>res</strong></span> <span class='ocrx_word' id='word_1_364' title='bbox 876 3636 1026 3702; x_wconf 88' lang='lat' dir='ltr'><strong>sublatae</strong></span> <span class='ocrx_word' id='word_1_365' title='bbox 1049 3636 1210 3715; x_wconf 88' lang='lat' dir='ltr'><strong>dicuntur,</strong></span> <span class='ocrx_word' id='word_1_366' title='bbox 1234 3658 1293 3721; x_wconf 94' lang='lat' dir='ltr'><strong>pro</strong></span> <span class='ocrx_word' id='word_1_367' title='bbox 1316 3641 1391 3704; x_wconf 84' lang='lat' dir='ltr'><strong>rata</strong></span> 
     </span>
     <span class='ocr_line' id='line_1_38' title="bbox 67 3725 1391 3808; baseline 0.002 -19"><span class='ocrx_word' id='word_1_368' title='bbox 67 3725 245 3791; x_wconf 87' lang='lat' dir='ltr'><strong>restituere</strong></span> <span class='ocrx_word' id='word_1_369' title='bbox 269 3726 417 3802; x_wconf 90' lang='lat' dir='ltr'><strong>deberet,</strong></span> <span class='ocrx_word' id='word_1_370' title='bbox 443 3732 541 3808; x_wconf 88' lang='lat' dir='ltr'><strong>atque</strong></span> <span class='ocrx_word' id='word_1_371' title='bbox 565 3726 622 3790; x_wconf 84' lang='lat' dir='ltr'><strong>vix</strong></span> <span class='ocrx_word' id='word_1_372' title='bbox 645 3725 828 3801; x_wconf 85' lang='lat' dir='ltr'><strong>sufficeret,</strong></span> <span class='ocrx_word' id='word_1_373' title='bbox 852 3729 890 3790; x_wconf 92' lang='lat' dir='ltr'><strong>ut</strong></span> <span class='ocrx_word' id='word_1_374' title='bbox 913 3725 1104 3791; x_wconf 90' lang='lat' dir='ltr'><strong>restitueret</strong></span> <span class='ocrx_word' id='word_1_375' title='bbox 1126 3747 1296 3792; x_wconf 82' lang='lat' dir='ltr'><strong>excessum</strong></span> <span class='ocrx_word' id='word_1_376' title='bbox 1320 3727 1391 3792; x_wconf 90' lang='lat' dir='ltr'><strong>veri</strong></span> 
     </span>
     <span class='ocr_line' id='line_1_39' title="bbox 68 3813 1390 3899; baseline 0.002 -20"><span class='ocrx_word' id='word_1_377' title='bbox 68 3813 168 3897; x_wconf 89' lang='lat' dir='ltr'><strong>pretii</strong></span> <span class='ocrx_word' id='word_1_378' title='bbox 190 3836 320 3880; x_wconf 89' lang='lat' dir='ltr'><strong>massae</strong></span> <span class='ocrx_word' id='word_1_379' title='bbox 342 3836 440 3898; x_wconf 90' lang='lat' dir='ltr'><strong>super</strong></span> <span class='ocrx_word' id='word_1_380' title='bbox 456 3815 488 3880; x_wconf 92' lang='lat' dir='ltr'><strong>id</strong></span> <span class='ocrx_word' id='word_1_381' title='bbox 505 3815 589 3898; x_wconf 93' lang='lat' dir='ltr'><strong>quod</strong></span> <span class='ocrx_word' id='word_1_382' title='bbox 612 3814 682 3898; x_wconf 89' lang='lat' dir='ltr'><strong>ipse</strong></span> <span class='ocrx_word' id='word_1_383' title='bbox 705 3814 867 3879; x_wconf 89' lang='lat' dir='ltr'><strong>solverat:</strong></span> <span class='ocrx_word' id='word_1_384' title='bbox 892 3814 920 3878; x_wconf 90' lang='lat' dir='ltr'><strong>is</strong></span> <span class='ocrx_word' id='word_1_385' title='bbox 944 3815 1030 3879; x_wconf 89' lang='lat' dir='ltr'><strong>enim</strong></span> <span class='ocrx_word' id='word_1_386' title='bbox 1053 3814 1135 3880; x_wconf 89' lang='lat' dir='ltr'><strong>adeo</strong></span> <span class='ocrx_word' id='word_1_387' title='bbox 1159 3837 1297 3899; x_wconf 89' lang='lat' dir='ltr'><strong>magnus</strong></span> <span class='ocrx_word' id='word_1_388' title='bbox 1318 3837 1390 3881; x_wconf 91' lang='lat' dir='ltr'><strong>esse</strong></span> 
     </span>
     <span class='ocr_line' id='line_1_40' title="bbox 68 3902 1390 3988; baseline 0.002 -20"><span class='ocrx_word' id='word_1_389' title='bbox 68 3903 200 3985; x_wconf 90' lang='lat' dir='ltr'><strong>nequit,</strong></span> <span class='ocrx_word' id='word_1_390' title='bbox 230 3905 293 3970; x_wconf 89' lang='lat' dir='ltr'><strong>nisi</strong></span> <span class='ocrx_word' id='word_1_391' title='bbox 316 3904 349 3968; x_wconf 91' lang='lat' dir='ltr'><strong>in</strong></span> <span class='ocrx_word' id='word_1_392' title='bbox 373 3904 445 3988; x_wconf 88' lang='lat' dir='ltr'><strong>ipsa</strong></span> <span class='ocrx_word' id='word_1_393' title='bbox 468 3904 633 3988; x_wconf 89' lang='lat' dir='ltr'><strong>emptione</strong></span> <span class='ocrx_word' id='word_1_394' title='bbox 656 3904 808 3969; x_wconf 89' lang='lat' dir='ltr'><strong>babuerit</strong></span> <span class='ocrx_word' id='word_1_395' title='bbox 829 3902 964 3969; x_wconf 85' lang='lat' dir='ltr'><strong>Fulvius</strong></span> <span class='ocrx_word' id='word_1_396' title='bbox 987 3904 1191 3971; x_wconf 88' lang='lat' dir='ltr'><strong>venditorem</strong></span> <span class='ocrx_word' id='word_1_397' title='bbox 1214 3926 1307 3970; x_wconf 90' lang='lat' dir='ltr'><strong>sunm</strong></span> <span class='ocrx_word' id='word_1_398' title='bbox 1331 3926 1390 3988; x_wconf 93' lang='lat' dir='ltr'><strong>pro</strong></span> 
     </span>
     <span class='ocr_line' id='line_1_41' title="bbox 67 3992 1391 4077; baseline 0.001 -20"><span class='ocrx_word' id='word_1_399' title='bbox 67 3997 239 4076; x_wconf 79' lang='lat' dir='ltr'><strong>suspect03</strong></span> <span class='ocrx_word' id='word_1_400' title='bbox 267 3994 302 4058; x_wconf 89' lang='lat' dir='ltr'><strong>in</strong></span> <span class='ocrx_word' id='word_1_401' title='bbox 324 4015 389 4075; x_wconf 91' lang='lat' dir='ltr'><strong>quo</strong></span> <span class='ocrx_word' id='word_1_402' title='bbox 412 4014 490 4058; x_wconf 89' lang='lat' dir='ltr'><strong>casu</strong></span> <span class='ocrx_word' id='word_1_403' title='bbox 513 3994 584 4077; x_wconf 91' lang='lat' dir='ltr'><strong>ipse</strong></span> <span class='ocrx_word' id='word_1_404' title='bbox 607 3997 741 4077; x_wconf 90' lang='lat' dir='ltr'><strong>propter</strong></span> <span class='ocrx_word' id='word_1_405' title='bbox 763 3993 871 4057; x_wconf 90' lang='lat' dir='ltr'><strong>malae</strong></span> <span class='ocrx_word' id='word_1_406' title='bbox 893 3992 969 4057; x_wconf 87' lang='lat' dir='ltr'><strong>fidei</strong></span> <span class='ocrx_word' id='word_1_407' title='bbox 992 3994 1254 4077; x_wconf 87' lang='lat' dir='ltr'><strong>cooperationem</strong></span> <span class='ocrx_word' id='word_1_408' title='bbox 1278 3995 1391 4074; x_wconf 87' lang='lat' dir='ltr'><strong>gravis</strong></span> 
     </span>
     <span class='ocr_line' id='line_1_42' title="bbox 68 4080 1391 4164; baseline 0.001 -18"><span class='ocrx_word' id='word_1_409' title='bbox 68 4081 251 4148; x_wconf 87' lang='lat' dir='ltr'><strong>iniustitiae</strong></span> <span class='ocrx_word' id='word_1_410' title='bbox 280 4103 356 4148; x_wconf 89' lang='lat' dir='ltr'><strong>reus</strong></span> <span class='ocrx_word' id='word_1_411' title='bbox 385 4089 474 4149; x_wconf 89' lang='lat' dir='ltr'><strong>esset</strong></span> <span class='ocrx_word' id='word_1_412' title='bbox 504 4087 603 4164; x_wconf 89' lang='lat' dir='ltr'><strong>atque</strong></span> <span class='ocrx_word' id='word_1_413' title='bbox 633 4082 789 4147; x_wconf 88' lang='lat' dir='ltr'><strong>maiorem</strong></span> <span class='ocrx_word' id='word_1_414' title='bbox 821 4080 920 4148; x_wconf 87' lang='lat' dir='ltr'><strong>etiam</strong></span> <span class='ocrx_word' id='word_1_415' title='bbox 948 4082 1168 4148; x_wconf 83' lang='lat' dir='ltr'><strong>contraxisset</strong></span> <span class='ocrx_word' id='word_1_416' title='bbox 1197 4082 1391 4150; x_wconf 89' lang='lat' dir='ltr'><strong>restituendi</strong></span> 
     </span>
     <span class='ocr_line' id='line_1_43' title="bbox 69 4170 313 4253; baseline 0.012 -19"><span class='ocrx_word' id='word_1_417' title='bbox 69 4170 313 4253; x_wconf 89' lang='lat' dir='ltr'><strong>obligationem.</strong></span> 
     </span>
    </p>
   </div>
   <div class='ocr_carea' id='block_1_7' title="bbox 69 4275 1452 4717">
    <p class='ocr_par' dir='ltr' id='par_1_9' title="bbox 69 4275 1452 4717">
     <span class='ocr_line' id='line_1_44' title="bbox 159 4275 1452 4360; baseline 0.003 -19"><span class='ocrx_word' id='word_1_418' title='bbox 159 4276 199 4342; x_wconf 92' lang='lat' dir='ltr'><strong>R.</strong></span> <span class='ocrx_word' id='word_1_419' title='bbox 224 4279 254 4343; x_wconf 85' lang='lat'><strong>3.</strong></span> <span class='ocrx_word' id='word_1_420' title='bbox 300 4275 413 4354; x_wconf 81' lang='lat' dir='ltr'><strong>Quoad</strong></span> <span class='ocrx_word' id='word_1_421' title='bbox 436 4280 570 4342; x_wconf 81' lang='lat' dir='ltr'><strong>alterum</strong></span> <span class='ocrx_word' id='word_1_422' title='bbox 600 4297 710 4342; x_wconf 89' lang='lat' dir='ltr'><strong>casum</strong></span> <span class='ocrx_word' id='word_1_423' title='bbox 741 4277 845 4360; x_wconf 88' lang='lat' dir='ltr'><strong>primo</strong></span> <span class='ocrx_word' id='word_1_424' title='bbox 876 4276 980 4342; x_wconf 87' lang='lat' dir='ltr'><strong>videri</strong></span> <span class='ocrx_word' id='word_1_425' title='bbox 1004 4277 1116 4354; x_wconf 89' lang='lat' dir='ltr'><strong>debet,</strong></span> <span class='ocrx_word' id='word_1_426' title='bbox 1146 4298 1222 4340; x_wconf 90' lang='lat' dir='ltr'><strong>num</strong></span> <span class='ocrx_word' id='word_1_427' title='bbox 1247 4276 1452 4345; x_wconf 80' lang='lat' dir='ltr'><strong>ratione-659</strong></span> 
     </span>
     <span class='ocr_line' id='line_1_45' title="bbox 70 4365 1391 4448; baseline -0.001 -17"><span class='ocrx_word' id='word_1_428' title='bbox 70 4366 181 4432; x_wconf 90' lang='lat' dir='ltr'><strong>biliter</strong></span> <span class='ocrx_word' id='word_1_429' title='bbox 204 4365 287 4431; x_wconf 90' lang='lat' dir='ltr'><strong>sumi</strong></span> <span class='ocrx_word' id='word_1_430' title='bbox 311 4365 472 4448; x_wconf 89' lang='lat' dir='ltr'><strong>potuerit,</strong></span> <span class='ocrx_word' id='word_1_431' title='bbox 506 4366 669 4431; x_wconf 88' lang='lat' dir='ltr'><strong>Amaliam</strong></span> <span class='ocrx_word' id='word_1_432' title='bbox 693 4387 734 4431; x_wconf 86' lang='lat' dir='ltr'><strong>ex</strong></span> <span class='ocrx_word' id='word_1_433' title='bbox 766 4366 949 4432; x_wconf 90' lang='lat' dir='ltr'><strong>rationibus</strong></span> <span class='ocrx_word' id='word_1_434' title='bbox 978 4365 1089 4432; x_wconf 88' lang='lat' dir='ltr'><strong>allatis</strong></span> <span class='ocrx_word' id='word_1_435' title='bbox 1120 4387 1173 4430; x_wconf 91' lang='lat' dir='ltr'><strong>res</strong></span> <span class='ocrx_word' id='word_1_436' title='bbox 1203 4365 1278 4429; x_wconf 90' lang='lat' dir='ltr'><strong>illas</strong></span> <span class='ocrx_word' id='word_1_437' title='bbox 1309 4386 1391 4446; x_wconf 90' lang='lat' dir='ltr'><strong>quas</strong></span> 
     </span>
     <span class='ocr_line' id='line_1_46' title="bbox 70 4453 1392 4538; baseline -0.002 -18"><span class='ocrx_word' id='word_1_438' title='bbox 70 4457 177 4533; x_wconf 87' lang='lat' dir='ltr'><strong>offert,</strong></span> <span class='ocrx_word' id='word_1_439' title='bbox 201 4453 319 4520; x_wconf 83' lang='lat' dir='ltr'><strong>fecisse</strong></span> <span class='ocrx_word' id='word_1_440' title='bbox 342 4475 429 4521; x_wconf 89' lang='lat' dir='ltr'><strong>suas.</strong></span> <span class='ocrx_word' id='word_1_441' title='bbox 475 4453 566 4530; x_wconf 87' lang='lat' dir='ltr'><strong>Quod</strong></span> <span class='ocrx_word' id='word_1_442' title='bbox 591 4457 694 4521; x_wconf 88' lang='lat' dir='ltr'><strong>relate</strong></span> <span class='ocrx_word' id='word_1_443' title='bbox 717 4454 759 4519; x_wconf 92' lang='lat' dir='ltr'><strong>ad</strong></span> <span class='ocrx_word' id='word_1_444' title='bbox 782 4456 868 4520; x_wconf 89' lang='lat' dir='ltr'><strong>bona</strong></span> <span class='ocrx_word' id='word_1_445' title='bbox 891 4454 1134 4538; x_wconf 88' lang='lat' dir='ltr'><strong>parsimonialia</strong></span> <span class='ocrx_word' id='word_1_446' title='bbox 1156 4453 1284 4518; x_wconf 85' lang='lat' dir='ltr'><strong>facilius</strong></span> <span class='ocrx_word' id='word_1_447' title='bbox 1308 4455 1392 4518; x_wconf 91' lang='lat' dir='ltr'><strong>sumi</strong></span> 
     </span>
     <span class='ocr_line' id='line_1_47' title="bbox 70 4542 1391 4629; baseline -0.005 -17"><span class='ocrx_word' id='word_1_448' title='bbox 70 4548 198 4629; x_wconf 64' lang='lat' dir='ltr'><strong>potera</strong></span> <span class='ocrx_word' id='word_1_449' title='bbox 223 4543 329 4625; x_wconf 92' lang='lat' dir='ltr'><strong>quoad</strong></span> <span class='ocrx_word' id='word_1_450' title='bbox 353 4564 402 4619; x_wconf 88' lang='lat' dir='ltr'><strong>ea,</strong></span> <span class='ocrx_word' id='word_1_451' title='bbox 428 4564 511 4625; x_wconf 88' lang='lat' dir='ltr'><strong>quae</strong></span> <span class='ocrx_word' id='word_1_452' title='bbox 535 4544 664 4610; x_wconf 86' lang='lat' dir='ltr'><strong>occulta</strong></span> <span class='ocrx_word' id='word_1_453' title='bbox 687 4545 953 4627; x_wconf 88' lang='lat' dir='ltr'><strong>compensatione</strong></span> <span class='ocrx_word' id='word_1_454' title='bbox 969 4545 1061 4625; x_wconf 91' lang='lat' dir='ltr'><strong>quasi</strong></span> <span class='ocrx_word' id='word_1_455' title='bbox 1085 4547 1220 4626; x_wconf 91' lang='lat' dir='ltr'><strong>propter</strong></span> <span class='ocrx_word' id='word_1_456' title='bbox 1235 4542 1391 4607; x_wconf 88' lang='lat' dir='ltr'><strong>minorem</strong></span> 
     </span>
     <span class='ocr_line' id='line_1_48' title="bbox 69 4631 1391 4717; baseline -0.003 -17"><span class='ocrx_word' id='word_1_457' title='bbox 69 4633 254 4700; x_wconf 89' lang='lat' dir='ltr'><strong>mercedem</strong></span> <span class='ocrx_word' id='word_1_458' title='bbox 277 4632 338 4698; x_wconf 86' lang='lat' dir='ltr'><strong>sibi</strong></span> <span class='ocrx_word' id='word_1_459' title='bbox 362 4632 555 4717; x_wconf 86' lang='lat' dir='ltr'><strong>assumpsit,</strong></span> <span class='ocrx_word' id='word_1_460' title='bbox 579 4633 723 4717; x_wconf 86' lang='lat' dir='ltr'><strong>practice</strong></span> <span class='ocrx_word' id='word_1_461' title='bbox 745 4633 830 4698; x_wconf 92' lang='lat' dir='ltr'><strong>sumi</strong></span> <span class='ocrx_word' id='word_1_462' title='bbox 853 4654 919 4697; x_wconf 88' lang='lat' dir='ltr'><strong>non</strong></span> <span class='ocrx_word' id='word_1_463' title='bbox 941 4636 1065 4716; x_wconf 89' lang='lat' dir='ltr'><strong>potest,</strong></span> <span class='ocrx_word' id='word_1_464' title='bbox 1089 4631 1152 4696; x_wconf 89' lang='lat' dir='ltr'><strong>nisi</strong></span> <span class='ocrx_word' id='word_1_465' title='bbox 1174 4632 1206 4697; x_wconf 87' lang='lat' dir='ltr'><strong>in</strong></span> <span class='ocrx_word' id='word_1_466' title='bbox 1231 4651 1309 4696; x_wconf 90' lang='lat' dir='ltr'><strong>casu</strong></span> <span class='ocrx_word' id='word_1_467' title='bbox 1333 4652 1391 4697; x_wconf 86' lang='lat' dir='ltr'><strong>ex-</strong></span> 
     </span>
    </p>
   </div>
   <div class='ocr_carea' id='block_1_8' title="bbox 0 0 1571 5168">
    <p class='ocr_par' dir='ltr' id='par_1_10' title="bbox 0 0 1571 5168">
     <span class='ocr_line' id='line_1_49' title="bbox 0 0 1571 5168; baseline 0 0"><span class='ocrx_word' id='word_1_468' title='bbox 0 0 1571 5168; x_wconf 95' lang='lat' dir='ltr'><strong> </strong></span> 
     </span>
    </p>
   </div>
  </div>
 </body>
</html>
