3106 5168
185 304 249 367 372
324 298 365 352 De
384 298 532 352 virtutibus
550 301 578 352 et
596 297 693 352 officiis
712 315 777 366 erga
795 298 926 352 homines.
944 327 979 337 -
998 297 1051 353 Off.
1069 299 1142 353 circs
1159 299 1229 354 bona
1247 302 1374 355 externa.

184 481 260 543 rata
290 475 350 553 sit,
381 475 433 540 vel
463 473 698 551 incendiarius,
729 473 758 537 si
781 493 976 539 oeconomus
999 494 1073 538 eum
1096 473 1189 540 novit
1212 495 1353 558 eumque
1378 476 1513 543 sceleris

185 586 341 631 accusare
365 567 491 647 potest;
516 584 596 644 erga
619 567 769 628 nentrum
793 566 903 628 autem
921 562 1073 628 videatur
1088 562 1321 645 obligationem
1343 586 1389 631 ex
1404 566 1512 633 officio

185 676 242 720 seu
266 675 308 719 ex
331 652 456 717 iustitia
479 651 609 730 habere,
634 656 670 718 nt
686 651 804 716 debeat
827 673 934 716 eorum
950 652 1070 716 damna
1085 656 1247 718 avertere.
1286 652 1382 731 Quod
1397 676 1511 721 verum

185 749 237 809 est
253 741 359 827 quoad
375 740 664 806 damnificatorem.
701 740 734 806 Si
758 740 859 823 igitur
882 761 955 805 eum
979 761 1096 806 revera
1120 741 1398 826 comprehendere
1422 765 1510 810 eum·

185 853 264 914 que,
295 853 367 897 cnm
392 829 501 896 damni
528 829 702 913 reparandi
726 850 833 913 capax
856 828 915 907 sit,
947 829 1047 895 etiam
1077 829 1120 895 ad
1149 832 1370 915 reparandum
1394 854 1511 917 cogere

184 920 304 1006 possit:
328 919 437 985 fateor
453 939 662 985 oeconomum
685 939 750 983 non
774 917 909 984 laesisse
932 918 1102 997 iustitiam,
1126 923 1201 987 utut
1224 919 1369 986 fortasse
1394 923 1511 990 etiam·

184 1015 254 1075 tum
277 1008 412 1075 laeserit
435 1007 618 1074 caritatem.
655 1007 718 1073 Sed
742 1007 770 1071 si
793 1007 903 1089 agitur
919 1007 959 1072 de
982 1007 1143 1074 societate
1166 1009 1435 1089 assecurationis,
1460 1033 1510 1078 res

183 1099 281 1183 paulo
312 1099 410 1164 aliter
433 1096 601 1162 diiudicari
627 1096 734 1162 debet.
781 1096 938 1161 Dominus
968 1097 1038 1180 ipse
1068 1103 1277 1165 assecuratus
1307 1120 1391 1164 sane
1416 1102 1510 1168 debet

183 1189 388 1254 moderatam
406 1186 610 1268 diligentiam
633 1184 788 1251 adhibere
811 1185 853 1250 ad
876 1186 1104 1269 praecavenda
1122 1186 1242 1254 damna
1265 1209 1286 1253 a
1309 1189 1410 1254 rebus
1435 1191 1509 1265 suis,

184 1277 282 1360 idque
306 1298 348 1342 ex
372 1280 542 1341 contractu
566 1296 624 1340 seu
648 1296 690 1340 ex
713 1273 852 1351 iustitia,
877 1295 918 1340 ne
940 1274 1069 1340 facilius
1092 1276 1232 1342 societas
1255 1279 1509 1345 assecurationis

184 1367 313 1432 solvere
330 1370 481 1447 cogatnr;
506 1385 590 1446 quae
606 1363 726 1429 domini
743 1363 898 1445 obligatio
915 1363 947 1427 in
964 1384 1185 1442 oeconomum,
1201 1365 1257 1448 qui
1273 1368 1382 1448 quoad
1399 1389 1508 1434 curam

184 1458 342 1520 bonorum
358 1455 510 1519 fortunae
528 1453 690 1517 dominum
707 1456 945 1536 repraesentat,
970 1474 1012 1517 ex
1035 1454 1106 1537 ipso
1125 1454 1231 1520 officio
1249 1456 1382 1522 transit.
1422 1458 1508 1540 Ergo

184 1544 364 1610 theoretice
388 1541 549 1624 loquendo
566 1562 683 1607 revera
707 1546 743 1607 ut
759 1545 953 1624 cooperator
965 1543 1143 1623 negativus
1162 1547 1294 1609 tenetur
1310 1565 1393 1628 erga
1408 1547 1508 1612 socie-

185 1638 288 1699 tatem
312 1630 566 1697 assecurationis
589 1630 642 1694 vel
666 1651 722 1694 eos
745 1630 861 1712 quibus
884 1631 1052 1697 societatis
1075 1631 1146 1696 loco
1169 1632 1335 1699 restitutio
1360 1634 1506 1701 facienda

186 1727 246 1788 est.
285 1720 435 1786 Practice
451 1726 571 1798 autem,
597 1741 669 1783 cum
686 1740 744 1801 pro
761 1719 919 1785 societate
936 1721 1188 1786 assecurationis
1204 1742 1368 1807 pauperes
1384 1725 1507 1790 aliaeve

185 1830 305 1876 causae
328 1830 515 1875 communes
538 1808 634 1874 facile
657 1807 741 1872 sumi
765 1808 899 1891 possint,
925 1829 979 1873 res
1001 1808 1130 1874 facilins
1154 1817 1377 1894 componetur.
1426 1813 1507 1879 Nam

186 1922 249 1965 non
273 1899 377 1964 solnm
402 1899 628 1981 eleemosynae
652 1918 734 1978 quas
755 1896 826 1981 ipse
850 1919 1043 1963 oeconomus
1067 1919 1109 1963 ex
1132 1904 1200 1965 suis
1222 1900 1316 1966 bonis
1340 1901 1423 1969 facit
1452 1923 1507 1987 pro

186 1988 395 2054 restitutione
427 1986 609 2070 computari
641 1990 796 2070 possunt,
829 1987 886 2051 sed
919 1987 1144 2053 consentiente
1174 1989 1304 2054 domino
1337 1991 1441 2056 etiam
1472 2013 1506 2056 ea

117 2117 118 2120 =
186 2098 270 2160 quae
300 2098 341 2142 ex
371 2077 464 2142 bonis
495 2075 615 2140 domini
646 2074 680 2139 in
709 2074 781 2158 pias
811 2095 928 2140 causas
960 2080 1035 2160 post
1065 2080 1215 2142 exortum
1246 2078 1404 2145 damnum
1436 2102 1507 2146 con·

185 2168 342 2232 ferentur.

275 2273 314 2338 R..
332 2275 361 2337 2.
401 2271 530 2336 Slvere
554 2291 729 2335 oeconomo
752 2270 833 2334 haec
857 2291 935 2335 cura
953 2270 1117 2352 generalis
1140 2292 1204 2336 non
1221 2278 1295 2340 erat
1311 2273 1507 2340 demandata

187 2382 291 2443 neque
314 2360 466 2444 specialis
491 2381 569 2424 cura
592 2359 712 2423 silvae:
748 2380 811 2423 non
839 2360 1015 2425 tenebatur
1037 2381 1080 2424 ex
1103 2360 1230 2426 institia
1253 2383 1273 2426 a
1296 2361 1430 2429 domino
1453 2385 1507 2428 suo

185 2471 291 2533 neque
315 2471 335 2515 a
358 2449 516 2515 societate
540 2447 792 2514 assecurationis
816 2448 969 2512 damnum
994 2453 1153 2515 avertere.
1200 2449 1285 2516 Hinc
1309 2451 1352 2516 ad
1377 2453 1507 2519 restitu-

185 2539 307 2605 tionem
331 2537 538 2602 nullomodo
562 2542 746 2615 teneretur,
776 2541 850 2602 utut
873 2558 915 2601 ex
938 2537 1033 2619 gravi
1056 2538 1266 2621 neglegentia
1290 2540 1344 2605 vel
1369 2562 1412 2606 ex
1437 2563 1507 2607 con·

187 2628 258 2692 silio
283 2627 436 2692 damnum
460 2647 524 2690 non
547 2626 716 2691 averterit.

124 2758 176 2813 238
276 2740 314 2806 R.
346 2744 377 2806 3.
428 2740 503 2804 Non
532 2741 629 2823 plane
659 2740 744 2805 idem
775 2740 945 2805 dicendum
977 2742 1016 2806 de
1046 2742 1210 2820 Cornelio,
1241 2743 1296 2825 qni
1327 2745 1506 2828 Scipionem

188 2831 340 2895 damnum
364 2835 515 2894 avertere
538 2830 703 2896 volentem
723 2830 872 2895 detinuit.
922 2830 1043 2907 Quodsi
1066 2853 1139 2896 eum
1164 2832 1305 2898 detinuit
1328 2833 1400 2898 sine
1424 2835 1456 2899 vi
1479 2840 1508 2899 ei

186 2919 313 2997 fraude,
336 2918 385 2984 ita
409 2922 445 2983 ut
461 2919 567 3001 Scipio
592 2919 697 2983 sciens
721 2923 754 2983 et
774 2919 886 2983 volens
910 2941 944 2984 se
962 2920 1099 2985 detineri
1123 2942 1240 3004 passus
1263 2921 1317 2999 sit,
1343 2922 1508 2989 cornelius

186 3009 361 3075 rest'tuere
385 3029 449 3072 non
472 3011 605 3073 tenetur
627 3008 688 3072 nisi
718 3017 786 3093 post
810 3008 1007 3090 Scipionem3
1039 3030 1117 3090 ergo
1141 3031 1320 3087 summum,
1352 3012 1381 3076 si
1405 3012 1508 3096 Scipio

186 3120 228 3163 ex
260 3097 365 3162 officio
397 3096 537 3162 debebat
565 3098 674 3179 ignem
701 3096 927 3178 exstinguere,
959 3119 1063 3180 neque
1093 3103 1179 3176 tum,
1211 3099 1273 3163 nisi
1297 3099 1449 3166 Cornelio
1472 3102 1508 3166 de

187 3187 345 3270 Scipionis
376 3186 483 3250 officio
514 3185 741 3268 aliquomodo
766 3186 969 3264 constiterit,
1001 3191 1035 3252 et
1058 3187 1224 3252 Cornelius
1254 3188 1300 3252 illi
1332 3190 1509 3256 efficaciter

186 3276 349 3342 consuluit
373 3276 425 3339 vel
449 3275 553 3339 suasit
577 3296 693 3340 eumve
716 3276 878 3358 permovit
902 3297 942 3339 ne
966 3276 1201 3357 exstingueret.

275 3373 309 3437 Si
333 3377 442 3437 antem
466 3371 500 3435 vi
523 3373 577 3436 vel
601 3372 715 3436 fraude
739 3373 906 3437 Cornelius
930 3373 1112 3456 Scipionem
1136 3373 1286 3451 detinuit,
1315 3377 1508 3458 praevidens

186 3463 257 3526 fore
281 3466 317 3526 ut
341 3462 388 3525 ita
412 3461 528 3542 aliquis
553 3462 704 3526 damnum
728 3466 899 3544 pateretur
922 3483 941 3526 a
965 3482 1027 3543 quo
1050 3462 1156 3545 Scipio
1181 3463 1334 3528 damnum
1360 3471 1508 3532 avertere

186 3550 306 3625 voluit,
332 3550 498 3614 Cornelios
522 3550 563 3614 ad
587 3552 802 3633 reparandum
828 3551 980 3614 damnum
1003 3555 1151 3629 tenetur,
1177 3573 1239 3617 non
1265 3553 1392 3637 Scipio,
1416 3555 1509 3637 idque

186 3640 256 3703 sive
280 3639 386 3721 Scipio
411 3660 452 3702 cx
476 3640 601 3705 iustitia
625 3640 800 3705 tenebatur
823 3640 974 3704 damnum
999 3639 1154 3722 impedire
1178 3642 1248 3706 sive
1271 3663 1347 3708 non.
1396 3644 1508 3726 Neque

186 3729 405 3791 necessarium
436 3732 502 3803 est,
534 3732 570 3794 ut
594 3729 760 3793 Cornelius
790 3749 832 3791 ex
862 3728 933 3811 ipsa
957 3728 1019 3793 hac
1041 3730 1221 3796 intentione
1245 3731 1432 3815 Scipionem
1456 3734 1508 3798 de·

186 3816 337 3892 tinuerit;
363 3816 484 3880 sufficit
508 3822 543 3880 ut
566 3816 627 3881 hoc
650 3817 766 3882 iecerit
790 3839 861 3881 oum
886 3818 992 3882 damni
1016 3818 1233 3900 praevisione.

125 3944 176 3997 739
276 3930 314 3994 R.
340 3935 369 3994 4.
417 3930 506 4005 Quae
536 3930 754 3995 restitutionis
778 3931 934 4012 obligatio
965 3953 1006 3995 ex
1037 3938 1132 4015 parte
1159 3933 1317 4012 Cornelii,
1349 3936 1378 4000 si
1402 3938 1435 4001 ri
1459 3937 1506 4000 rel

188 4019 302 4083 fraude
327 4040 404 4082 nsns
428 4024 488 4090 est,
514 4021 728 4084 communiter
751 4021 871 4098 aderit,
897 4022 1025 4101 qnando
1050 4023 1167 4086 damno
1191 4023 1336 4088 afficitur
1360 4025 1430 4109 ipse
1454 4027 1506 4090 do·

186 4108 292 4174 minus
316 4109 368 4172 vel
393 4108 532 4172 societas
557 4109 824 4182 assecurationis;
850 4111 1000 4188 nonita,
1026 4111 1154 4191 quando
1178 4112 1400 4180 incendiarius
1424 4137 1506 4181 com·

186 4197 397 4281 prehenditur
421 4201 454 4261 et
478 4198 518 4261 ad
536 4199 687 4261 damnum
712 4199 929 4280 reparandum
953 4198 1090 4280 cogitur.
1130 4201 1215 4264 Nam
1240 4202 1296 4265 ille
1321 4225 1451 4288 semper
1469 4226 1506 4268 ex

187 4288 319 4351 crimine
351 4287 521 4350 commisso
552 4292 704 4351 consetur
728 4293 803 4352 ante
827 4288 1009 4352 Cornelium
1034 4289 1197 4370 obligatus
1221 4311 1294 4355 esse
1325 4293 1505 4360 addamne

187 4398 265 4440 asc
290 4381 425 4440 causata
450 4377 641 4459 reparanda.

276 4475 397 4536 Verum
421 4472 582 4537 innostro
607 4495 683 4537 casu
707 4473 787 4537 haec
812 4474 896 4538 ratio
921 4495 984 4538 non
1008 4475 1102 4556 plene
1119 4476 1220 4541 valet.
1263 4477 1296 4542 Si
1322 4479 1407 4545 enim
1431 4502 1506 4564 puer

188 4562 265 4637 fuit,
291 4563 344 4643 qui
370 4562 506 4626 rationis
531 4563 657 4643 quidem
683 4584 813 4644 compos
838 4569 926 4632 erat.
952 4565 1081 4646 plenam
1106 4565 1376 4633 deliberationem
1400 4574 1504 4635 tamen

187 4672 250 4714 non
269 4651 430 4717 adhibuit:
456 4652 576 4734 optime
600 4651 802 4731 intellegitur
826 4652 1007 4735 Scipionem
1036 4653 1178 4719 voluisse
1202 4654 1372 4738 impedire,
1398 4681 1438 4725 ne
1457 4661 1505 4724 ille
