3106 5168
147 272 189 333 44
566 264 606 319 Dc
623 264 720 333 regula
737 268 848 320 actuum
866 264 1052 320 humanorum.

147 443 272 509 maiora
295 443 383 509 mala
406 448 521 509 causet
544 446 643 525 atque
666 443 812 526 publicos
835 444 996 511 tumultus
1012 441 1144 509 excitet.
1180 441 1288 520 Quare
1311 442 1340 508 si
1362 442 1475 508 Remi-

147 532 220 614 gius
235 532 396 599 bracchiis
419 535 454 598 et
476 531 576 597 armis
598 535 748 598 uteretur
770 553 835 597 non
859 532 901 597 ad
924 532 1095 597 inferenda
1116 531 1215 610 mala,
1238 531 1295 596 sed
1320 532 1362 598 ad
1385 533 1475 598 solas

147 621 262 776 {siffis8
275 621 489 699 incutiendas,
520 621 618 686 facile
649 625 863 687 excusaretur
892 623 933 687 ab
964 621 1051 687 amni
1081 626 1227 705 peccata.
1274 620 1321 688 ef.
1351 621 1408 689 Tb.
1433 645 1473 688 m.

401 850 541 918 AGTUS
564 850 751 917 INTERNI
774 850 834 917 UT
858 850 983 918 LEGIS
1005 848 1216 917 MATERIA.

711 999 821 1067 Gasus.
850 1007 909 1076 (aa)

235 1142 270 1200 ln
293 1139 417 1200 coneilio
437 1138 614 1217 provinciali
635 1143 779 1197 statutum
800 1144 855 1210 est,
879 1144 911 1198 ut
931 1139 1039 1214 singuli
1061 1139 1232 1200 sacerdotes
1252 1140 1357 1215 quovis
1373 1159 1476 1200 mense

147 1221 270 1281 Missam
292 1222 442 1280 celebrent
462 1239 515 1296 pro
537 1219 767 1279 necessitatibus
785 1219 928 1278 dioecesis
950 1225 1038 1295 atque
1060 1218 1162 1278 eadem
1183 1219 1348 1279 intentione
1368 1221 1477 1281 roserii

148 1302 292 1361 recitandi
319 1299 519 1375 indulgentias
548 1319 600 1375 pro
623 1299 769 1358 defunctis
797 1300 938 1370 offerant,
967 1299 1091 1358 alternis
1119 1300 1226 1358 saltem
1247 1300 1334 1359 annis
1357 1320 1477 1361 sacrum

148 1401 298 1441 secessum
319 1385 474 1458 peragant.
508 1378 660 1438 Ausonius
681 1382 850 1456 approbans
865 1378 1041 1455 opinionem,
1064 1380 1224 1439 secundum
1238 1399 1325 1457 quam
1339 1380 1477 1442 Ecclesia

148 1482 207 1522 non
228 1461 323 1539 possit
343 1460 515 1538 praecipere
537 1466 621 1519 actus
642 1459 791 1529 internas,
819 1460 943 1518 Missam
971 1478 1030 1517 non
1058 1459 1203 1535 applicat,
1232 1459 1263 1518 in
1288 1461 1404 1520 rosaria
1433 1481 1477 1521 re·

150 1542 266 1602 citando
281 1540 488 1621 mysteriorum
502 1540 722 1599 meditationem
737 1540 855 1609 omittit,
877 1559 1037 1611 secessum,
1059 1539 1300 1599 meditationibus
1316 1542 1477 1619 praecipue

149 1623 356 1697 peragendum,
378 1640 438 1679 non
459 1620 540 1679 facit.
580 1620 722 1679 Alfredus
743 1620 899 1696 episeopus
920 1638 958 1678 ex
979 1639 1023 1690 eo,
1046 1620 1122 1695 quad
1142 1619 1208 1696 ipse
1229 1621 1269 1680 sit
1290 1621 1369 1680 inter
1389 1622 1476 1698 legis-

148 1704 268 1773 latores,
291 1722 323 1760 se
344 1700 513 1777 praeceptis
534 1701 593 1759 illis
614 1720 674 1759 non
695 1700 785 1758 habet
806 1700 988 1759 obstrictum.

149 1806 325 1878 Qasssmua
346 1810 376 1864 1⁰
401 1825 469 1865 num
491 1806 626 1864 Ecclesia
648 1806 742 1881 possit
762 1806 934 1883 praecipere
955 1812 1041 1865 actus
1061 1805 1204 1867 internos.

346 1898 377 1953 2⁰
402 1901 598 1954 excusaturus
620 1894 727 1969 agendi
748 1895 825 1954 ratio
847 1895 982 1955 Ausonii.

343 1987 373 2043 3ο
398 1983 466 2060 quid
488 1984 523 2042 de
543 1983 660 2043 Alfredi
681 1983 910 2044 ratiocinatione
931 1983 972 2044 sit
991 1983 1159 2044 tenendum.

743 2166 881 2234 Salutio.

106 2330 139 2382 85
237 2310 291 2375 Aa
315 2330 506 2387 oraremus
533 2312 569 2374 1¹²¹
592 2310 631 2375 R.
655 2315 682 2375 l.
719 2308 752 2374 Si
776 2308 887 2390 agitur
910 2308 950 2373 de
973 2309 1102 2374 actibus
1125 2329 1214 2374 mere
1237 2308 1375 2376 internis
1398 2310 1478 2376 sim-

150 2401 278 2484 pliciter
310 2398 548 2484 praecipiendis
583 2420 641 2482 per
673 2398 904 2464 auctoritatem
929 2397 1185 2464 ecclesiasticam
1220 2402 1257 2464 ut
1288 2398 1476 2479 humanam,

150 2495 226 2556 sunt
249 2489 333 2554 duae
356 2489 551 2566 sententiae,
583 2487 648 2553 alia
672 2508 806 2569 negans,
838 2487 904 2551 alia
927 2487 1105 2555 affirmans.
1152 2486 1320 2553 Posterior
1342 2489 1478 2555 meliore

149 2579 280 2645 videtur
296 2577 356 2644 niti
372 2577 515 2646 ratione:
540 2576 738 2642 auctoritate
755 2575 849 2658 gravi
866 2579 983 2642 neutra
1001 2580 1101 2643 caret.
1133 2576 1180 2643 cf.
1197 2577 1477 2661 aa.m.l,131sq.

239 2684 277 2750 lt.
298 2686 328 2750 2.
364 2684 487 2749 Verum
503 2688 600 2750 extra
616 2682 870 2749 controversiam
895 2685 947 2747 est
969 2682 1151 2747 Ecclesiam
1174 2703 1271 2766 posse
1286 2683 1478 2768 praecipere

149 2795 205 2839 eas
229 2779 323 2839 aetus
346 2773 503 2850 internos,
532 2774 586 2855 qui
617 2793 688 2837 cum
714 2776 851 2837 externo
874 2771 1000 2836 faciant
1029 2776 1139 2837 actum
1170 2771 1319 2850 mixtum,
1343 2773 1399 2839 vel
1423 2774 1476 2856 qui

149 2863 215 2929 sint
239 2862 510 2947 complementum
535 2867 629 2928 aetus
653 2860 781 2928 externi
804 2860 866 2926 rite
891 2865 925 2927 et
949 2861 1180 2927 convenienter
1203 2861 1400 2944 perficiendi.

239 2969 276 3034 R.
303 2970 333 3034 3.
373 2968 475 3033 Simul
498 2971 595 3033 entra
614 2967 871 3032 controversiam
896 2971 948 3032 est
970 2987 1066 3050 posse
1089 2965 1234 3051 praecipi
1258 2972 1353 3032 actus
1377 2966 1478 3034 etiam

149 3079 237 3122 mere
261 3058 408 3212 intprnas
431 3060 659 3212 appellato-reate,
683 3077 714 3120 ν.
739 3077 772 3137 g.
801 3055 861 3121 sub
892 3055 1080 3121 condicione
1105 3057 1189 3138 quad
1219 3056 1338 3139 aliquis
1361 3056 1479 3123 favore

150 3147 293 3214 indebito
331 3146 383 3211 rui
406 3147 497 3212 vei.

239 3253 276 3318 R.
302 3256 332 3318 4.
380 3252 490 3319 Etiam
520 3256 617 3318 extra
646 3250 903 3316 controversiam
933 3253 985 3315 est
1016 3249 1214 3328 Ecclesiam,
1251 3259 1407 3337 quotenus
1437 3255 1479 3317 sit

149 3345 394 3408 rest-ramentum
418 3343 547 3407 divinae
573 3344 736 3425 potestatis
759 3342 805 3405 ael
829 3342 985 3423 interpres
1008 3341 1084 3424 lepis
1108 3341 1246 3418 divinae,
1272 3344 1365 3404 actus
1388 3361 1479 3406 mere

149 3431 295 3496 internos
311 3431 477 3514 imponere
494 3431 548 3495 vel
572 3451 683 3494 earum
700 3428 932 3511 obligationem
949 3427 1117 3493 declarare
1137 3449 1242 3511 posse,
1267 3450 1298 3495 v.
1315 3449 1347 3511 g.
1365 3432 1478 3496 actum

150 3520 222 3584 fidei
247 3519 280 3584 in
304 3520 424 3603 dogma
447 3520 640 3585 revelatum.

107 3659 141 3713 86
240 3635 292 3699 Aa
316 3653 508 3709 ouassrran
536 3636 574 3697 2¹¹¹
604 3632 644 3698 R.
671 3635 700 3698 1.
747 3631 860 3708 Quoad
891 3632 1012 3697 Missae
1044 3633 1278 3698 celebrationem
1313 3640 1340 3697 et
1372 3635 1478 3718 appli-

151 3727 303 3788 cationem
333 3723 462 3788 omnino
493 3722 556 3787 dici
586 3723 683 3787 debet
714 3721 894 3786 Ecclesiam
923 3720 1007 3786 hanc
1037 3741 1134 3805 posse
1164 3720 1369 3804 praecipere:
1400 3742 1478 3787 nam

151 3813 249 3878 etiam
266 3811 441 3896 applicatio
465 3816 517 3876 est
538 3811 641 3893 ipsius
657 3810 785 3876 externi
803 3810 919 3893 aperis,
937 3809 1175 3888 celebrationis,
1193 3811 1477 3895 complementum.

150 3901 312 3968 Deiecto
336 3901 435 3968 etiam
458 3899 613 3983 imposuit
644 3899 796 3982 parochis
820 3899 1069 3982 applicationem
1093 3898 1214 3964 Missae
1238 3898 1350 3965 diebus
1374 3900 1479 3965 domi-

151 3991 231 4056 nicis
256 3996 289 4056 et
312 3990 416 4068 festis,
441 3990 511 4054 sive
535 4010 608 4053 eam
631 3989 738 4070 legem
763 3988 842 4053 dicis
866 3988 1122 4054 ecelesiasticam
1145 3987 1215 4053 sive
1239 3988 1369 4054 divinae
1393 3989 1479 4072 legis

152 4079 435 4146 determinantem.
477 4077 584 4154 Quare
608 4077 772 4143 Ausonius
795 4083 885 4143 recte
909 4099 973 4143 non
997 4077 1074 4161 egit.
1099 4076 1282 4142 —Verum
1306 4077 1478 4162 episcopus

151 4169 258 4235 sobrie
289 4168 418 4233 omnino
451 4167 627 4250 procedere
660 4166 790 4232 debebit
821 4167 854 4231 in
887 4165 1092 4249 iniungendis
1124 4166 1281 4231 eiusmodi
1314 4167 1477 4246 oneribus,

152 4258 294 4324 maxime
325 4257 353 4322 si
385 4256 574 4321 sacerdotes
602 4256 693 4323 tenui
723 4256 844 4322 salaria
875 4277 982 4321 annuo
1012 4255 1180 4333 fruuntur,
1211 4276 1252 4320 ne
1283 4276 1339 4321 eos
1369 4257 1479 4340 privet

151 4349 310 4414 facultate
335 4368 393 4430 pra
417 4345 657 4412 sustentatione
680 4367 740 4411 sua
763 4366 806 4411 ex
828 4344 998 4428 stipendiis
1014 4345 1188 4410 Missarum
1205 4344 1479 4428 complementum

152 4435 337 4520 quaerendi.
384 4436 494 4518 Atque
517 4456 633 4501 revera
656 4434 726 4519 ipse
750 4435 781 4500 S.
807 4434 970 4511 Pontifex,
1002 4456 1075 4499 eum
1101 4434 1135 4499 in
1158 4434 1356 4516 gravissima
1379 4456 1479 4501 causa

153 4527 323 4592 occasione
346 4525 499 4591 Vaticani
523 4525 656 4590 Concilii
678 4524 837 4608 speciales
860 4524 980 4588 Missas
1003 4524 1043 4588 de
1073 4523 1196 4606 Spiritu
1220 4524 1341 4590 Sancto
1371 4523 1479 4589 iniun-

152 4621 255 4697 geret,
279 4614 531 4699 applicationem
555 4621 666 4681 tamen
690 4613 811 4678 Missae
834 4612 969 4677 liberam
993 4612 1134 4695 reliquit.
