3106 5168
165 272 230 336 456
303 267 342 321 Da
361 268 509 322 virtutibus
527 271 556 322 ot
573 267 671 322 officiis
690 284 755 335 erga
774 267 904 322 hominos.
925 297 956 306 -
977 267 1029 323 Off.
1049 269 1122 324 circa
1139 269 1210 324 bona
1227 273 1350 325 externa.

166 449 335 529 permotus
358 444 521 510 duriorem
552 443 772 510 condicionem
796 443 951 527 accipiat,
983 465 1083 526 quae,
1114 445 1244 512 etiarnsi
1276 445 1376 525 nolit,
1407 447 1488 513 acci·

167 534 286 618 pienda
308 533 362 609 sit,
386 533 471 617 quod
492 533 657 599 adomino
681 532 735 598 vel
758 554 779 598 a
801 532 1008 616 redemptore
1031 555 1165 619 operum
1189 535 1378 619 imponitur,
1404 536 1489 603 istud

168 623 297 706 quidem
320 625 373 688 est
395 622 503 688 subire
526 622 602 700 vim,
628 622 680 687 cui
702 621 830 687 iustitia
852 621 1039 688 reclamatf‘

256 711 517 778 Difficultast
466 715 533 788 est,
564 671 642 792 qdid
665 710 959 800 comprehendatur
980 711 1090 777 verbis
1119 710 1184 777 illis
1218 713 1355 791 ,alendo
1386 713 1489 797 opifici

167 801 295 868 haud
285 802 476 884 rmparem‘ss
510 791 805 884 comprehendatne
835 799 958 866 victum
989 800 1089 866 solius
1121 763 1242 884 singuli
1273 801 1418 886 opificis,
1451 824 1491 868 an

168 890 268 957 etiam
284 910 343 956 suo
359 890 503 955 modo
471 894 540 956 vrct
541 911 594 955 um
611 888 755 955 familiae
771 908 855 971 quae
874 889 1005 953 aliunde
1020 890 1143 956 victum
1159 889 1280 956 habere
1295 912 1362 956 non
1377 891 1490 974 possit.

168 1017 211 1028 -
234 979 286 1044 Ad
302 978 387 1060 quod
405 978 481 1060 quid
497 978 669 1045 dicendum
691 978 745 1056 sit,
768 977 915 1044 innuitur
937 978 1001 1043 alio
1025 980 1095 1044 loco
1119 978 1264 1045 eiusdem
1288 980 1492 1063 encyclicae:

173 1068 245 1145 ,lus
268 1067 409 1150 coniugii
433 1069 583 1135 naturale
606 1088 646 1133 ac
668 1066 883 1150 primigenum
907 1066 1027 1132 homini
1050 1067 1252 1134 adimere.
1271 1069 1366 1134 ,lex
1389 1069 1492 1135 homi-

167 1179 245 1222 num
268 1157 358 1221 nulla
380 1176 422 1240 po
424 1161 552 1223 te.st..
571 1155 729 1222 ,Sanct
705 1156 832 1222 tissima
855 1159 913 1220 nat
915 1177 993 1221 uras
1016 1156 1146 1222 lsxt
1094 1161 1155 1233 est,
1181 1160 1218 1223 ut
1232 1156 1323 1223 victu
1340 1159 1493 1241 omnique

168 1247 258 1312 cultu
288 1245 528 1330 paterfamilias
558 1248 652 1310 tueat
653 1265 692 1308 ur
708 1265 795 1346 'quos
822 1244 1019 1328 procrearit:
1049 1244 1199 1328 idemque
1228 1245 1306 1311 illuc
1328 1267 1351 1312 a
1374 1252 1493 1314 natura

168 1334 348 1412 deducitur,
373 1338 409 1399 ut
395 1335 511 1400 tvelit
533 1333 644 1400 liberis
666 1333 744 1409 suis,
769 1332 887 1417 quippe
910 1334 965 1415 qui
988 1338 1161 1417 paternam
1183 1334 1331 1400 referunt
1317 1339 1391 1402 tet
1413 1358 1492 1419 quo·

169 1424 244 1490 dam
265 1423 361 1488 modo
377 1424 562 1507 producunt
584 1443 767 1506 personam,
792 1421 963 1504 anquirere
979 1427 1014 1488 et
1036 1445 1164 1507 parare,
1189 1424 1273 1489 unde
1296 1445 1333 1491 se
1357 1425 1492 1492 honeste

168 1513 295 1598 possint
318 1512 351 1576 in
374 1511 510 1596 ancipiti
532 1511 622 1578 vitae
646 1532 741 1576 cursu
765 1532 785 1577 a
808 1511 927 1576 misera
950 1511 1083 1578 fortuna
1106 1512 1310 1579 defendere.“

258 1600 306 1667 el.
338 1601 377 1666 de
409 1601 557 1666 mercede
588 1620 685 1682 quarn
714 1605 836 1756 vocant
834 1600 1056 1754 urfomiliolem
1086 1602 1380 1667 Vermeersch
1412 1603 1433 1670 l.
1465 1624 1489 1668 c

169 1692 289 1757 ῃ.437
307 1712 395 1772 sqq,
428 1689 479 1754 ubi
510 1694 613 1773 prot
599 1689 746 1755 thesit
714 1693 783 1756 stat
881 1690 1049 1771 :spineas
1078 1691 1216 1773 inferior
1245 1693 1401 1757 mercedis
1432 1715 1491 1778 quo

169 1713 392 1846 cornmutondo
417 1787 459 1844 est
489 1801 585 1864 opero
608 1779 728 1863 opificia
750 1693 872 1844 caluitiir
875 1787 968 1864 alque
991 1780 1093 1844 adulti
1118 1787 1162 1844 est
1191 1781 1388 1864 stipendium
1412 1783 1490 1866 quod

166 1891 228 1954 per
250 1890 282 1934 se
306 1871 450 1953 conprait
470 1867 736 1953 patrifamilias.“

108 1993 160 2048 901
259 1979 312 2045 An
335 2001 526 2057 quaserrnu
550 1985 589 2044 2·
612 1980 650 2045 R.
671 1983 699 2046 1.
746 1979 837 2046 Sulla
859 1980 991 2045 minime
1013 1983 1106 2046 tutus
1128 2001 1201 2046 esse
1223 1985 1335 2065 potest
1358 1982 1393 2047 in
1417 2004 1491 2049 con·

170 2069 317 2136 scientia.
365 2069 455 2147 Quod
479 2069 581 2148 enim,
615 2073 772 2151 quantum
804 2068 875 2133 lieri
906 2069 1026 2153 possit,
1060 2091 1247 2153 prosperam
1272 2071 1491 2138 condicionem

170 2158 340 2226 societatis
363 2178 560 2242 anonymae,
586 2157 636 2223 cui
659 2162 801 2241 praeest,
825 2163 994 2241 procuret,
1019 2158 1268 2243 vituperandum
1292 2181 1358 2225 non
1383 2165 1443 2239 est,
1466 2161 1491 2226 si

170 2248 267 2313 modo
282 2252 394 2314 servet
415 2247 574 2314 iustitiam
591 2268 670 2329 erga
692 2247 783 2313 alios.
823 2245 907 2311 Nam
932 2269 991 2331 per
1006 2247 1200 2314 iniustitiam
1216 2248 1350 2315 divitias
1373 2271 1492 2335 augere

172 2337 271 2403 etiam
296 2337 420 2402 alienas
443 2357 507 2401 non
532 2341 583 2403 eet
606 2335 705 2400 officii
728 2335 879 2414 fidelitas,
904 2336 962 2400 sed
986 2336 1128 2402 criminis
1150 2337 1312 2421 impietas.

262 2438 300 2503 R.
318 2440 347 2502 2.
379 2438 475 2502 Vana
493 2441 545 2503 est
568 2436 747 2514 excusatio,
772 2457 869 2520 quarn
893 2437 996 2503 solam
1019 2439 1234 2521 praetendere
1256 2443 1379 2524 potest,
1404 2439 1492 2522 quasi

172 2531 307 2611 propter
329 2547 522 2591 consensum
546 2525 767 2609 operariorum
795 2525 955 2593 iniustitia
979 2528 1156 2595 exsularet.
1202 2528 1388 2594 Conseneus
1410 2529 1492 2595 enim

172 2616 227 2680 ifle
251 2635 310 2680 nec
334 2615 416 2679 liber
439 2618 490 2680 est
520 2635 579 2679 neo
602 2614 814 2680 rationabilis.
861 2615 937 2681 Non
966 2620 1018 2682 est
1047 2615 1145 2694 liber,
1175 2617 1330 2685 videlicet
1359 2618 1494 2702 physica

173 2703 302 2785 quidem
326 2703 479 2769 libertate
502 2703 670 2787 praeditus
693 2709 760 2781 est,
792 2703 849 2768 sed
879 2725 944 2769 non
975 2705 1105 2783 morali,
1138 2726 1209 2770 cum
1234 2726 1276 2771 ex
1299 2712 1390 2773 metu
1418 2707 1492 2772 nihil

172 2793 270 2875 plano
292 2792 433 2857 habendi
457 2792 664 2858 consentiant
687 2793 719 2857 in
744 2793 923 2858 mercedem
949 2794 1106 2860 viliorem.
1149 2794 1332 2860 Consensus
1357 2801 1492 2862 nonest

173 2881 386 2947 rationabilis.
422 2882 508 2946 Nam
525 2881 712 2963 obligantur
735 2882 874 2966 operarii
899 2904 963 2948 non
986 2883 1090 2948 solum
1115 2883 1155 2947 ad
1179 2883 1314 2949 alendos
1337 2906 1374 2949 se
1398 2885 1492 2969 ipsos,

173 2970 353 3035 sedetiam
378 2971 419 3035 ad
443 2971 592 3035 alendam
617 2971 773 3036 familiam
798 2993 900 3037 suam.
940 2972 1141 3037 Renuntiare
1171 2973 1273 3054 igitur
1295 2975 1383 3057 parti
1412 2995 1492 3038 mer-

174 3060 273 3136 cedis,
299 3080 381 3142 quae
398 3059 439 3124 ad
463 3060 696 3125 sublevandam
722 3081 852 3125 suorum
876 3061 1043 3143 penuriam
1069 3061 1254 3126 necessaria
1273 3066 1334 3139 est,
1359 3083 1493 3145 eamque

172 3149 206 3214 in
239 3149 358 3214 divites
390 3169 595 3231 possessores
623 3149 824 3226 ,actionunr“
852 3150 1033 3215 transferre
1063 3150 1286 3215 irrationabile
1315 3158 1367 3219 est
1398 3157 1493 3235 atque

173 3239 316 3320 iniquum
334 3243 449 3304 contra
465 3238 607 3302 officium
623 3238 765 3321 pietatis,
787 3260 849 3320 quo
866 3240 965 3304 etiam
982 3240 1149 3322 operarius
1166 3261 1245 3322 erga
1261 3262 1338 3305 suos
1357 3245 1492 3308 tenetur.

263 3343 300 3409 R.
335 3347 365 3408 3.
421 3344 513 3408 Haec
546 3343 715 3408 excusatio
747 3344 854 3408 locum
886 3343 1007 3408 habere
1039 3351 1149 3428 potest
1180 3350 1329 3429 tempore
1361 3347 1494 3413 alicuius

175 3433 278 3508 crisis,
303 3433 431 3513 quando
455 3433 602 3497 dominus
625 3432 775 3497 officinae
799 3432 907 3516 potius
931 3454 989 3498 suo
1014 3434 1130 3499 damno
1154 3457 1250 3516 quam
1275 3436 1365 3501 lucro
1390 3436 1496 3519 pergit

174 3521 207 3586 in
230 3522 391 3585 mercibus
415 3521 637 3598 conficiendis,
670 3527 768 3604 atque
799 3521 1019 3587 misericordia
1046 3524 1155 3606 potius
1178 3524 1211 3588 in
1235 3545 1398 3607 pauperes
1422 3546 1494 3608 ope-

175 3610 279 3674 rarios
306 3615 457 3675 movetur
480 3612 520 3674 ad
545 3611 781 3677 continuandos
805 3611 948 3685 labores,
980 3633 1076 3693 quarn
1108 3613 1250 3678 utilitate
1281 3613 1381 3691 lucri,
1414 3615 1495 3696 quod

175 3699 317 3764 fortasse
347 3699 442 3781 plene
472 3700 586 3764 aberit.
636 3700 697 3764 Sed
726 3721 798 3764 cum
828 3700 860 3764 in
891 3703 1003 3764 nostro
1034 3722 1112 3765 casu
1136 3723 1290 3783 expresse
1314 3707 1437 3784 agatur
1459 3704 1496 3768 de

176 3787 333 3868 augendis
357 3787 461 3869 magis
486 3788 654 3869 magisque
678 3788 816 3866 divitiis,
847 3809 958 3853 sumus
986 3791 1082 3872 plane
1105 3790 1138 3854 in
1162 3811 1202 3855 ea
1225 3791 1432 3867 condicione,
1462 3797 1497 3857 ut

176 3885 247 3940 arete
272 3899 325 3941 eos
348 3877 490 3959 spectari
515 3878 631 3943 debeat
655 3899 795 3955 merces,
821 3898 917 3959 quam
942 3883 1063 3943 vocant
1087 3878 1290 3956 familialem‚
1320 3882 1496 3946 secundum

176 3965 427 4047 explicationem
454 3988 552 4048 supra
576 3967 697 4032 datam.

115 4095 168 4149 902
265 4082 317 4144 An
348 4100 537 4155 qunnsrrun
570 4085 608 4142 3¹¹¹
640 4081 676 4144 R.
706 4085 732 4145 l.
779 4080 842 4144 Pro
876 4082 986 4144 futuro
1017 4081 1108 4145 Sulla
1141 4081 1269 4146 omnino
1302 4082 1336 4146 id
1370 4084 1497 4149 efficere

176 4170 282 4244 debet,
309 4172 343 4233 ut
360 4189 485 4233 merces
501 4168 628 4233 infimos
644 4170 761 4235 saltem
786 4168 905 4233 limites
928 4169 1072 4234 iustitiae
1092 4170 1246 4252 attingat,
1272 4171 1403 4237 etiamsi
1428 4174 1496 4237 red-

176 4260 241 4324 itus
265 4258 364 4323 annui
390 4279 448 4322 seu
477 4257 707 4332 ,dividendae“
736 4257 961 4322 diminuendae
984 4263 1070 4326 sunt.

265 4356 303 4420 R.
330 4358 359 4420 2.
407 4355 518 4430 Quoad
543 4355 723 4437 praeterita
740 4355 830 4419 Sulla
853 4355 982 4435 quidem
1006 4356 1198 4421 iniustitiam
1223 4356 1311 4434 fecit,
1337 4359 1496 4442 principa-

176 4444 252 4508 liter
282 4449 392 4508 tamen
423 4444 456 4508 in
480 4444 628 4507 favorem
653 4444 799 4508 aliorum.
847 4443 953 4519 Quare
977 4445 1004 4509 si
1035 4446 1132 4509 iidem
1156 4445 1344 4511 etiamnunc
1367 4453 1497 4513 manent

177 4533 365 4609 actionarii,
397 4533 450 4613 qui
480 4534 605 4597 lucrum
634 4533 794 4597 obiective
824 4533 977 4598 iniustum
1009 4540 1222 4617 acceperunt,
1255 4535 1366 4601 licebit
1391 4537 1497 4602 Sullae

179 4642 251 4684 cum
276 4621 442 4702 dispendio
477 4622 757 4698 ,dividendarum‘
793 4622 969 4686 actualium
1001 4624 1158 4704 operariis
1189 4624 1342 4689 damnum
1373 4626 1496 4693 illatum
