3106 5168
180 276 245 340 388
318 272 358 326 De
376 271 525 325 virtutibus
544 273 572 324 et
590 269 687 324 officiis
706 284 771 337 erga
789 267 919 322 homines.
940 298 974 306 -
993 267 1045 323 ou.
1065 269 1137 323 eirca
1155 269 1225 324 bona
1243 273 1366 324 externa.

775 461 911 528 Salutio.

118 620 170 673 769
271 608 323 674 An
347 628 538 684 quansrruu
564 609 600 671 1¹²
631 606 669 673 R.
697 609 725 671 1.
772 605 1014 672 Attendendum
1043 609 1094 671 est
1124 606 1282 690 imprimis
1311 606 1504 692 principium

180 699 222 764 ab
246 697 394 762 omnibus
417 700 589 772 statutum,
614 716 678 760 non
702 694 800 759 licere
816 695 1009 760 contrahere
1026 694 1136 762 debita
1152 717 1225 760 cum
1247 697 1399 780 proximo
1420 697 1506 782 peri·

181 787 253 853 culo
277 807 341 851 non
365 783 505 850 habendi
528 784 613 849 unde
637 785 824 861 solvantur,
858 804 962 866 neque
986 783 1084 848 licere
1108 805 1160 848 res
1185 785 1309 850 alienas
1333 788 1429 868 gravi
1454 787 1505 851 vel

180 874 328 960 proximo
358 875 502 958 periculo
533 873 681 957 capiendi
714 872 900 939 detrimenti
934 894 1111 956 exponere;
1142 873 1190 941 ita
1223 875 1307 939 enim
1332 896 1434 958 agere
1466 876 1506 940 ab

180 964 328 1029 omnibus
359 984 418 1046 pro
447 962 608 1028 iniustitia
638 962 787 1028 habetur.
834 961 925 1027 Haec
955 965 1143 1028 tractantur
1172 963 1239 1029 late
1269 964 1356 1048 apud
1382 965 1505 1047 Lugo,

182 1055 229 1119 De
252 1057 326 1119 tuat.
351 1056 467 1119 otior.
492 1052 573 1135 disp.
599 1053 651 1129 20,
677 1055 756 1118 sect.
782 1053 811 1115 6.

269 1158 307 1224 R.
334 1160 363 1222 2.
412 1156 568 1224 Similiter
590 1155 766 1222 tenendum
790 1159 856 1233 est,
890 1156 975 1238 quod
999 1157 1110 1238 Lugo
1133 1157 1153 1224 l.
1180 1179 1207 1225 c.
1233 1180 1263 1223 n.
1291 1160 1353 1224 116
1385 1159 1505 1226 tradit:

184 1247 388 1326 ,Communis
412 1250 447 1312 et
470 1246 578 1310 verior
601 1244 767 1310 sententia
789 1244 881 1328 ponit
904 1244 1136 1327 obligationem
1159 1246 1353 1313 restituendi
1377 1247 1412 1312 in
1435 1248 1506 1314 foro

181 1335 416 1412 conscientiae,
448 1335 593 1417 quoties,
625 1334 678 1415 qui
703 1354 772 1398 rem
796 1333 915 1417 accipit
939 1332 1016 1414 (vid.
1042 1355 1062 1399 a
1086 1334 1231 1401 debitore
1258 1336 1441 1420 impotente
1465 1337 1505 1403 ad

180 1424 387 1507 solvendum)
410 1423 480 1488 sive
504 1423 599 1490 titulo
623 1422 785 1488 lucrativo
808 1422 878 1487 sive
902 1444 1056 1501 oneroso,
1086 1425 1234 1490 conscius
1257 1425 1320 1490 fuit
1343 1425 1505 1510 impoten-

181 1515 247 1581 tiae
264 1513 420 1578 debitoris
448 1513 489 1577 ad
513 1512 705 1577 solvendum
728 1511 794 1576 suis
814 1511 1038 1589 creditoribus
1063 1512 1133 1577 sive
1156 1514 1198 1579 ad
1221 1514 1254 1578 id
1277 1514 1413 1581 inducat
1436 1515 1505 1580 sive

182 1625 245 1668 non
270 1602 412 1678 inducat,
438 1602 493 1666 sed
518 1601 623 1666 solum
647 1603 798 1684 acceptet
821 1622 889 1665 rem
913 1601 1019 1682 gratis
1035 1602 1087 1666 vel
1112 1623 1185 1667 cum
1206 1624 1303 1668 onere
1327 1603 1501 1670 oblatam.fl

270 1691 362 1769 Quod
385 1690 490 1772 magis
514 1691 696 1773 explicatur
712 1711 754 1754 ex
770 1690 824 1767 iis,
844 1711 928 1772 quae
952 1712 982 1756 n.
998 1693 1061 1755 113
1078 1690 1219 1768 dixerat,
1243 1691 1398 1758 videlicet
1422 1714 1503 1770 eum,

181 1779 236 1863 qui
260 1781 347 1846 mala
369 1781 432 1845 fide
456 1779 620 1863 acceperit
644 1802 663 1844 a
687 1779 833 1844 debitore
856 1780 1045 1862 impotente,
1070 1781 1174 1845 teneri
1199 1780 1241 1846 ad
1263 1781 1504 1848 restitutionem

182 1868 396 1935 creditoribus
428 1868 630 1943 faciendam3
664 1868 780 1949 quibus
812 1867 921 1933 addit:
959 1889 1052 1946 ,nam
1086 1870 1140 1951 qui
1173 1870 1258 1935 bona
1290 1870 1354 1935 fide
1388 1871 1504 1955 accipit

181 1959 337 2041 ignorans
353 1958 506 2023 damnum
523 1958 728 2033 creditorum,
753 1978 817 2021 non
833 1961 949 2040 peccat
977 1961 1092 2023 contra
1114 1958 1273 2024 iustitiam
1297 1980 1358 2024 nec
1375 1964 1505 2027 tenetur

181 2049 223 2113 ad
247 2046 497 2124 restitutionem,
522 2047 584 2111 nisi
608 2067 676 2110 rem
694 2045 833 2111 alienam
851 2046 903 2109 vel
926 2046 1181 2130 hypothecatam
1205 2050 1382 2132 acceperit,
1406 2050 1460 2115 vel
1479 2050 1504 2114 si

181 2137 277 2203 titulo
309 2137 469 2202 lucrativo
500 2136 643 2219 accepit,
675 2156 737 2217 quo
769 2156 845 2200 casu
876 2138 1007 2200 tenetur
1031 2135 1072 2200 ad
1096 2136 1144 2214 id,
1176 2136 1209 2201 in
1233 2159 1296 2219 quo
1322 2138 1432 2204 fact-us
1457 2144 1504 2204 est

182 2226 406 2309 locupletior“,
431 2225 584 2290 videlicet
608 2224 760 2306 quamdiu
784 2246 849 2288 nou
872 2223 1130 2307 praescripserit.

120 2341 172 2396 770
270 2331 309 2397 R.
335 2334 365 2396 3.
412 2329 490 2394 Inde
512 2329 626 2394 deduci
650 2329 746 2393 debet
769 2329 936 2410 negotium
960 2329 1091 2411 aliquod
1114 2330 1233 2414 suscipi
1257 2353 1322 2396 non
1345 2333 1456 2410 licere,
1479 2333 1503 2397 si

181 2420 311 2502 quando
335 2440 437 2500 grave
461 2418 639 2501 periculum
663 2421 723 2495 est,
748 2439 788 2482 ne
808 2419 961 2482 damnum
984 2419 1142 2485 oriturum
1167 2420 1305 2486 excedat
1330 2422 1503 2487 facultates

182 2508 416 2591 negotiatoris;
448 2528 553 2589 neque
584 2507 643 2573 tali
673 2506 816 2590 periculo
846 2510 938 2591 praui
967 2507 1049 2572 obici
1080 2529 1176 2591 posse
1205 2509 1362 2592 pecunias
1395 2517 1503 2576 mutuo

182 2602 345 2680 acceptas,
370 2596 433 2660 nisi
456 2596 542 2661 forte
566 2596 842 2663 consentientibus
866 2596 1115 2663 mutuatoribus.

272 2685 439 2750 Communi
469 2689 579 2749 tamen
609 2706 667 2749 seu
697 2685 860 2749 ordinario
890 2686 1034 2768 periculo
1062 2685 1148 2767 quod
1178 2707 1251 2751 cum
1282 2688 1502 2769 negotiatione

182 2776 235 2840 vel
259 2775 429 2850 industria,
454 2795 538 2855 quae
561 2795 652 2855 spem
676 2773 883 2848 lucrifaciat,
910 2775 1061 2856 coniungi
1084 2776 1177 2852 solet,
1204 2775 1301 2840 etiam
1323 2781 1502 2843 mutuatam

181 2865 353 2947 pecuniam
377 2864 505 2927 obicere
528 2862 646 2937 licebit,
671 2862 768 2943 idque
785 2884 822 2926 eo
845 2863 959 2943 magis,
985 2884 1048 2945 quo
1072 2865 1211 2928 maiores
1236 2887 1355 2930 usurae
1380 2888 1502 2931 annuae

182 2954 364 3019 solvuntur.
411 2952 498 3017 Nam
529 2952 588 3016 hoc
619 2951 723 3034 ipsum
754 2952 893 3032 aliquale
924 2952 1023 3016 sortis
1047 2953 1225 3036 periculum
1249 2976 1320 3017 cum
1347 2955 1502 3022 facultate

181 3044 262 3107 lucri
287 3042 427 3108 faciendi
451 3063 493 3105 ex
516 3041 660 3124 pecuniis
683 3041 946 3123 inseparabiliter
961 3041 1168 3123 coniungitur
1184 3048 1282 3124 atque
1307 3043 1356 3108 ita
1379 3067 1445 3109 una
1465 3066 1501 3108 en

182 3131 359 3214 potissimis
383 3130 563 3197 rationibus
588 3134 648 3206 est,
673 3152 731 3194 cur
747 3152 789 3194 ex
813 3130 956 3212 pecuniis
979 3130 1049 3195 sine
1072 3131 1204 3214 proprio
1227 3132 1340 3197 labore
1364 3154 1501 3198 annuum

181 3222 306 3286 luorum
331 3221 498 3304 percipere
522 3220 629 3284 liceat.

272 3327 309 3391 R.
328 3330 358 3391 4.
398 3326 450 3389 Ex
467 3325 562 3390 dictis
586 3327 679 3407 patet
703 3323 920 3389 Gaudentium
945 3325 1062 3390 iniuste
1090 3327 1205 3406 egisse,
1230 3348 1302 3391 cum
1327 3327 1500 3410 periculum

183 3437 224 3477 ex
248 3415 470 3496 negotiatione
504 3414 673 3478 oriundum
707 3413 883 3477 advertens
910 3414 1018 3478 debita
1043 3414 1170 3494 quidem
1197 3418 1418 3493 contraxerit,
1450 3416 1499 3481 sed

183 3506 376 3570 facultatem
400 3503 547 3568 solvendi
571 3524 629 3586 per
646 3501 853 3566 donationem
871 3502 963 3566 uxori
980 3504 1102 3568 factam
1123 3504 1183 3568 sibi
1208 3505 1352 3570 adimere
1370 3512 1501 3571 conatus

182 3593 235 3658 sit.
283 3592 392 3672 Atque
423 3593 552 3657 etiamsi
582 3591 758 3656 secundum
789 3592 880 3673 leges
911 3593 1018 3656 ourrria
1048 3592 1111 3659 rite
1140 3596 1322 3677 peregerit,
1355 3617 1395 3660 eo
1423 3595 1499 3678 quod

183 3681 316 3746 donatio
340 3682 396 3745 illa
421 3681 513 3744 uxori
537 3681 626 3745 facta
650 3682 901 3761 subsequentem
926 3681 1081 3745 bonorum
1099 3683 1277 3747 cessionem
1301 3689 1336 3749 et
1360 3683 1499 3749 solvendi

183 3771 408 3850 impotentiam
427 3772 619 3833 declaratam
645 3791 703 3852 per
719 3770 825 3851 legale
848 3775 976 3852 tempus
993 3772 1218 3853 praecesserit,
1243 3773 1451 3839 nihilominus
1472 3773 1499 3835 iu

183 3859 383 3923 conscicntia
406 3880 480 3921 reus
504 3864 554 3923 est
579 3860 769 3923 commissae
793 3858 980 3923 iniustitiae.

123 3995 172 4047 771
273 3983 324 4044 An
349 4002 538 4056 Qi'aszrron
564 3985 602 4044 2¹¹¹
633 3982 671 4046 R.
699 3987 726 4046 l.
774 3982 810 4044 In
839 3981 970 4044 secundi
996 3981 1140 4057 Quaesiti
1171 3983 1395 4065 suppositione
1421 3987 1498 4050 Gau·

186 4071 315 4135 dontius
332 4092 373 4133 cx
390 4071 457 4133 suis
475 4071 565 4133 bonis
586 4092 760 4151 nuruquam
785 4071 922 4153 amplius
940 4070 1016 4152 quid
1040 4071 1213 4137 committit
1235 4074 1381 4155 periculo
1400 4071 1497 4139 damni

183 4161 244 4224 nisi
263 4164 385 4224 certam
404 4160 545 4239 aliquam
562 4160 717 4242 pecuniae
734 4182 903 4230 summam,
929 4182 1010 4232 cum,
1037 4181 1119 4241 quae
1136 4162 1226 4225 lucra
1243 4163 1331 4226 ultra
1348 4164 1497 4245 acquirat.

184 4272 221 4314 eo
246 4250 315 4331 ipso
340 4248 551 4329 acquirantur
576 4249 679 4313 uxori.
728 4248 817 4323 Quod
848 4271 906 4331 per
930 4271 964 4312 se
996 4250 1173 4314 iniustitiae
1198 4252 1346 4316 accusari
1378 4252 1496 4334 nequit:

184 4339 325 4419 alioquin
350 4339 514 4418 quaelibet
538 4339 730 4412 societates,
763 4358 845 4417 quae
870 4343 1030 4403 vocantur
1053 4340 1229 4405 societates
1258 4344 1417 4406 actionum
1449 4359 1496 4405 seu

183 4450 375 4510 anonymae,
401 4427 580 4491 iniustitiae
605 4426 824 4490 essentialiter
847 4448 923 4491 reae
948 4432 1067 4493 essent.

273 4536 310 4598 ll.
338 4537 366 4597 2.
409 4533 565 4597 Attamen
591 4538 626 4597 ut
651 4533 681 4595 in
707 4533 765 4597 tali
791 4533 905 4613 agendi
931 4534 1026 4597 modo
1052 4534 1253 4599 Gaudentius
1278 4536 1341 4600 ritc
1366 4543 1398 4602 et
1424 4539 1496 4600 iuste

184 4624 355 4703 procedat:
385 4622 415 4699 1)
440 4622 521 4685 hanc
540 4623 694 4685 bonorum
712 4643 842 4685 suorum
860 4623 1102 4703 dispositionem
1125 4624 1174 4699 iis,
1199 4624 1390 4705 quibuscum
1407 4645 1496 4706 nego·
