3106 5168
463 254 641 308 Peccatornm
660 252 807 309 distinctio.
825 281 862 291 -
879 252 911 306 P.
930 252 1044 306 interna.
1377 254 1417 318 71

184 429 270 495 Hinc
292 428 363 495 fieri
387 430 517 496 omnino
540 433 659 514 potest,
683 430 777 496 utin
800 450 865 496 una
884 429 1063 510 eademque
1086 409 1216 494 actione
1239 427 1421 512 complures

89 518 301 602 reperiantur
323 518 470 585 malitiue
494 519 672 586 distinctim
702 519 737 585 in
761 518 966 585 confessione
989 517 1219 602 explicandae,
1251 516 1328 600 quia
1350 521 1422 584 tum

88 628 144 673 res
167 605 241 691 ipsa
265 611 381 673 contra
404 608 552 674 diversas
574 608 667 691 leges
691 608 904 690 diversasque
927 607 1069 673 virtutes
1092 608 1203 690 potest
1229 604 1420 690 impingere,

89 701 162 763 turn
190 696 457 764 circumstantiae
487 718 662 782 personae,
693 696 773 774 loci,
804 696 963 780 temporis
993 700 1055 762 etc.
1086 715 1205 761 novum
1236 696 1421 780 specificam

91 785 254 852 malitiam
277 805 387 851 secum
410 785 543 852 trahere
565 790 712 871 possunt.

183 898 236 963 An
259 917 451 974 cusnsrruu
475 902 514 962 2¹¹²
537 899 576 965 R.
603 902 631 966 1.
679 901 870 965 Dunstanus
900 898 1031 964 minime
1061 897 1225 965 satisfecit
1254 897 1320 981 legi
1344 918 1420 963 con·
1432 907 1480 962 141

89 986 367 1141 fitendindiiogm
399 1008 457 1052 seu
490 993 627 1072 peccata
659 987 832 1054 commisse
870 986 1046 1054 accusandi
1084 986 1263 1053 secundum
1295 986 1421 1071 species

91 1098 171 1143 suas
285 1097 332 1143 as.

182 1173 220 1238 In
240 1177 439 1258 primocasu
463 1174 617 1241 omittens
641 1173 794 1240 ieiunium
811 1174 862 1240 die
887 1174 1017 1241 sabbati
1040 1174 1136 1257 plura
1160 1172 1323 1239 commisit
1345 1194 1422 1257 pec·

94 1266 174 1329 cat-s
190 1261 319 1328 omnino
336 1262 501 1330 distincta
542 1264 682 1329 Diversa
697 1264 782 1329 enim
808 1267 859 1329 est
881 1264 938 1329 lex
953 1262 1187 1340 ecclesiastica,
1212 1262 1343 1328 diversa
1366 1262 1422 1327 lex

92 1350 301 1430 confessarii,
333 1351 464 1418 diversa
487 1352 542 1417 lex
565 1353 651 1429 voti3
683 1353 827 1418 violatur
850 1353 935 1419 enirn
965 1357 1100 1437 propter
1122 1352 1228 1433 legem
1253 1351 1422 1417 Ecclesiae

92 1440 202 1506 virtus
231 1441 489 1524 temperantiae,
526 1445 661 1526 propter
690 1442 798 1525 legem
828 1442 1019 1508 confessarii
1049 1441 1155 1507 virtus
1186 1439 1420 1524 paenitentiae,

91 1533 230 1614 propter
253 1529 323 1596 voti
345 1530 452 1612 legem
476 1530 582 1597 virtus
609 1530 792 1613 religionis:
824 1531 898 1597 hinc
929 1552 994 1597 unc
1022 1530 1085 1597 hac
1115 1529 1226 1596 ieiunii
1249 1529 1422 1595 omissione

91 1619 160 1686 tria
181 1622 320 1783 ροοοὸῒα
342 1619 496 1685 mortalia
519 1619 777 1687 committuntur.
829 1621 885 1686 ib.
909 1643 950 1687 m.
974 1620 1000 1697 Ι,
1026 1623 1107 1698 240;
1135 1618 1327 1702 Aertnijs
1350 1618 1371 1686 l.
1392 1621 1420 1696 1,

93 1731 126 1777 n.
152 1710 228 1786 223,
283 1761 290 1775 .
317 1711 345 1773 l.

183 1813 222 1881 R.
248 1817 278 1881 2.
324 1814 362 1879 In
395 1818 494 1881 altero
527 1838 602 1881 casu
632 1814 745 1881 debuit
767 1816 959 1882 Dunstanus
990 1814 1120 1881 omnino
1152 1814 1273 1880 addere
1303 1813 1358 1896 agi
1382 1813 1423 1878 de

94 1902 216 1968 omisso
243 1903 369 1969 rosario
391 1924 452 1987 pro
474 1903 679 1987 paenitentia
702 1904 764 1970 sibi
786 1903 949 1971 iniuncto:
973 1904 1116 1986 alioquin
1140 1924 1235 1969 nemo
1259 1901 1424 1986 intellegit

93 1992 197 2058 fuisse
221 1991 429 2058 omissionem
452 1993 501 2058 rei
524 1995 584 2058 sub
607 1999 744 2078 peccato
769 1993 909 2060 debitae.

184 2098 223 2165 R.
249 2102 281 2166 3.
325 2099 362 2164 In
386 2102 476 2165 tertio
500 2122 574 2165 cocu
606 2104 676 2166 tum
700 2099 947 2167 circumstantia
970 2098 1051 2177 loci,
1082 2102 1153 2164 turn
1176 2096 1423 2163 circumstantia

94 2187 168 2252 finis
193 2186 323 2253 omnino
347 2187 440 2254 addit
462 2209 566 2254 novas
589 2189 733 2255 malitias
756 2209 877 2271 easque
907 2209 1024 2272 perse
1054 2187 1212 2253 mortales
1242 2187 1330 2254 ultra
1352 2207 1422 2252 ma·

95 2276 202 2343 litiam
224 2277 381 2362 simplicis
404 2277 493 2344 furti.
539 2277 655 2360 Neque
685 2278 789 2344 refert
811 2279 909 2343 finem
932 2276 1094 2343 intentum
1118 2297 1197 2343 casu
1219 2274 1421 2342 exsecutioni

96 2365 209 2431 dutum
239 2387 305 2431 non
335 2387 423 2439 esse;
455 2387 529 2432 nam
559 2366 592 2431 in
623 2367 694 2451 ipso
719 2366 807 2433 furto
837 2365 965 2433 malitis
987 2366 1061 2431 finis
1088 2365 1152 2431 iam
1178 2368 1348 2432 contrecta
1371 2368 1424 2430 est

96 2475 216 2521 ammo.

243 2646 488 2713 DISTINCTIO
513 2647 732 2714 SPECIFIGA
756 2648 804 2713 IN
827 2646 1032 2714 Puccsrls
1055 2646 1276 2713 INTERNIS.

660 2813 771 2881 (lasus.
800 2820 859 2888 (4ο)

186 2960 294 3020 Darius
315 2959 346 3018 in
368 2960 551 3020 conferentia
578 2962 765 3021 sacerdotum
787 2962 866 3021 circa
888 2962 1106 3022 distinctionem
1134 2962 1266 3022 malitiae
1288 2961 1423 3021 diversae

94 3039 125 3097 in
153 3039 287 3116 peccatis
314 3040 440 3099 internis
469 3042 677 3117 exprimendae
704 3043 752 3101 vel
776 3062 794 3100 a
816 3042 1000 3102 confessario
1028 3042 1258 3118 interrogandae
1285 3042 1327 3100 ite
1357 3060 1423 3100 con·

95 3120 207 3179 tendit:
235 3121 266 3179 in
287 3120 377 3180 meris
399 3120 628 3196 cogitationibus
650 3128 680 3181 et
702 3123 948 3182 delectationibus
970 3122 1081 3182 sufficit
1108 3142 1274 3199 supremam
1296 3121 1424 3197 speciem

95 3200 205 3260 obiecti
226 3201 402 3277 explicasse,
424 3202 562 3261 videlicet
583 3208 680 3262 utrum
702 3203 846 3274 luxuriae,
868 3223 907 3262 an
928 3203 1067 3274 invidiae,
1090 3223 1127 3261 an
1143 3203 1201 3262 odii
1219 3208 1275 3262 etc.
1296 3201 1422 3273 fueriut;

94 3281 210 3357 reliqua
231 3281 408 3357 superfluum
431 3301 498 3340 esse
519 3282 669 3357 indagare.
712 3283 819 3359 Lysias
844 3303 859 3342 e
881 3285 1030 3342 contrario
1052 3282 1205 3342 contendit
1226 3287 1257 3341 et
1277 3282 1423 3342 obiectum

95 3360 214 3420 infimae
235 3361 347 3438 speciei
368 3367 397 3421 et
419 3362 566 3438 quaslibet
587 3363 827 3422 circumstantias
847 3363 964 3441 inipso
987 3382 1089 3442 opere,
1118 3363 1144 3423 si
1164 3362 1262 3434 fieret,
1294 3361 1423 3439 speciem

94 3446 271 3513 mutatum,
294 3442 383 3500 etiarn
403 3441 434 3500 in
456 3442 538 3501 hisce
559 3443 684 3502 internis
704 3443 846 3520 peccetis,
868 3445 1004 3503 accusari
1026 3445 1140 3504 debere.

96 3556 275 3628 Qussmrua
295 3557 361 3632 quis
382 3556 559 3616 iudicaverit
578 3563 668 3616 recte.

694 3740 830 3807 Solutio.
921 3749 923 3752 ’

185 3892 239 3956 An
262 3911 454 3967 ousssmuu
478 3891 515 3958 R.
543 3893 571 3959 1.
619 3891 738 3957 Darius
768 3912 848 3956 sane
878 3890 987 3957 laxius
1010 3911 1079 3955 rem
1103 3889 1299 3959 considerat.
1346 3890 1425 3969 Quis
1436 3898 1485 3953 142

95 3979 182 4045 enim
206 3979 336 4061 estqui
365 4001 487 4063 negare
517 3980 621 4063 possit
651 3980 739 4046 aliud
770 4000 843 4046 csse
872 3979 1027 4062 gaudium
1057 4000 1185 4045 sumere
1208 3979 1249 4044 de
1277 3979 1424 4062 cogitata

95 4089 188 4134 mera
211 4069 442 4144 fornicatione,
474 4069 561 4135 aliud
585 4069 625 4134 de
655 4068 816 4148 sodomia,
847 4069 901 4134 vel
930 4068 1092 4134 immede
1120 4067 1331 4136 bestialitate.
1378 4070 1424 4135 Et

95 4178 292 4241 quamquam
325 4157 358 4222 in
392 4157 464 4222 aliis
496 4157 641 4241 peccatis
673 4157 743 4240 fere
777 4157 899 4224 sufficit
931 4157 1135 4240 expressisse
1166 4178 1270 4240 grave
1303 4157 1421 4234 odium,

94 4268 232 4330 gravem
262 4246 435 4324 invidiam,
466 4247 529 4312 nisi
559 4248 644 4313 forte
675 4246 819 4312 adfuerit
841 4247 994 4312 voluntas
1018 4251 1052 4312 et
1076 4245 1270 4312 desiderium
1300 4247 1423 4311 malum

94 4336 227 4418 aliquod
258 4337 440 4420 inferendi:
473 4336 506 4401 in
538 4336 678 4402 materia
710 4336 860 4401 luxurius
892 4340 1004 4402 tamen
1037 4357 1079 4401 ex
1111 4334 1282 4418 multiplici
1315 4335 1422 4417 capite

93 4425 221 4510 species
258 4425 389 4490 infimae
424 4429 592 4490 mutantur
626 4426 678 4490 vel
717 4429 890 4506 augentur.
949 4424 1100 4490 Ceterum
1134 4423 1233 4489 etiam
1268 4423 1301 4488 in
1336 4423 1420 4501 odio,

94 4516 124 4581 si
156 4535 237 4597 erga
267 4515 415 4598 proxime
448 4518 606 4596 cognatos
636 4519 803 4592 versatur,
837 4534 924 4580 nova
955 4513 1101 4579 malitiae
1133 4511 1258 4596 species
1290 4514 1421 4576 contra-

93 4604 192 4672 hitur.
