<?xml version="1.0" encoding="UTF-8"?>
<!DOCTYPE html PUBLIC "-//W3C//DTD XHTML 1.0 Transitional//EN"
    "http://www.w3.org/TR/xhtml1/DTD/xhtml1-transitional.dtd">
<html xmlns="http://www.w3.org/1999/xhtml" xml:lang="en" lang="en">
 <head>
  <title>
</title>
<meta http-equiv="Content-Type" content="text/html;charset=utf-8" />
  <meta name='ocr-system' content='tesseract 3.04.00' />
  <meta name='ocr-capabilities' content='ocr_page ocr_carea ocr_par ocr_line ocrx_word'/>
</head>
<body>
  <div class='ocr_page' id='page_1' title='image "./casusconscienti01lehmgoog_0085.png"; bbox 0 0 3106 5168; ppageno 0'>
   <div class='ocr_carea' id='block_1_1' title="bbox 532 274 1423 347">
    <p class='ocr_par' dir='ltr' id='par_1_1' title="bbox 532 274 1423 347">
     <span class='ocr_line' id='line_1_1' title="bbox 532 274 1423 347; baseline 0.003 -17"><span class='ocrx_word' id='word_1_1' title='bbox 532 275 650 330; x_wconf 85' lang='lat' dir='ltr'><strong>Peccata</strong></span> <span class='ocrx_word' id='word_1_2' title='bbox 668 274 794 330; x_wconf 84' lang='lat' dir='ltr'><strong>mortalia</strong></span> <span class='ocrx_word' id='word_1_3' title='bbox 814 278 843 331; x_wconf 91' lang='lat' dir='ltr'><strong>et</strong></span> <span class='ocrx_word' id='word_1_4' title='bbox 861 275 987 331; x_wconf 85' lang='lat' dir='ltr'><strong>venialia.</strong></span> <span class='ocrx_word' id='word_1_5' title='bbox 1381 281 1423 347; x_wconf 83' lang='lat'><strong>69</strong></span> 
     </span>
    </p>
   </div>
   <div class='ocr_carea' id='block_1_2' title="bbox 92 449 1486 891">
    <p class='ocr_par' dir='ltr' id='par_1_2' title="bbox 92 449 1486 891">
     <span class='ocr_line' id='line_1_2' title="bbox 187 449 1486 537; baseline -0.002 -23"><span class='ocrx_word' id='word_1_6' title='bbox 187 449 226 516; x_wconf 84' lang='lat' dir='ltr'><strong>R.</strong></span> <span class='ocrx_word' id='word_1_7' title='bbox 248 451 278 517; x_wconf 84' lang='lat'><strong>2.</strong></span> <span class='ocrx_word' id='word_1_8' title='bbox 318 450 470 517; x_wconf 80' lang='lat' dir='ltr'>Severius</span> <span class='ocrx_word' id='word_1_9' title='bbox 494 456 605 518; x_wconf 90' lang='lat' dir='ltr'><strong>autem</strong></span> <span class='ocrx_word' id='word_1_10' title='bbox 629 452 787 536; x_wconf 83' lang='lat' dir='ltr'><strong>Didymus</strong></span> <span class='ocrx_word' id='word_1_11' title='bbox 810 451 968 518; x_wconf 90' lang='lat' dir='ltr'><strong>iudicavit</strong></span> <span class='ocrx_word' id='word_1_12' title='bbox 991 452 1031 518; x_wconf 91' lang='lat' dir='ltr'><strong>de</strong></span> <span class='ocrx_word' id='word_1_13' title='bbox 1052 452 1167 537; x_wconf 82' lang='lat' dir='ltr'>Carpo.</span> <span class='ocrx_word' id='word_1_14' title='bbox 1205 452 1293 518; x_wconf 89' lang='lat' dir='ltr'><strong>Nam</strong></span> <span class='ocrx_word' id='word_1_15' title='bbox 1317 452 1425 535; x_wconf 91' lang='lat' dir='ltr'><strong>quoad</strong></span> <span class='ocrx_word' id='word_1_16' title='bbox 1436 458 1486 513; x_wconf 75' lang='lat'><strong>137</strong></span> 
     </span>
     <span class='ocr_line' id='line_1_3' title="bbox 92 540 1424 625; baseline 0.003 -21"><span class='ocrx_word' id='word_1_17' title='bbox 92 541 238 624; x_wconf 67' lang='lat' dir='ltr'><strong>panum</strong></span> <span class='ocrx_word' id='word_1_18' title='bbox 268 560 397 619; x_wconf 88' lang='lat' dir='ltr'><strong>casum,</strong></span> <span class='ocrx_word' id='word_1_19' title='bbox 429 540 458 605; x_wconf 94' lang='lat' dir='ltr'><strong>si</strong></span> <span class='ocrx_word' id='word_1_20' title='bbox 488 540 572 606; x_wconf 91' lang='lat' dir='ltr'><strong>serio</strong></span> <span class='ocrx_word' id='word_1_21' title='bbox 603 561 639 606; x_wconf 89' lang='lat' dir='ltr'><strong>se</strong></span> <span class='ocrx_word' id='word_1_22' title='bbox 670 562 712 607; x_wconf 90' lang='lat' dir='ltr'><strong>ex</strong></span> <span class='ocrx_word' id='word_1_23' title='bbox 744 562 848 625; x_wconf 87' lang='lat' dir='ltr'><strong>prava</strong></span> <span class='ocrx_word' id='word_1_24' title='bbox 878 541 950 609; x_wconf 92' lang='lat' dir='ltr'><strong>vita</strong></span> <span class='ocrx_word' id='word_1_25' title='bbox 979 541 1159 619; x_wconf 89' lang='lat' dir='ltr'><strong>convertit,</strong></span> <span class='ocrx_word' id='word_1_26' title='bbox 1192 541 1264 607; x_wconf 88' lang='lat' dir='ltr'><strong>fieri</strong></span> <span class='ocrx_word' id='word_1_27' title='bbox 1293 541 1424 608; x_wconf 90' lang='lat' dir='ltr'><strong>omnino</strong></span> 
     </span>
     <span class='ocr_line' id='line_1_4' title="bbox 95 629 1425 713; baseline 0.004 -20"><span class='ocrx_word' id='word_1_28' title='bbox 95 631 219 712; x_wconf 88' lang='lat' dir='ltr'><strong>potest,</strong></span> <span class='ocrx_word' id='word_1_29' title='bbox 244 630 282 693; x_wconf 92' lang='lat' dir='ltr'><strong>ut</strong></span> <span class='ocrx_word' id='word_1_30' title='bbox 304 633 384 695; x_wconf 82' lang='lat' dir='ltr'><strong>sotis</strong></span> <span class='ocrx_word' id='word_1_31' title='bbox 400 631 456 695; x_wconf 80' lang='lat' dir='ltr'><strong>diu</strong></span> <span class='ocrx_word' id='word_1_32' title='bbox 479 629 650 696; x_wconf 87' lang='lat' dir='ltr'><strong>inhaereat</strong></span> <span class='ocrx_word' id='word_1_33' title='bbox 674 630 865 713; x_wconf 82' lang='lat' dir='ltr'><strong>cogitationi</strong></span> <span class='ocrx_word' id='word_1_34' title='bbox 888 634 923 697; x_wconf 92' lang='lat' dir='ltr'><strong>et</strong></span> <span class='ocrx_word' id='word_1_35' title='bbox 939 631 1149 698; x_wconf 80' lang='lat' dir='ltr'><strong>delectationi</strong></span> <span class='ocrx_word' id='word_1_36' title='bbox 1172 651 1304 713; x_wconf 88' lang='lat' dir='ltr'><strong>pravae,</strong></span> <span class='ocrx_word' id='word_1_37' title='bbox 1329 635 1425 698; x_wconf 90' lang='lat' dir='ltr'><strong>ante·</strong></span> 
     </span>
     <span class='ocr_line' id='line_1_5' title="bbox 96 718 1424 804; baseline 0.004 -21"><span class='ocrx_word' id='word_1_38' title='bbox 96 738 196 800; x_wconf 88' lang='lat' dir='ltr'><strong>quam</strong></span> <span class='ocrx_word' id='word_1_39' title='bbox 227 738 263 784; x_wconf 92' lang='lat' dir='ltr'><strong>re</strong></span> <span class='ocrx_word' id='word_1_40' title='bbox 287 739 368 783; x_wconf 92' lang='lat' dir='ltr'><strong>vera</strong></span> <span class='ocrx_word' id='word_1_41' title='bbox 396 719 494 801; x_wconf 89' lang='lat' dir='ltr'><strong>plena</strong></span> <span class='ocrx_word' id='word_1_42' title='bbox 516 719 661 786; x_wconf 87' lang='lat' dir='ltr'><strong>adfuerit</strong></span> <span class='ocrx_word' id='word_1_43' title='bbox 690 718 839 786; x_wconf 90' lang='lat' dir='ltr'><strong>mortalis</strong></span> <span class='ocrx_word' id='word_1_44' title='bbox 868 719 1014 786; x_wconf 81' lang='lat' dir='ltr'><strong>malitiae</strong></span> <span class='ocrx_word' id='word_1_45' title='bbox 1041 720 1266 787; x_wconf 77' lang='lat' dir='ltr'><strong>advertentis:</strong></span> <span class='ocrx_word' id='word_1_46' title='bbox 1297 720 1424 804; x_wconf 89' lang='lat' dir='ltr'><strong>dequo</strong></span> 
     </span>
     <span class='ocr_line' id='line_1_6' title="bbox 95 806 430 891; baseline 0.006 -20"><span class='ocrx_word' id='word_1_47' title='bbox 95 806 174 873; x_wconf 91' lang='lat' dir='ltr'><strong>vide</strong></span> <span class='ocrx_word' id='word_1_48' title='bbox 197 827 299 891; x_wconf 88' lang='lat' dir='ltr'><strong>supra</strong></span> <span class='ocrx_word' id='word_1_49' title='bbox 321 829 352 874; x_wconf 91' lang='lat' dir='ltr'><strong>n.</strong></span> <span class='ocrx_word' id='word_1_50' title='bbox 377 810 430 873; x_wconf 85' lang='lat'><strong>31.</strong></span> 
     </span>
    </p>
   </div>
   <div class='ocr_carea' id='block_1_3' title="bbox 94 903 1427 1533">
    <p class='ocr_par' dir='ltr' id='par_1_3' title="bbox 94 903 1426 1165">
     <span class='ocr_line' id='line_1_7' title="bbox 187 903 1425 992; baseline 0.002 -22"><span class='ocrx_word' id='word_1_51' title='bbox 187 903 301 982; x_wconf 86' lang='lat' dir='ltr'><strong>Quoad</strong></span> <span class='ocrx_word' id='word_1_52' title='bbox 325 907 497 972; x_wconf 82' lang='lat' dir='ltr'><strong>secundum</strong></span> <span class='ocrx_word' id='word_1_53' title='bbox 520 926 631 971; x_wconf 88' lang='lat' dir='ltr'><strong>casum</strong></span> <span class='ocrx_word' id='word_1_54' title='bbox 654 905 705 970; x_wconf 92' lang='lat' dir='ltr'><strong>dic</strong></span> <span class='ocrx_word' id='word_1_55' title='bbox 728 905 824 984; x_wconf 91' lang='lat' dir='ltr'><strong>idem,</strong></span> <span class='ocrx_word' id='word_1_56' title='bbox 848 906 1001 971; x_wconf 91' lang='lat' dir='ltr'><strong>nimirum</strong></span> <span class='ocrx_word' id='word_1_57' title='bbox 1024 927 1101 971; x_wconf 91' lang='lat' dir='ltr'><strong>num</strong></span> <span class='ocrx_word' id='word_1_58' title='bbox 1124 925 1242 972; x_wconf 88' lang='lat' dir='ltr'><strong>revera</strong></span> <span class='ocrx_word' id='word_1_59' title='bbox 1261 915 1333 992; x_wconf 84' lang='lat' dir='ltr'><strong>post</strong></span> <span class='ocrx_word' id='word_1_60' title='bbox 1354 907 1425 990; x_wconf 90' lang='lat' dir='ltr'><strong>ple-</strong></span> 
     </span>
     <span class='ocr_line' id='line_1_8' title="bbox 96 993 1426 1079; baseline 0.003 -21"><span class='ocrx_word' id='word_1_61' title='bbox 96 1013 174 1059; x_wconf 88' lang='lat' dir='ltr'><strong>nam</strong></span> <span class='ocrx_word' id='word_1_62' title='bbox 199 993 440 1060; x_wconf 82' lang='lat' dir='ltr'><strong>advertentiam</strong></span> <span class='ocrx_word' id='word_1_63' title='bbox 464 994 560 1077; x_wconf 84' lang='lat' dir='ltr'><strong>gravi</strong></span> <span class='ocrx_word' id='word_1_64' title='bbox 583 994 726 1061; x_wconf 90' lang='lat' dir='ltr'><strong>invidiae</strong></span> <span class='ocrx_word' id='word_1_65' title='bbox 753 995 807 1060; x_wconf 92' lang='lat' dir='ltr'><strong>vel</strong></span> <span class='ocrx_word' id='word_1_66' title='bbox 830 995 992 1061; x_wconf 89' lang='lat' dir='ltr'><strong>desiderio</strong></span> <span class='ocrx_word' id='word_1_67' title='bbox 1015 995 1093 1061; x_wconf 88' lang='lat' dir='ltr'><strong>mali</strong></span> <span class='ocrx_word' id='word_1_68' title='bbox 1115 994 1274 1079; x_wconf 82' lang='lat' dir='ltr'><strong>proximis</strong></span> <span class='ocrx_word' id='word_1_69' title='bbox 1299 995 1426 1062; x_wconf 88' lang='lat' dir='ltr'><strong>oriundi</strong></span> 
     </span>
     <span class='ocr_line' id='line_1_9' title="bbox 94 1081 593 1165; baseline 0.004 -18"><span class='ocrx_word' id='word_1_70' title='bbox 94 1081 287 1158; x_wconf 87' lang='lat' dir='ltr'><strong>inhaeserit,</strong></span> <span class='ocrx_word' id='word_1_71' title='bbox 311 1083 463 1165; x_wconf 82' lang='lat' dir='ltr'><strong>indagari</strong></span> <span class='ocrx_word' id='word_1_72' title='bbox 487 1084 593 1149; x_wconf 88' lang='lat' dir='ltr'><strong>debet.</strong></span> 
     </span>
    </p>

    <p class='ocr_par' dir='ltr' id='par_1_4' title="bbox 95 1179 1427 1533">
     <span class='ocr_line' id='line_1_10' title="bbox 188 1179 1424 1263; baseline 0.002 -18"><span class='ocrx_word' id='word_1_73' title='bbox 188 1179 345 1247; x_wconf 89' lang='lat' dir='ltr'><strong>Similiter</strong></span> <span class='ocrx_word' id='word_1_74' title='bbox 360 1181 468 1263; x_wconf 90' lang='lat' dir='ltr'><strong>quoad</strong></span> <span class='ocrx_word' id='word_1_75' title='bbox 491 1184 616 1247; x_wconf 81' lang='lat' dir='ltr'><strong>tertiam</strong></span> <span class='ocrx_word' id='word_1_76' title='bbox 642 1201 763 1260; x_wconf 87' lang='lat' dir='ltr'><strong>casum,</strong></span> <span class='ocrx_word' id='word_1_77' title='bbox 788 1180 815 1246; x_wconf 93' lang='lat' dir='ltr'><strong>si</strong></span> <span class='ocrx_word' id='word_1_78' title='bbox 839 1180 927 1246; x_wconf 92' lang='lat' dir='ltr'><strong>actio</strong></span> <span class='ocrx_word' id='word_1_79' title='bbox 950 1180 999 1246; x_wconf 91' lang='lat' dir='ltr'><strong>ita</strong></span> <span class='ocrx_word' id='word_1_80' title='bbox 1021 1180 1194 1248; x_wconf 89' lang='lat' dir='ltr'><strong>subitanea</strong></span> <span class='ocrx_word' id='word_1_81' title='bbox 1217 1184 1300 1260; x_wconf 90' lang='lat' dir='ltr'><strong>erat,</strong></span> <span class='ocrx_word' id='word_1_82' title='bbox 1324 1184 1361 1247; x_wconf 93' lang='lat' dir='ltr'><strong>ut</strong></span> <span class='ocrx_word' id='word_1_83' title='bbox 1384 1181 1424 1248; x_wconf 93' lang='lat' dir='ltr'><strong>de</strong></span> 
     </span>
     <span class='ocr_line' id='line_1_11' title="bbox 95 1269 1427 1353; baseline 0 -18"><span class='ocrx_word' id='word_1_84' title='bbox 95 1290 137 1335; x_wconf 92' lang='lat' dir='ltr'><strong>ea</strong></span> <span class='ocrx_word' id='word_1_85' title='bbox 160 1269 219 1334; x_wconf 89' lang='lat' dir='ltr'><strong>vix</strong></span> <span class='ocrx_word' id='word_1_86' title='bbox 242 1273 391 1353; x_wconf 86' lang='lat' dir='ltr'><strong>peracta,</strong></span> <span class='ocrx_word' id='word_1_87' title='bbox 415 1269 529 1336; x_wconf 87' lang='lat' dir='ltr'><strong>statim</strong></span> <span class='ocrx_word' id='word_1_88' title='bbox 553 1270 707 1348; x_wconf 90' lang='lat' dir='ltr'><strong>doluerit,</strong></span> <span class='ocrx_word' id='word_1_89' title='bbox 732 1274 823 1336; x_wconf 86' lang='lat' dir='ltr'><strong>certe</strong></span> <span class='ocrx_word' id='word_1_90' title='bbox 846 1290 911 1335; x_wconf 91' lang='lat' dir='ltr'><strong>non</strong></span> <span class='ocrx_word' id='word_1_91' title='bbox 937 1270 1178 1348; x_wconf 78' lang='lat' dir='ltr'><strong>commissurae,</strong></span> <span class='ocrx_word' id='word_1_92' title='bbox 1203 1271 1230 1336; x_wconf 93' lang='lat' dir='ltr'><strong>si</strong></span> <span class='ocrx_word' id='word_1_93' title='bbox 1253 1291 1323 1336; x_wconf 91' lang='lat' dir='ltr'><strong>rem</strong></span> <span class='ocrx_word' id='word_1_94' title='bbox 1347 1291 1427 1336; x_wconf 82' lang='lat' dir='ltr'><strong>con-</strong></span> 
     </span>
     <span class='ocr_line' id='line_1_12' title="bbox 95 1358 1425 1444; baseline 0.002 -21"><span class='ocrx_word' id='word_1_95' title='bbox 95 1358 293 1426; x_wconf 88' lang='lat' dir='ltr'><strong>siderasset:</strong></span> <span class='ocrx_word' id='word_1_96' title='bbox 331 1359 528 1425; x_wconf 91' lang='lat' dir='ltr'><strong>censendum</strong></span> <span class='ocrx_word' id='word_1_97' title='bbox 558 1363 610 1425; x_wconf 87' lang='lat' dir='ltr'><strong>est</strong></span> <span class='ocrx_word' id='word_1_98' title='bbox 644 1359 788 1426; x_wconf 85' lang='lat' dir='ltr'><strong>abfuisse</strong></span> <span class='ocrx_word' id='word_1_99' title='bbox 819 1359 951 1443; x_wconf 87' lang='lat' dir='ltr'><strong>plenam</strong></span> <span class='ocrx_word' id='word_1_100' title='bbox 986 1358 1228 1426; x_wconf 88' lang='lat' dir='ltr'><strong>advertentiam</strong></span> <span class='ocrx_word' id='word_1_101' title='bbox 1260 1380 1299 1426; x_wconf 88' lang='lat' dir='ltr'><strong>ac</strong></span> <span class='ocrx_word' id='word_1_102' title='bbox 1330 1359 1425 1444; x_wconf 93' lang='lat' dir='ltr'><strong>proin</strong></span> 
     </span>
     <span class='ocr_line' id='line_1_13' title="bbox 95 1447 621 1533; baseline 0.002 -19"><span class='ocrx_word' id='word_1_103' title='bbox 95 1469 203 1530; x_wconf 90' lang='lat' dir='ltr'><strong>grave</strong></span> <span class='ocrx_word' id='word_1_104' title='bbox 225 1452 398 1533; x_wconf 88' lang='lat' dir='ltr'><strong>peccatum</strong></span> <span class='ocrx_word' id='word_1_105' title='bbox 421 1469 487 1513; x_wconf 91' lang='lat' dir='ltr'><strong>non</strong></span> <span class='ocrx_word' id='word_1_106' title='bbox 509 1447 621 1515; x_wconf 85' lang='lat' dir='ltr'><strong>fuisse.</strong></span> 
     </span>
    </p>
   </div>
   <div class='ocr_carea' id='block_1_4' title="bbox 94 1543 1427 2236">
    <p class='ocr_par' dir='ltr' id='par_1_5' title="bbox 94 1543 1427 2236">
     <span class='ocr_line' id='line_1_14' title="bbox 187 1543 1425 1628; baseline 0.002 -18"><span class='ocrx_word' id='word_1_107' title='bbox 187 1543 301 1622; x_wconf 85' lang='lat' dir='ltr'><strong>Quoad</strong></span> <span class='ocrx_word' id='word_1_108' title='bbox 339 1550 522 1612; x_wconf 80' lang='lat' dir='ltr'><strong>iuramento</strong></span> <span class='ocrx_word' id='word_1_109' title='bbox 559 1550 649 1612; x_wconf 89' lang='lat' dir='ltr'><strong>certe</strong></span> <span class='ocrx_word' id='word_1_110' title='bbox 686 1545 781 1612; x_wconf 89' lang='lat' dir='ltr'><strong>adest</strong></span> <span class='ocrx_word' id='word_1_111' title='bbox 810 1544 924 1628; x_wconf 85' lang='lat' dir='ltr'><strong>gravis</strong></span> <span class='ocrx_word' id='word_1_112' title='bbox 954 1545 1110 1628; x_wconf 80' lang='lat' dir='ltr'><strong>obligatio</strong></span> <span class='ocrx_word' id='word_1_113' title='bbox 1141 1545 1355 1612; x_wconf 91' lang='lat' dir='ltr'><strong>adlaborandi</strong></span> <span class='ocrx_word' id='word_1_114' title='bbox 1382 1545 1425 1611; x_wconf 89' lang='lat' dir='ltr'><strong>ad</strong></span> 
     </span>
     <span class='ocr_line' id='line_1_15' title="bbox 94 1633 1425 1720; baseline 0.001 -21"><span class='ocrx_word' id='word_1_115' title='bbox 94 1634 194 1701; x_wconf 92' lang='lat' dir='ltr'><strong>huius</strong></span> <span class='ocrx_word' id='word_1_116' title='bbox 217 1635 460 1702; x_wconf 89' lang='lat' dir='ltr'><strong>consuetudinis</strong></span> <span class='ocrx_word' id='word_1_117' title='bbox 483 1633 764 1718; x_wconf 85' lang='lat' dir='ltr'><strong>exstirpationem,</strong></span> <span class='ocrx_word' id='word_1_118' title='bbox 789 1634 963 1719; x_wconf 89' lang='lat' dir='ltr'><strong>praecipue</strong></span> <span class='ocrx_word' id='word_1_119' title='bbox 986 1656 1059 1700; x_wconf 93' lang='lat' dir='ltr'><strong>cum</strong></span> <span class='ocrx_word' id='word_1_120' title='bbox 1075 1635 1200 1720; x_wconf 81' lang='lat' dir='ltr'><strong>Carpus</strong></span> <span class='ocrx_word' id='word_1_121' title='bbox 1223 1635 1256 1701; x_wconf 94' lang='lat' dir='ltr'><strong>in</strong></span> <span class='ocrx_word' id='word_1_122' title='bbox 1279 1634 1425 1719; x_wconf 89' lang='lat' dir='ltr'><strong>periculo</strong></span> 
     </span>
     <span class='ocr_line' id='line_1_16' title="bbox 95 1723 1425 1808; baseline 0.002 -20"><span class='ocrx_word' id='word_1_123' title='bbox 95 1725 141 1790; x_wconf 89' lang='lat' dir='ltr'><strong>sit</strong></span> <span class='ocrx_word' id='word_1_124' title='bbox 172 1723 346 1806; x_wconf 88' lang='lat' dir='ltr'><strong>aliquoties</strong></span> <span class='ocrx_word' id='word_1_125' title='bbox 376 1724 553 1808; x_wconf 87' lang='lat' dir='ltr'><strong>peierandi.</strong></span> <span class='ocrx_word' id='word_1_126' title='bbox 601 1723 721 1802; x_wconf 88' lang='lat' dir='ltr'><strong>Quodsi</strong></span> <span class='ocrx_word' id='word_1_127' title='bbox 752 1724 838 1789; x_wconf 89' lang='lat' dir='ltr'><strong>serio</strong></span> <span class='ocrx_word' id='word_1_128' title='bbox 868 1724 909 1789; x_wconf 86' lang='lat' dir='ltr'><strong>ad</strong></span> <span class='ocrx_word' id='word_1_129' title='bbox 933 1724 1126 1790; x_wconf 88' lang='lat' dir='ltr'><strong>vincendam</strong></span> <span class='ocrx_word' id='word_1_130' title='bbox 1157 1723 1425 1790; x_wconf 88' lang='lat' dir='ltr'><strong>consuetudinem</strong></span> 
     </span>
     <span class='ocr_line' id='line_1_17' title="bbox 95 1812 1425 1896; baseline 0.001 -18"><span class='ocrx_word' id='word_1_131' title='bbox 95 1813 314 1892; x_wconf 88' lang='lat' dir='ltr'><strong>laboraverit,</strong></span> <span class='ocrx_word' id='word_1_132' title='bbox 339 1816 439 1896; x_wconf 90' lang='lat' dir='ltr'><strong>atque</strong></span> <span class='ocrx_word' id='word_1_133' title='bbox 461 1813 495 1879; x_wconf 93' lang='lat' dir='ltr'><strong>in</strong></span> <span class='ocrx_word' id='word_1_134' title='bbox 519 1813 657 1896; x_wconf 84' lang='lat' dir='ltr'><strong>singulis</strong></span> <span class='ocrx_word' id='word_1_135' title='bbox 681 1812 820 1891; x_wconf 90' lang='lat' dir='ltr'><strong>casibus,</strong></span> <span class='ocrx_word' id='word_1_136' title='bbox 845 1813 975 1895; x_wconf 92' lang='lat' dir='ltr'><strong>quando</strong></span> <span class='ocrx_word' id='word_1_137' title='bbox 999 1817 1115 1879; x_wconf 87' lang='lat' dir='ltr'><strong>contra</strong></span> <span class='ocrx_word' id='word_1_138' title='bbox 1137 1814 1313 1880; x_wconf 91' lang='lat' dir='ltr'><strong>veritatem</strong></span> <span class='ocrx_word' id='word_1_139' title='bbox 1336 1813 1425 1879; x_wconf 91' lang='lat' dir='ltr'><strong>iura-</strong></span> 
     </span>
     <span class='ocr_line' id='line_1_18' title="bbox 95 1901 1426 1987; baseline 0.001 -19"><span class='ocrx_word' id='word_1_140' title='bbox 95 1905 245 1968; x_wconf 87' lang='lat' dir='ltr'><strong>mentum</strong></span> <span class='ocrx_word' id='word_1_141' title='bbox 267 1902 415 1987; x_wconf 90' lang='lat' dir='ltr'><strong>protulit,</strong></span> <span class='ocrx_word' id='word_1_142' title='bbox 437 1902 471 1967; x_wconf 93' lang='lat' dir='ltr'><strong>id</strong></span> <span class='ocrx_word' id='word_1_143' title='bbox 495 1901 584 1980; x_wconf 86' lang='lat' dir='ltr'><strong>iecit,</strong></span> <span class='ocrx_word' id='word_1_144' title='bbox 609 1905 786 1984; x_wconf 89' lang='lat' dir='ltr'><strong>antequam</strong></span> <span class='ocrx_word' id='word_1_145' title='bbox 809 1902 892 1969; x_wconf 89' lang='lat' dir='ltr'><strong>satis</strong></span> <span class='ocrx_word' id='word_1_146' title='bbox 915 1902 1114 1969; x_wconf 87' lang='lat' dir='ltr'><strong>adverterit:</strong></span> <span class='ocrx_word' id='word_1_147' title='bbox 1139 1903 1346 1968; x_wconf 88' lang='lat' dir='ltr'><strong>excusandus</strong></span> <span class='ocrx_word' id='word_1_148' title='bbox 1362 1902 1426 1969; x_wconf 90' lang='lat' dir='ltr'><strong>erit</strong></span> 
     </span>
     <span class='ocr_line' id='line_1_19' title="bbox 97 1990 1425 2076; baseline 0 -18"><span class='ocrx_word' id='word_1_149' title='bbox 97 2012 118 2058; x_wconf 89' lang='lat' dir='ltr'><strong>a</strong></span> <span class='ocrx_word' id='word_1_150' title='bbox 141 1995 279 2076; x_wconf 90' lang='lat' dir='ltr'><strong>peccato</strong></span> <span class='ocrx_word' id='word_1_151' title='bbox 309 1990 414 2074; x_wconf 83' lang='lat' dir='ltr'><strong>gravi.</strong></span> <span class='ocrx_word' id='word_1_152' title='bbox 461 1991 569 2058; x_wconf 90' lang='lat' dir='ltr'><strong>Aliter</strong></span> <span class='ocrx_word' id='word_1_153' title='bbox 593 1996 720 2069; x_wconf 89' lang='lat' dir='ltr'><strong>autem,</strong></span> <span class='ocrx_word' id='word_1_154' title='bbox 751 1991 779 2056; x_wconf 92' lang='lat' dir='ltr'><strong>si</strong></span> <span class='ocrx_word' id='word_1_155' title='bbox 802 1990 957 2057; x_wconf 89' lang='lat' dir='ltr'><strong>videlicet</strong></span> <span class='ocrx_word' id='word_1_156' title='bbox 980 1991 1224 2059; x_wconf 86' lang='lat' dir='ltr'><strong>consuetudinis</strong></span> <span class='ocrx_word' id='word_1_157' title='bbox 1247 1992 1425 2058; x_wconf 87' lang='lat' dir='ltr'><strong>vincendae</strong></span> 
     </span>
     <span class='ocr_line' id='line_1_20' title="bbox 96 2079 1427 2166; baseline 0.001 -19"><span class='ocrx_word' id='word_1_158' title='bbox 96 2085 253 2147; x_wconf 82' lang='lat' dir='ltr'><strong>conatum</strong></span> <span class='ocrx_word' id='word_1_159' title='bbox 276 2102 341 2146; x_wconf 89' lang='lat' dir='ltr'><strong>non</strong></span> <span class='ocrx_word' id='word_1_160' title='bbox 356 2080 445 2154; x_wconf 83' lang='lat' dir='ltr'><strong>feeit,</strong></span> <span class='ocrx_word' id='word_1_161' title='bbox 470 2082 523 2146; x_wconf 91' lang='lat' dir='ltr'><strong>vel</strong></span> <span class='ocrx_word' id='word_1_162' title='bbox 543 2081 572 2146; x_wconf 92' lang='lat' dir='ltr'><strong>si</strong></span> <span class='ocrx_word' id='word_1_163' title='bbox 595 2081 637 2146; x_wconf 87' lang='lat' dir='ltr'><strong>ad</strong></span> <span class='ocrx_word' id='word_1_164' title='bbox 655 2080 832 2165; x_wconf 89' lang='lat' dir='ltr'><strong>periurium</strong></span> <span class='ocrx_word' id='word_1_165' title='bbox 849 2079 932 2147; x_wconf 89' lang='lat' dir='ltr'><strong>satis</strong></span> <span class='ocrx_word' id='word_1_166' title='bbox 947 2080 1102 2160; x_wconf 90' lang='lat' dir='ltr'><strong>advertit,</strong></span> <span class='ocrx_word' id='word_1_167' title='bbox 1125 2080 1276 2147; x_wconf 89' lang='lat' dir='ltr'><strong>mortalis</strong></span> <span class='ocrx_word' id='word_1_168' title='bbox 1298 2080 1427 2166; x_wconf 87' lang='lat' dir='ltr'><strong>peccati</strong></span> 
     </span>
     <span class='ocr_line' id='line_1_21' title="bbox 96 2174 260 2236; baseline 0.006 -1"><span class='ocrx_word' id='word_1_169' title='bbox 96 2190 174 2236; x_wconf 89' lang='lat' dir='ltr'><strong>reus</strong></span> <span class='ocrx_word' id='word_1_170' title='bbox 200 2174 260 2236; x_wconf 87' lang='lat' dir='ltr'><strong>est.</strong></span> 
     </span>
    </p>
   </div>
   <div class='ocr_carea' id='block_1_5' title="bbox 96 2266 1426 2619">
    <p class='ocr_par' dir='ltr' id='par_1_6' title="bbox 96 2266 1426 2619">
     <span class='ocr_line' id='line_1_22' title="bbox 189 2266 1425 2354; baseline 0 -21"><span class='ocrx_word' id='word_1_171' title='bbox 189 2266 301 2344; x_wconf 87' lang='lat' dir='ltr'><strong>Quoad</strong></span> <span class='ocrx_word' id='word_1_172' title='bbox 318 2270 461 2354; x_wconf 83' lang='lat' dir='ltr'><strong>quintum</strong></span> <span class='ocrx_word' id='word_1_173' title='bbox 486 2289 608 2346; x_wconf 90' lang='lat' dir='ltr'><strong>casum,</strong></span> <span class='ocrx_word' id='word_1_174' title='bbox 632 2266 660 2332; x_wconf 92' lang='lat' dir='ltr'><strong>si</strong></span> <span class='ocrx_word' id='word_1_175' title='bbox 684 2271 822 2342; x_wconf 85' lang='lat' dir='ltr'><strong>resset,</strong></span> <span class='ocrx_word' id='word_1_176' title='bbox 846 2266 931 2333; x_wconf 90' lang='lat' dir='ltr'><strong>sicut</strong></span> <span class='ocrx_word' id='word_1_177' title='bbox 954 2272 1120 2345; x_wconf 87' lang='lat' dir='ltr'><strong>narratur,</strong></span> <span class='ocrx_word' id='word_1_178' title='bbox 1144 2289 1166 2333; x_wconf 94' lang='lat' dir='ltr'><strong>a</strong></span> <span class='ocrx_word' id='word_1_179' title='bbox 1187 2272 1325 2351; x_wconf 87' lang='lat' dir='ltr'><strong>peccato</strong></span> <span class='ocrx_word' id='word_1_180' title='bbox 1349 2287 1425 2352; x_wconf 92' lang='lat' dir='ltr'><strong>pro·</strong></span> 
     </span>
     <span class='ocr_line' id='line_1_23' title="bbox 96 2355 1426 2441; baseline 0.001 -20"><span class='ocrx_word' id='word_1_181' title='bbox 96 2356 169 2441; x_wconf 91' lang='lat' dir='ltr'><strong>prie</strong></span> <span class='ocrx_word' id='word_1_182' title='bbox 200 2357 288 2423; x_wconf 87' lang='lat' dir='ltr'><strong>dicto</strong></span> <span class='ocrx_word' id='word_1_183' title='bbox 311 2356 436 2440; x_wconf 76' lang='lat' dir='ltr'><strong>Carpus</strong></span> <span class='ocrx_word' id='word_1_184' title='bbox 467 2356 672 2423; x_wconf 89' lang='lat' dir='ltr'><strong>excusandus</strong></span> <span class='ocrx_word' id='word_1_185' title='bbox 703 2360 762 2422; x_wconf 89' lang='lat' dir='ltr'><strong>est.</strong></span> <span class='ocrx_word' id='word_1_186' title='bbox 810 2356 897 2421; x_wconf 90' lang='lat' dir='ltr'><strong>Nam</strong></span> <span class='ocrx_word' id='word_1_187' title='bbox 926 2377 991 2421; x_wconf 93' lang='lat' dir='ltr'><strong>non</strong></span> <span class='ocrx_word' id='word_1_188' title='bbox 1021 2355 1201 2436; x_wconf 88' lang='lat' dir='ltr'><strong>dubitavit,</strong></span> <span class='ocrx_word' id='word_1_189' title='bbox 1237 2355 1314 2438; x_wconf 92' lang='lat' dir='ltr'><strong>quin</strong></span> <span class='ocrx_word' id='word_1_190' title='bbox 1343 2356 1426 2422; x_wconf 91' lang='lat' dir='ltr'><strong>hora</strong></span> 
     </span>
     <span class='ocr_line' id='line_1_24' title="bbox 97 2445 1426 2529; baseline 0.002 -18"><span class='ocrx_word' id='word_1_191' title='bbox 97 2445 291 2512; x_wconf 85' lang='lat' dir='ltr'><strong>duodecima</strong></span> <span class='ocrx_word' id='word_1_192' title='bbox 314 2445 419 2512; x_wconf 88' lang='lat' dir='ltr'><strong>adhuc</strong></span> <span class='ocrx_word' id='word_1_193' title='bbox 435 2446 535 2513; x_wconf 88' lang='lat' dir='ltr'><strong>Sacro</strong></span> <span class='ocrx_word' id='word_1_194' title='bbox 558 2446 719 2512; x_wconf 90' lang='lat' dir='ltr'><strong>interesse</strong></span> <span class='ocrx_word' id='word_1_195' title='bbox 741 2450 870 2529; x_wconf 89' lang='lat' dir='ltr'><strong>posset;</strong></span> <span class='ocrx_word' id='word_1_196' title='bbox 894 2465 999 2528; x_wconf 89' lang='lat' dir='ltr'><strong>neque</strong></span> <span class='ocrx_word' id='word_1_197' title='bbox 1021 2445 1055 2512; x_wconf 93' lang='lat' dir='ltr'><strong>in</strong></span> <span class='ocrx_word' id='word_1_198' title='bbox 1078 2450 1221 2512; x_wconf 90' lang='lat' dir='ltr'><strong>mentem</strong></span> <span class='ocrx_word' id='word_1_199' title='bbox 1242 2445 1272 2510; x_wconf 91' lang='lat' dir='ltr'><strong>ei</strong></span> <span class='ocrx_word' id='word_1_200' title='bbox 1288 2449 1426 2513; x_wconf 89' lang='lat' dir='ltr'><strong>venerat</strong></span> 
     </span>
     <span class='ocr_line' id='line_1_25' title="bbox 96 2534 1299 2619; baseline 0.002 -19"><span class='ocrx_word' id='word_1_201' title='bbox 96 2556 134 2601; x_wconf 92' lang='lat' dir='ltr'><strong>se</strong></span> <span class='ocrx_word' id='word_1_202' title='bbox 158 2534 220 2600; x_wconf 91' lang='lat' dir='ltr'><strong>hac</strong></span> <span class='ocrx_word' id='word_1_203' title='bbox 245 2534 401 2601; x_wconf 90' lang='lat' dir='ltr'><strong>dilatione</strong></span> <span class='ocrx_word' id='word_1_204' title='bbox 423 2556 497 2600; x_wconf 91' lang='lat' dir='ltr'><strong>sese</strong></span> <span class='ocrx_word' id='word_1_205' title='bbox 520 2555 686 2619; x_wconf 88' lang='lat' dir='ltr'><strong>exponere</strong></span> <span class='ocrx_word' id='word_1_206' title='bbox 709 2534 854 2619; x_wconf 91' lang='lat' dir='ltr'><strong>periculo</strong></span> <span class='ocrx_word' id='word_1_207' title='bbox 878 2535 978 2601; x_wconf 87' lang='lat' dir='ltr'><strong>Sacro</strong></span> <span class='ocrx_word' id='word_1_208' title='bbox 1002 2535 1133 2600; x_wconf 89' lang='lat' dir='ltr'><strong>omnino</strong></span> <span class='ocrx_word' id='word_1_209' title='bbox 1156 2534 1299 2602; x_wconf 87' lang='lat' dir='ltr'><strong>carendi.</strong></span> 
     </span>
    </p>
   </div>
   <div class='ocr_carea' id='block_1_6' title="bbox 116 2774 1406 2845">
    <p class='ocr_par' dir='ltr' id='par_1_7' title="bbox 116 2774 1406 2845">
     <span class='ocr_line' id='line_1_26' title="bbox 116 2774 1406 2845; baseline 0.001 -3"><span class='ocrx_word' id='word_1_210' title='bbox 116 2775 352 2843; x_wconf 82' lang='lat' dir='ltr'><strong>PEGCATUM</strong></span> <span class='ocrx_word' id='word_1_211' title='bbox 374 2775 466 2842; x_wconf 85' lang='lat' dir='ltr'><strong>CUM</strong></span> <span class='ocrx_word' id='word_1_212' title='bbox 489 2775 809 2841; x_wconf 81' lang='lat' dir='ltr'><strong>ADVERTENTIA</strong></span> <span class='ocrx_word' id='word_1_213' title='bbox 832 2774 920 2841; x_wconf 83' lang='lat' dir='ltr'><strong>VEL</strong></span> <span class='ocrx_word' id='word_1_214' title='bbox 943 2775 1003 2841; x_wconf 82' lang='lat' dir='ltr'><strong>EX</strong></span> <span class='ocrx_word' id='word_1_215' title='bbox 1025 2774 1406 2845; x_wconf 81' lang='lat' dir='ltr'><strong>PRAEGIPITANTIA.</strong></span> 
     </span>
    </p>
   </div>
   <div class='ocr_carea' id='block_1_7' title="bbox 665 2940 861 3016">
    <p class='ocr_par' dir='ltr' id='par_1_8' title="bbox 665 2940 861 3016">
     <span class='ocr_line' id='line_1_27' title="bbox 665 2940 861 3016; baseline -0.031 -9"><span class='ocrx_word' id='word_1_216' title='bbox 665 2940 776 3007; x_wconf 77' lang='lat' dir='ltr'><strong>Casus.</strong></span> <span class='ocrx_word' id='word_1_217' title='bbox 803 2947 861 3016; x_wconf 83' lang='grc'>(38)</span> 
     </span>
    </p>
   </div>
   <div class='ocr_carea' id='block_1_8' title="bbox 97 3080 1426 3720">
    <p class='ocr_par' dir='ltr' id='par_1_9' title="bbox 97 3080 1426 3720">
     <span class='ocr_line' id='line_1_28' title="bbox 188 3080 1426 3159; baseline 0 -19"><span class='ocrx_word' id='word_1_218' title='bbox 188 3082 277 3140; x_wconf 88' lang='lat' dir='ltr'><strong>Anna</strong></span> <span class='ocrx_word' id='word_1_219' title='bbox 291 3082 494 3140; x_wconf 90' lang='lat' dir='ltr'><strong>vehementem</strong></span> <span class='ocrx_word' id='word_1_220' title='bbox 515 3081 656 3159; x_wconf 90' lang='lat' dir='ltr'><strong>pudorem</strong></span> <span class='ocrx_word' id='word_1_221' title='bbox 677 3081 770 3141; x_wconf 87' lang='lat' dir='ltr'><strong>sentit</strong></span> <span class='ocrx_word' id='word_1_222' title='bbox 789 3080 998 3140; x_wconf 83' lang='lat' dir='ltr'><strong>manifestandi</strong></span> <span class='ocrx_word' id='word_1_223' title='bbox 1020 3081 1138 3157; x_wconf 90' lang='lat' dir='ltr'><strong>aliquod</strong></span> <span class='ocrx_word' id='word_1_224' title='bbox 1159 3086 1322 3158; x_wconf 86' lang='lat' dir='ltr'><strong>peccatum.</strong></span> <span class='ocrx_word' id='word_1_225' title='bbox 1353 3080 1426 3141; x_wconf 88' lang='lat' dir='ltr'><strong>Post</strong></span> 
     </span>
     <span class='ocr_line' id='line_1_29' title="bbox 97 3161 1425 3237; baseline -0.001 -16"><span class='ocrx_word' id='word_1_226' title='bbox 97 3162 318 3222; x_wconf 86' lang='lat' dir='ltr'><strong>confessionem</strong></span> <span class='ocrx_word' id='word_1_227' title='bbox 333 3162 382 3221; x_wconf 91' lang='lat' dir='ltr'><strong>diu</strong></span> <span class='ocrx_word' id='word_1_228' title='bbox 396 3161 518 3221; x_wconf 88' lang='lat' dir='ltr'><strong>dilatam</strong></span> <span class='ocrx_word' id='word_1_229' title='bbox 535 3163 649 3221; x_wconf 89' lang='lat' dir='ltr'><strong>demum</strong></span> <span class='ocrx_word' id='word_1_230' title='bbox 670 3161 778 3221; x_wconf 87' lang='lat' dir='ltr'><strong>statuit</strong></span> <span class='ocrx_word' id='word_1_231' title='bbox 798 3166 887 3220; x_wconf 87' lang='lat' dir='ltr'><strong>nacta</strong></span> <span class='ocrx_word' id='word_1_232' title='bbox 909 3161 1130 3237; x_wconf 88' lang='lat' dir='ltr'><strong>opportunitate</strong></span> <span class='ocrx_word' id='word_1_233' title='bbox 1151 3161 1228 3237; x_wconf 88' lang='lat' dir='ltr'><strong>apud</strong></span> <span class='ocrx_word' id='word_1_234' title='bbox 1250 3165 1425 3220; x_wconf 86' lang='lat' dir='ltr'><strong>extraneum</strong></span> 
     </span>
     <span class='ocr_line' id='line_1_30' title="bbox 98 3240 1425 3319; baseline -0.002 -17"><span class='ocrx_word' id='word_1_235' title='bbox 98 3242 316 3303; x_wconf 85' lang='lat' dir='ltr'><strong>confessarium</strong></span> <span class='ocrx_word' id='word_1_236' title='bbox 336 3247 430 3302; x_wconf 88' lang='lat' dir='ltr'><strong>totam</strong></span> <span class='ocrx_word' id='word_1_237' title='bbox 450 3262 512 3301; x_wconf 92' lang='lat' dir='ltr'><strong>rem</strong></span> <span class='ocrx_word' id='word_1_238' title='bbox 534 3261 691 3319; x_wconf 86' lang='lat' dir='ltr'><strong>exponere.</strong></span> <span class='ocrx_word' id='word_1_239' title='bbox 722 3241 758 3300; x_wconf 92' lang='lat' dir='ltr'><strong>In</strong></span> <span class='ocrx_word' id='word_1_240' title='bbox 777 3242 845 3318; x_wconf 88' lang='lat' dir='ltr'><strong>ipsa</strong></span> <span class='ocrx_word' id='word_1_241' title='bbox 859 3240 1046 3301; x_wconf 83' lang='lat' dir='ltr'><strong>confessione</strong></span> <span class='ocrx_word' id='word_1_242' title='bbox 1067 3241 1188 3316; x_wconf 82' lang='lat' dir='ltr'><strong>gravius</strong></span> <span class='ocrx_word' id='word_1_243' title='bbox 1203 3240 1293 3299; x_wconf 88' lang='lat' dir='ltr'><strong>etiam</strong></span> <span class='ocrx_word' id='word_1_244' title='bbox 1313 3241 1425 3317; x_wconf 89' lang='lat' dir='ltr'><strong>pudore</strong></span> 
     </span>
     <span class='ocr_line' id='line_1_31' title="bbox 97 3320 1425 3398; baseline -0.001 -16"><span class='ocrx_word' id='word_1_245' title='bbox 97 3323 215 3398; x_wconf 83' lang='lat' dir='ltr'><strong>agitata</strong></span> <span class='ocrx_word' id='word_1_246' title='bbox 243 3328 400 3382; x_wconf 87' lang='lat' dir='ltr'><strong>cunctatur</strong></span> <span class='ocrx_word' id='word_1_247' title='bbox 427 3341 489 3381; x_wconf 89' lang='lat' dir='ltr'><strong>rem</strong></span> <span class='ocrx_word' id='word_1_248' title='bbox 510 3323 623 3395; x_wconf 88' lang='lat' dir='ltr'><strong>dicere;</strong></span> <span class='ocrx_word' id='word_1_249' title='bbox 650 3322 682 3380; x_wconf 90' lang='lat' dir='ltr'><strong>iu</strong></span> <span class='ocrx_word' id='word_1_250' title='bbox 709 3322 767 3380; x_wconf 88' lang='lat' dir='ltr'><strong>fine</strong></span> <span class='ocrx_word' id='word_1_251' title='bbox 794 3322 993 3397; x_wconf 83' lang='lat' dir='ltr'><strong>interrogata,</strong></span> <span class='ocrx_word' id='word_1_252' title='bbox 1022 3340 1091 3380; x_wconf 91' lang='lat' dir='ltr'><strong>uum</strong></span> <span class='ocrx_word' id='word_1_253' title='bbox 1113 3320 1181 3396; x_wconf 93' lang='lat' dir='ltr'><strong>quid</strong></span> <span class='ocrx_word' id='word_1_254' title='bbox 1202 3320 1281 3381; x_wconf 87' lang='lat' dir='ltr'><strong>aliud</strong></span> <span class='ocrx_word' id='word_1_255' title='bbox 1304 3321 1425 3395; x_wconf 84' lang='lat' dir='ltr'><strong>habeat,</strong></span> 
     </span>
     <span class='ocr_line' id='line_1_32' title="bbox 99 3399 1426 3480; baseline 0 -18"><span class='ocrx_word' id='word_1_256' title='bbox 99 3403 186 3462; x_wconf 87' lang='lat' dir='ltr'><strong>dicit:</strong></span> <span class='ocrx_word' id='word_1_257' title='bbox 212 3403 313 3476; x_wconf 69' lang='lat' dir='ltr'><strong>,nihit</strong></span> <span class='ocrx_word' id='word_1_258' title='bbox 333 3409 415 3480; x_wconf 89' lang='lat' dir='ltr'><strong>puto,</strong></span> <span class='ocrx_word' id='word_1_259' title='bbox 438 3402 605 3478; x_wconf 71' lang='lat' dir='ltr'><strong>singulare‘*</strong></span> <span class='ocrx_word' id='word_1_260' title='bbox 630 3406 737 3480; x_wconf 86' lang='lat' dir='ltr'><strong>optans</strong></span> <span class='ocrx_word' id='word_1_261' title='bbox 758 3402 836 3461; x_wconf 89' lang='lat' dir='ltr'><strong>intra</strong></span> <span class='ocrx_word' id='word_1_262' title='bbox 857 3421 900 3474; x_wconf 85' lang='lat' dir='ltr'><strong>se,</strong></span> <span class='ocrx_word' id='word_1_263' title='bbox 921 3406 955 3460; x_wconf 91' lang='lat' dir='ltr'><strong>ut</strong></span> <span class='ocrx_word' id='word_1_264' title='bbox 975 3401 1103 3460; x_wconf 89' lang='lat' dir='ltr'><strong>animum</strong></span> <span class='ocrx_word' id='word_1_265' title='bbox 1125 3399 1273 3478; x_wconf 87' lang='lat' dir='ltr'><strong>concipiat</strong></span> <span class='ocrx_word' id='word_1_266' title='bbox 1294 3403 1373 3462; x_wconf 88' lang='lat' dir='ltr'><strong>clare</strong></span> <span class='ocrx_word' id='word_1_267' title='bbox 1395 3406 1426 3462; x_wconf 91' lang='lat' dir='ltr'><strong>et</strong></span> 
     </span>
     <span class='ocr_line' id='line_1_33' title="bbox 99 3480 1425 3559; baseline -0.001 -16"><span class='ocrx_word' id='word_1_268' title='bbox 99 3483 218 3543; x_wconf 85' lang='lat' dir='ltr'><strong>sincere</strong></span> <span class='ocrx_word' id='word_1_269' title='bbox 245 3483 391 3559; x_wconf 89' lang='lat' dir='ltr'><strong>loquendi.</strong></span> <span class='ocrx_word' id='word_1_270' title='bbox 432 3483 505 3542; x_wconf 91' lang='lat' dir='ltr'><strong>Ilico</strong></span> <span class='ocrx_word' id='word_1_271' title='bbox 535 3483 736 3543; x_wconf 86' lang='lat' dir='ltr'><strong>confessarius</strong></span> <span class='ocrx_word' id='word_1_272' title='bbox 761 3484 878 3541; x_wconf 90' lang='lat' dir='ltr'><strong>Annam</strong></span> <span class='ocrx_word' id='word_1_273' title='bbox 906 3481 1026 3541; x_wconf 87' lang='lat' dir='ltr'><strong>anxiam</strong></span> <span class='ocrx_word' id='word_1_274' title='bbox 1051 3488 1082 3541; x_wconf 90' lang='lat' dir='ltr'><strong>et</strong></span> <span class='ocrx_word' id='word_1_275' title='bbox 1109 3480 1253 3556; x_wconf 86' lang='lat' dir='ltr'><strong>agitatam</strong></span> <span class='ocrx_word' id='word_1_276' title='bbox 1280 3482 1425 3554; x_wconf 88' lang='lat' dir='ltr'><strong>absolvit;</strong></span> 
     </span>
     <span class='ocr_line' id='line_1_34' title="bbox 98 3561 1425 3634; baseline -0.001 -11"><span class='ocrx_word' id='word_1_277' title='bbox 98 3564 153 3623; x_wconf 89' lang='lat' dir='ltr'><strong>sed</strong></span> <span class='ocrx_word' id='word_1_278' title='bbox 180 3563 233 3622; x_wconf 90' lang='lat' dir='ltr'><strong>vix</strong></span> <span class='ocrx_word' id='word_1_279' title='bbox 260 3563 454 3623; x_wconf 85' lang='lat' dir='ltr'><strong>absolutionis</strong></span> <span class='ocrx_word' id='word_1_280' title='bbox 479 3565 571 3623; x_wconf 89' lang='lat' dir='ltr'><strong>verba</strong></span> <span class='ocrx_word' id='word_1_281' title='bbox 598 3562 751 3633; x_wconf 88' lang='lat' dir='ltr'><strong>finiverat,</strong></span> <span class='ocrx_word' id='word_1_282' title='bbox 781 3581 845 3621; x_wconf 89' lang='lat' dir='ltr'><strong>oum</strong></span> <span class='ocrx_word' id='word_1_283' title='bbox 868 3565 957 3622; x_wconf 89' lang='lat' dir='ltr'><strong>Anna</strong></span> <span class='ocrx_word' id='word_1_284' title='bbox 984 3561 1070 3621; x_wconf 87' lang='lat' dir='ltr'><strong>dicit:</strong></span> <span class='ocrx_word' id='word_1_285' title='bbox 1102 3561 1172 3634; x_wconf 82' lang='lat' dir='ltr'><strong>,sed</strong></span> <span class='ocrx_word' id='word_1_286' title='bbox 1198 3562 1280 3621; x_wconf 91' lang='lat' dir='ltr'><strong>volui</strong></span> <span class='ocrx_word' id='word_1_287' title='bbox 1307 3562 1425 3634; x_wconf 90' lang='lat' dir='ltr'><strong>addere,</strong></span> 
     </span>
     <span class='ocr_line' id='line_1_35' title="bbox 99 3642 1425 3720; baseline 0.002 -17"><span class='ocrx_word' id='word_1_288' title='bbox 99 3643 173 3703; x_wconf 86' lang='lat' dir='ltr'><strong>nihil</strong></span> <span class='ocrx_word' id='word_1_289' title='bbox 194 3644 352 3720; x_wconf 82' lang='lat' dir='ltr'><strong>singulare,</strong></span> <span class='ocrx_word' id='word_1_290' title='bbox 374 3643 432 3703; x_wconf 90' lang='lat' dir='ltr'><strong>nisi</strong></span> <span class='ocrx_word' id='word_1_291' title='bbox 452 3645 509 3703; x_wconf 94' lang='lat' dir='ltr'><strong>hoc</strong></span> <span class='ocrx_word' id='word_1_292' title='bbox 530 3650 561 3703; x_wconf 92' lang='lat' dir='ltr'><strong>et</strong></span> <span class='ocrx_word' id='word_1_293' title='bbox 580 3643 637 3702; x_wconf 92' lang='lat' dir='ltr'><strong>hoc</strong></span> <span class='ocrx_word' id='word_1_294' title='bbox 656 3649 819 3719; x_wconf 85' lang='lat' dir='ltr'><strong>peccatum,</strong></span> <span class='ocrx_word' id='word_1_295' title='bbox 841 3643 917 3719; x_wconf 91' lang='lat' dir='ltr'><strong>quod</strong></span> <span class='ocrx_word' id='word_1_296' title='bbox 937 3642 1129 3702; x_wconf 84' lang='lat' dir='ltr'><strong>manifestare</strong></span> <span class='ocrx_word' id='word_1_297' title='bbox 1142 3660 1189 3700; x_wconf 92' lang='lat' dir='ltr'><strong>me</strong></span> <span class='ocrx_word' id='word_1_298' title='bbox 1204 3642 1254 3702; x_wconf 90' lang='lat' dir='ltr'><strong>diu</strong></span> <span class='ocrx_word' id='word_1_299' title='bbox 1267 3643 1425 3719; x_wconf 82' lang='lat' dir='ltr'><strong>pudebat“.</strong></span> 
     </span>
    </p>
   </div>
   <div class='ocr_carea' id='block_1_9' title="bbox 99 3758 1175 3925">
    <p class='ocr_par' dir='ltr' id='par_1_10' title="bbox 99 3758 1175 3925">
     <span class='ocr_line' id='line_1_36' title="bbox 99 3758 878 3836; baseline -0.003 -16"><span class='ocrx_word' id='word_1_300' title='bbox 99 3758 277 3830; x_wconf 77' lang='lat' dir='ltr'><strong>strrrrus</strong></span> <span class='ocrx_word' id='word_1_301' title='bbox 299 3761 328 3819; x_wconf 79' lang='lat'><strong>1⁰</strong></span> <span class='ocrx_word' id='word_1_302' title='bbox 353 3759 421 3836; x_wconf 93' lang='lat' dir='ltr'><strong>quid</strong></span> <span class='ocrx_word' id='word_1_303' title='bbox 442 3759 473 3818; x_wconf 92' lang='lat' dir='ltr'><strong>in</strong></span> <span class='ocrx_word' id='word_1_304' title='bbox 492 3759 550 3818; x_wconf 92' lang='lat' dir='ltr'><strong>hoo</strong></span> <span class='ocrx_word' id='word_1_305' title='bbox 570 3778 643 3820; x_wconf 86' lang='lat' dir='ltr'><strong>casu</strong></span> <span class='ocrx_word' id='word_1_306' title='bbox 663 3759 810 3835; x_wconf 84' lang='lat' dir='ltr'><strong>agendum</strong></span> <span class='ocrx_word' id='word_1_307' title='bbox 830 3758 878 3819; x_wconf 90' lang='lat' dir='ltr'><strong>sit.</strong></span> 
     </span>
     <span class='ocr_line' id='line_1_37' title="bbox 298 3846 1175 3925; baseline 0 -18"><span class='ocrx_word' id='word_1_308' title='bbox 298 3849 329 3907; x_wconf 83' lang='grc' dir='ltr'><strong>2ο</strong></span> <span class='ocrx_word' id='word_1_309' title='bbox 354 3847 561 3925; x_wconf 86' lang='lat' dir='ltr'><strong>peccaveritne</strong></span> <span class='ocrx_word' id='word_1_310' title='bbox 582 3851 671 3908; x_wconf 82' lang='lat' dir='ltr'><strong>Anna</strong></span> <span class='ocrx_word' id='word_1_311' title='bbox 691 3847 824 3924; x_wconf 84' lang='lat' dir='ltr'><strong>graviter</strong></span> <span class='ocrx_word' id='word_1_312' title='bbox 845 3848 963 3907; x_wconf 89' lang='lat' dir='ltr'><strong>defectu</strong></span> <span class='ocrx_word' id='word_1_313' title='bbox 984 3846 1175 3907; x_wconf 85' lang='lat' dir='ltr'><strong>sinceritatis.</strong></span> 
     </span>
    </p>
   </div>
   <div class='ocr_carea' id='block_1_10' title="bbox 697 4034 832 4102">
    <p class='ocr_par' dir='ltr' id='par_1_11' title="bbox 697 4034 832 4102">
     <span class='ocr_line' id='line_1_38' title="bbox 697 4034 832 4102; baseline -0.007 0"><span class='ocrx_word' id='word_1_314' title='bbox 697 4034 832 4102; x_wconf 85' lang='lat' dir='ltr'><strong>Salutio.</strong></span> 
     </span>
    </p>
   </div>
   <div class='ocr_carea' id='block_1_11' title="bbox 97 4175 1486 4708">
    <p class='ocr_par' dir='ltr' id='par_1_12' title="bbox 97 4175 1486 4708">
     <span class='ocr_line' id='line_1_39' title="bbox 190 4175 1486 4260; baseline -0.001 -14"><span class='ocrx_word' id='word_1_315' title='bbox 190 4180 243 4246; x_wconf 82' lang='lat' dir='ltr'><strong>Aa</strong></span> <span class='ocrx_word' id='word_1_316' title='bbox 258 4199 450 4256; x_wconf 81' lang='lat' dir='ltr'><strong>quansrrun</strong></span> <span class='ocrx_word' id='word_1_317' title='bbox 468 4181 506 4242; x_wconf 82' lang='lat'><em>1¹²²</em></span> <span class='ocrx_word' id='word_1_318' title='bbox 528 4177 568 4244; x_wconf 88' lang='lat' dir='ltr'><strong>R.</strong></span> <span class='ocrx_word' id='word_1_319' title='bbox 587 4180 615 4244; x_wconf 92' lang='lat'><strong>1.</strong></span> <span class='ocrx_word' id='word_1_320' title='bbox 650 4177 856 4260; x_wconf 86' lang='lat' dir='ltr'><strong>Responsum</strong></span> <span class='ocrx_word' id='word_1_321' title='bbox 876 4176 973 4242; x_wconf 86' lang='lat' dir='ltr'><strong>facile</strong></span> <span class='ocrx_word' id='word_1_322' title='bbox 997 4180 1057 4255; x_wconf 88' lang='lat' dir='ltr'><strong>est,</strong></span> <span class='ocrx_word' id='word_1_323' title='bbox 1082 4176 1140 4241; x_wconf 92' lang='lat' dir='ltr'><strong>sed</strong></span> <span class='ocrx_word' id='word_1_324' title='bbox 1163 4175 1272 4259; x_wconf 91' lang='lat' dir='ltr'><strong>potius</strong></span> <span class='ocrx_word' id='word_1_325' title='bbox 1295 4178 1425 4259; x_wconf 91' lang='lat' dir='ltr'><strong>spectat</strong></span> <span class='ocrx_word' id='word_1_326' title='bbox 1436 4187 1486 4244; x_wconf 72' lang='lat'><strong>1³8</strong></span> 
     </span>
     <span class='ocr_line' id='line_1_40' title="bbox 99 4264 1425 4351; baseline -0.006 -15"><span class='ocrx_word' id='word_1_327' title='bbox 99 4270 143 4337; x_wconf 93' lang='lat' dir='ltr'><strong>ad</strong></span> <span class='ocrx_word' id='word_1_328' title='bbox 158 4291 208 4347; x_wconf 89' lang='lat' dir='ltr'><strong>ea,</strong></span> <span class='ocrx_word' id='word_1_329' title='bbox 233 4289 317 4351; x_wconf 90' lang='lat' dir='ltr'><strong>quae</strong></span> <span class='ocrx_word' id='word_1_330' title='bbox 340 4268 373 4334; x_wconf 92' lang='lat' dir='ltr'><strong>in</strong></span> <span class='ocrx_word' id='word_1_331' title='bbox 389 4267 564 4333; x_wconf 87' lang='lat' dir='ltr'><strong>tractando</strong></span> <span class='ocrx_word' id='word_1_332' title='bbox 587 4272 795 4333; x_wconf 87' lang='lat' dir='ltr'><strong>sacramento</strong></span> <span class='ocrx_word' id='word_1_333' title='bbox 818 4265 1039 4349; x_wconf 88' lang='lat' dir='ltr'><strong>paenitentiae</strong></span> <span class='ocrx_word' id='word_1_334' title='bbox 1056 4265 1191 4331; x_wconf 89' lang='lat' dir='ltr'><strong>dicenda</strong></span> <span class='ocrx_word' id='word_1_335' title='bbox 1206 4270 1292 4332; x_wconf 88' lang='lat' dir='ltr'><strong>sunt.</strong></span> <span class='ocrx_word' id='word_1_336' title='bbox 1325 4264 1425 4329; x_wconf 89' lang='lat' dir='ltr'><strong>Vide-</strong></span> 
     </span>
     <span class='ocr_line' id='line_1_41' title="bbox 98 4354 1425 4436; baseline -0.007 -11"><span class='ocrx_word' id='word_1_337' title='bbox 98 4360 178 4427; x_wconf 90' lang='lat' dir='ltr'><strong>licet</strong></span> <span class='ocrx_word' id='word_1_338' title='bbox 201 4358 271 4424; x_wconf 90' lang='lat' dir='ltr'><strong>sine</strong></span> <span class='ocrx_word' id='word_1_339' title='bbox 294 4357 391 4423; x_wconf 90' lang='lat' dir='ltr'><strong>dnbio</strong></span> <span class='ocrx_word' id='word_1_340' title='bbox 419 4355 580 4423; x_wconf 89' lang='lat' dir='ltr'><strong>absolutio</strong></span> <span class='ocrx_word' id='word_1_341' title='bbox 604 4357 709 4422; x_wconf 93' lang='lat' dir='ltr'><strong>denuo</strong></span> <span class='ocrx_word' id='word_1_342' title='bbox 733 4355 841 4422; x_wconf 89' lang='lat' dir='ltr'><strong>danda</strong></span> <span class='ocrx_word' id='word_1_343' title='bbox 864 4359 932 4434; x_wconf 89' lang='lat' dir='ltr'><strong>est,</strong></span> <span class='ocrx_word' id='word_1_344' title='bbox 963 4374 1069 4436; x_wconf 90' lang='lat' dir='ltr'><strong>neque</strong></span> <span class='ocrx_word' id='word_1_345' title='bbox 1098 4354 1317 4420; x_wconf 89' lang='lat' dir='ltr'><strong>confessarius</strong></span> <span class='ocrx_word' id='word_1_346' title='bbox 1347 4374 1425 4417; x_wconf 92' lang='lat' dir='ltr'><strong>oon-</strong></span> 
     </span>
     <span class='ocr_line' id='line_1_42' title="bbox 98 4440 1424 4531; baseline -0.007 -16"><span class='ocrx_word' id='word_1_347' title='bbox 98 4452 213 4517; x_wconf 89' lang='lat' dir='ltr'><strong>tentus</strong></span> <span class='ocrx_word' id='word_1_348' title='bbox 229 4468 302 4514; x_wconf 89' lang='lat' dir='ltr'><strong>esse</strong></span> <span class='ocrx_word' id='word_1_349' title='bbox 317 4450 427 4531; x_wconf 90' lang='lat' dir='ltr'><strong>potest</strong></span> <span class='ocrx_word' id='word_1_350' title='bbox 443 4445 647 4511; x_wconf 86' lang='lat' dir='ltr'><strong>absolutione</strong></span> <span class='ocrx_word' id='word_1_351' title='bbox 673 4445 738 4511; x_wconf 89' lang='lat' dir='ltr'><strong>iarn</strong></span> <span class='ocrx_word' id='word_1_352' title='bbox 755 4444 843 4521; x_wconf 91' lang='lat' dir='ltr'><strong>data,</strong></span> <span class='ocrx_word' id='word_1_353' title='bbox 867 4444 938 4510; x_wconf 92' lang='lat' dir='ltr'><strong>sive</strong></span> <span class='ocrx_word' id='word_1_354' title='bbox 960 4442 1042 4510; x_wconf 86' lang='lat' dir='ltr'><strong>haec</strong></span> <span class='ocrx_word' id='word_1_355' title='bbox 1062 4443 1206 4509; x_wconf 90' lang='lat' dir='ltr'><strong>invalida</strong></span> <span class='ocrx_word' id='word_1_356' title='bbox 1229 4442 1298 4507; x_wconf 89' lang='lat' dir='ltr'><strong>sive</strong></span> <span class='ocrx_word' id='word_1_357' title='bbox 1314 4440 1424 4506; x_wconf 89' lang='lat' dir='ltr'><strong>valida</strong></span> 
     </span>
     <span class='ocr_line' id='line_1_43' title="bbox 97 4529 1425 4618; baseline -0.007 -14"><span class='ocrx_word' id='word_1_358' title='bbox 97 4538 173 4605; x_wconf 87' lang='lat' dir='ltr'><strong>fuit.</strong></span> <span class='ocrx_word' id='word_1_359' title='bbox 212 4537 309 4604; x_wconf 81' lang='lat' dir='ltr'><strong>Certo</strong></span> <span class='ocrx_word' id='word_1_360' title='bbox 325 4535 411 4603; x_wconf 91' lang='lat' dir='ltr'><strong>enim</strong></span> <span class='ocrx_word' id='word_1_361' title='bbox 427 4534 558 4617; x_wconf 89' lang='lat' dir='ltr'><strong>aliquod</strong></span> <span class='ocrx_word' id='word_1_362' title='bbox 576 4539 746 4618; x_wconf 90' lang='lat' dir='ltr'><strong>peccatum</strong></span> <span class='ocrx_word' id='word_1_363' title='bbox 762 4534 903 4598; x_wconf 90' lang='lat' dir='ltr'><strong>nondum</strong></span> <span class='ocrx_word' id='word_1_364' title='bbox 920 4533 1067 4598; x_wconf 90' lang='lat' dir='ltr'><strong>clavibus</strong></span> <span class='ocrx_word' id='word_1_365' title='bbox 1085 4531 1275 4607; x_wconf 91' lang='lat' dir='ltr'><strong>subiectum,</strong></span> <span class='ocrx_word' id='word_1_366' title='bbox 1299 4529 1425 4595; x_wconf 86' lang='lat' dir='ltr'><strong>scilicet</strong></span> 
     </span>
     <span class='ocr_line' id='line_1_44' title="bbox 98 4621 1112 4708; baseline -0.006 -13"><span class='ocrx_word' id='word_1_367' title='bbox 98 4627 192 4695; x_wconf 90' lang='lat' dir='ltr'><strong>caius</strong></span> <span class='ocrx_word' id='word_1_368' title='bbox 215 4632 314 4694; x_wconf 90' lang='lat' dir='ltr'><strong>antea</strong></span> <span class='ocrx_word' id='word_1_369' title='bbox 336 4625 467 4691; x_wconf 86' lang='lat' dir='ltr'><strong>Annam</strong></span> <span class='ocrx_word' id='word_1_370' title='bbox 490 4624 644 4708; x_wconf 88' lang='lat' dir='ltr'><strong>pudebat,</strong></span> <span class='ocrx_word' id='word_1_371' title='bbox 668 4643 753 4689; x_wconf 89' lang='lat' dir='ltr'><strong>nunc</strong></span> <span class='ocrx_word' id='word_1_372' title='bbox 776 4622 922 4688; x_wconf 87' lang='lat' dir='ltr'><strong>clavibus</strong></span> <span class='ocrx_word' id='word_1_373' title='bbox 946 4621 1112 4689; x_wconf 87' lang='lat' dir='ltr'><strong>subicitur.</strong></span> 
     </span>
    </p>
   </div>
   <div class='ocr_carea' id='block_1_12' title="bbox 0 0 1561 5168">
    <p class='ocr_par' dir='ltr' id='par_1_13' title="bbox 0 0 1561 5168">
     <span class='ocr_line' id='line_1_45' title="bbox 0 0 1561 5168; baseline 0 0"><span class='ocrx_word' id='word_1_374' title='bbox 0 0 1561 5168; x_wconf 95' lang='lat' dir='ltr'><strong> </strong></span> 
     </span>
    </p>
   </div>
  </div>
 </body>
</html>
