3106 5168
181 295 246 358 428
318 289 358 343 De
376 286 525 341 virtutibus
543 288 572 340 et
589 283 687 339 officiis
705 300 770 351 erga
789 282 918 336 homines.
939 311 971 321 -
991 280 1043 336 Oli.
1063 281 1135 335 circa
1152 281 1222 336 bona
1240 284 1365 336 externa.

181 486 273 542 equus
294 465 371 543 apud
385 462 550 523 Ausonium
571 460 633 536 igni
653 460 750 536 periit.
780 458 923 534 Agricola
941 457 1093 532 utriusque
1114 457 1180 534 equi
1200 457 1329 534 pretium
1351 458 1412 517 sibi
1432 458 1507 517 solvi

182 549 219 606 ab
240 546 374 605 Ausonio
396 545 502 602 debere
524 540 683 601 contendit.

182 661 357 730 Qusnnrrun
380 660 409 717 1⁰
434 676 509 734 quae
530 656 592 714 sint
612 653 809 728 obligationes
831 659 861 710 et
881 651 946 710 iura
966 651 997 710 in
1018 656 1174 711 contractu
1195 653 1385 714 commodati.

378 757 409 814 2⁰
434 755 500 832 quis
520 754 551 813 in
573 773 646 812 casu
666 752 804 810 damnum
824 751 904 809 ferre
925 750 1037 809 debeat.

775 953 908 1021 Salutio.

119 1136 171 1189 845
273 1119 325 1182 nn
349 1137 540 1194 Quaasrruu
573 1119 610 1180 lm
633 1116 672 1181 R.
701 1119 727 1180 l.
775 1114 1020 1180 Commodatum
1044 1135 1103 1198 per
1125 1120 1337 1200 seqrntoitaa
1355 1123 1409 1184 est
1432 1139 1508 1183 con·

180 1210 317 1283 tractus,
343 1228 405 1288 quo
430 1206 526 1271 alicui
550 1227 604 1269 res
628 1205 735 1269 aliena
758 1204 799 1268 ad
823 1224 916 1268 usum
941 1204 1084 1269 traditur
1106 1202 1161 1284 (ad
1185 1206 1347 1288 tempus);
1381 1210 1507 1272 namsi

180 1318 239 1380 pro
262 1295 368 1379 pretio
392 1316 470 1359 usus
494 1293 690 1368 conceditur,
716 1293 818 1357 habes
840 1313 900 1375 pro
924 1293 1129 1358 commodato
1152 1297 1348 1360 locationem.
1389 1297 1508 1362 Tendit

181 1385 284 1468 igitur
307 1384 547 1448 commodatum
571 1382 604 1447 in
628 1381 804 1448 utilitatem
829 1382 1084 1447 commodatarii.

271 1499 310 1565 R..
336 1501 365 1565 2.
414 1499 465 1562 Ex
488 1497 539 1562 his
563 1496 710 1578 sequitur
733 1496 1023 1562 commodatarium
1058 1496 1164 1562 teneri
1188 1496 1229 1562 ad
1254 1499 1438 1585 diligentem
1461 1500 1505 1566 rei

182 1588 364 1655 custodiam
388 1591 422 1652 et
446 1587 691 1663 tractationem,
717 1606 854 1666 eumque
869 1585 975 1651 teneri
990 1585 1023 1648 in
1040 1586 1239 1652 conscientia
1263 1586 1305 1652 ad
1321 1590 1506 1672 reparanda

181 1679 310 1754 damna,
335 1696 419 1758 quae
443 1697 485 1740 ex
508 1676 659 1757 neglecta
683 1674 852 1757 diligentia
875 1695 928 1738 ree
952 1695 1049 1757 passa
1072 1674 1181 1741 fuerit.
1228 1676 1273 1740 Et
1296 1698 1503 1760 quamquam.

181 1766 266 1831 siin
289 1766 358 1830 solo
383 1764 601 1830 conscientiae
624 1764 695 1828 foro
719 1784 772 1829 res
796 1762 915 1846 agitur,
940 1763 1215 1829 commodatarius
1246 1765 1444 1848 obligandus
1466 1768 1505 1833 ad

182 1856 366 1939 reparanda
382 1854 501 1919 damna
525 1857 665 1927 nonest,
691 1852 752 1917 nisi
773 1854 900 1936 culpam
911 1851 1136 1934 theologicam
1153 1853 1372 1921 commiserit:
1397 1860 1503 1921 tamen

182 1944 387 2011 voluntarius
410 1944 581 2025 neglectus
605 1941 794 2023 diligentiae
818 1941 847 2005 ei
871 1946 922 2006 est
945 1941 1128 2024 theologice
1151 1943 1332 2025 culpabilia,
1358 1950 1393 2011 ot
1417 1952 1503 2029 post·

182 2055 280 2116 quam
311 2033 446 2098 iuridice
477 2032 617 2116 probata
647 2031 747 2096 fuerit
778 2032 873 2113 culpa
903 2032 1003 2095 etiam
1035 2052 1122 2095 merc
1153 2031 1306 2112 iuridica‚
1338 2035 1441 2100 etiam
1472 2035 1502 2098 in

185 2122 386 2188 conscientia
409 2121 707 2204 compensationem
731 2119 792 2185 sibi
816 2119 1002 2202 impositam
1025 2120 1135 2185 facere
1157 2123 1299 2187 tenetur.

272 2238 311 2304 R.
336 2240 366 2304 3.
413 2234 693 2302 Commodatanus
722 2256 786 2300 non
815 2238 926 2318 potest
956 2234 1055 2299 alium
1084 2235 1132 2299 rei
1162 2257 1255 2300 usum
1285 2235 1415 2316 facere,
1446 2237 1504 2303 nisi

185 2348 282 2409 quem
306 2325 469 2392 concessit
492 2325 711 2390 commodans.
759 2324 965 2406 Quapropter
995 2323 1023 2388 si
1053 2323 1152 2389 alium
1176 2345 1270 2388 usum
1294 2324 1397 2405 facit,
1421 2327 1503 2410 peri-

183 2417 291 2480 culum
315 2414 362 2478 rei
385 2415 418 2478 in
442 2435 478 2479 se
502 2414 617 2483 sumit:
642 2418 741 2495 atque
764 2413 792 2477 si
815 2413 848 2477 in
872 2413 927 2476 illo
951 2434 1012 2477 usu
1028 2433 1265 2478 non-concesso
1281 2435 1335 2479 res
1352 2416 1503 2481 damnum

182 2504 316 2587 patitur,
340 2503 401 2567 lroc
425 2503 578 2567 damnum
602 2502 701 2567 etiam
725 2503 795 2566 sine
818 2502 885 2566 ulla
902 2502 997 2585 culpa
1020 2501 1205 2584 theologica
1221 2505 1397 2569 commissa
1420 2526 1502 2570 com·

182 2591 329 2657 modanti
352 2612 563 2674 compensare
587 2591 693 2656 debet.
740 2591 777 2654 ln
801 2612 863 2672 quo
887 2592 1040 2654 videntur
1062 2612 1134 2655 cnm
1159 2592 1228 2656 iure
1252 2593 1398 2658 naturali
1421 2595 1503 2677 posi·

182 2681 253 2746 tiva
282 2680 355 2745 iura
385 2680 578 2745 consentire.
625 2679 671 2745 ef.
696 2679 760 2743 ius
784 2680 913 2744 Germ.
939 2679 956 2760 ξ
981 2683 1045 2745 603
1076 2684 1175 2762 atque
1200 2682 1344 2746 auctoris
1369 2684 1502 2748 adeam

186 2774 298 2840 notas:
325 2769 430 2834 Gall.
455 2773 517 2833 art.
546 2771 640 2834 1881.

120 2904 172 2956 846
271 2883 309 2948 R.
335 2886 365 2948 4.
414 2883 574 2947 Damnum
599 2887 707 2946 autem
732 2882 828 2958 illud,
860 2883 945 2963 quod
976 2905 1017 2947 ex
1047 2906 1107 2947 usu
1137 2884 1183 2947 rei
1208 2905 1364 2949 concesso
1388 2892 1501 2952 natura

183 2993 242 3037 sua
266 2972 421 3054 sequitur,
447 2980 615 3036 cartonen
639 2975 770 3036 tenetur
793 2972 1066 3036 commodatarius
1091 2993 1313 3055 compensare.
1356 2975 1501 3042 Fortuita

183 3063 318 3138 damna,
350 3082 433 3142 qliae
463 3061 497 3124 in
530 3082 589 3124 usu
618 3082 772 3124 concesso
803 3061 960 3132 oriuntur,
995 3062 1171 3125 secundum
1205 3061 1254 3126 ius
1279 3063 1412 3129 Germ.
1442 3086 1501 3129 non

183 3154 314 3216 tenetur
344 3150 430 3214 terre
462 3149 751 3226 cornmodatariuS‚
783 3150 840 3213 sed
871 3151 916 3213 rei
942 3151 1105 3226 dominum
1137 3151 1232 3232 idque
1262 3151 1295 3215 in
1327 3152 1400 3217 foro
1431 3175 1501 3218 con-

182 3240 339 3305 scientiae
362 3239 458 3321 plane
475 3239 643 3302 dicendum
661 3244 727 3302 est:
753 3242 952 3321 quapropter
974 3240 1001 3302 si
1018 3261 1101 3319 quae
1118 3240 1207 3321 leges
1223 3241 1388 3323 positivae
1412 3243 1502 3308 aliter

183 3333 342 3403 statuant,
367 3330 428 3392 hae
451 3327 484 3391 in
509 3328 706 3392 conscientia
730 3349 793 3390 non
810 3327 962 3392 videntur
986 3329 1130 3410 obligare
1153 3329 1214 3393 uisi
1238 3336 1314 3412 post
1338 3331 1500 3397 iuridicam

183 3418 495 3483 condemnationem.
542 3417 696 3497 Obligare
721 3422 857 3498 possunt
879 3422 993 3493 antea,
1025 3418 1052 3481 si
1083 3419 1282 3484 consuetudo
1314 3421 1377 3484 loci
1402 3421 1501 3503 legem

184 3507 280 3571 aliter
303 3507 521 3588 interpretata
544 3507 597 3580 sit,
623 3507 675 3570 vel
699 3527 739 3569 ex
765 3506 996 3569 consuetudine
1020 3507 1089 3590 ipse
1106 3512 1295 3578 contractus
1320 3510 1500 3576 sicintelle·

184 3599 291 3674 gatur,
309 3599 345 3658 ut
362 3595 635 3659 commodatarius
652 3616 746 3658 omne
763 3594 794 3658 in
812 3616 847 3658 se
860 3600 969 3660 sumat
985 3596 1163 3678 periculum
1176 3598 1359 3663 fortuitum.
1384 3599 1501 3664 Verum

184 3683 215 3746 id
240 3683 359 3747 iustum
384 3684 536 3759 vixerit,
561 3684 621 3747 nisi
646 3687 768 3768 deripier·
791 3705 868 3747 usus
891 3684 938 3747 rei
963 3686 1168 3750 concedatur.

273 3789 327 3851 lus
352 3790 500 3854 Gallio.
526 3791 678 3855 damnum
703 3790 872 3854 ferendum
889 3790 1003 3855 dicite
1027 3791 1292 3869 commodatario,
1321 3793 1353 3874 1)
1378 3795 1499 3876 quando

183 3878 253 3959 ipsc
275 3900 411 3961 [terrenae
436 3880 525 3942 rebus
549 3883 616 3943 suis
641 3880 780 3943 alienam
805 3880 989 3961 permiserit
1012 3882 1134 3962 perire3
1161 3882 1193 3962 2)
1218 3883 1349 3961 quando
1374 3884 1406 3947 in
1432 3906 1499 3948 con-

183 3970 292 4030 tractu
318 3967 510 4030 commodati
536 3989 588 4030 res
612 3968 734 4032 tradita
759 3971 834 4032 cerri
856 3972 951 4052 pretii
975 3973 1139 4032 cestianae
1165 3970 1278 4044 fuerit,
1304 3971 1365 4035 nisi
1392 3973 1424 4036 in
1447 3975 1499 4036 hoc

184 4078 262 4119 (tarsu
302 4056 533 4119 contrahentes
572 4057 705 4138 periculi
744 4057 926 4121 cautionem
961 4079 980 4121 a
1013 4059 1266 4123 coannodatario
1307 4061 1499 4126 excluserint

184 4147 260 4225 [art.
289 4147 373 4208 1882
398 4145 460 4224 sq.)

122 4297 172 4350 847
273 4277 325 4341 Aa
350 4297 540 4352 otriassrm'u
565 4280 603 4339 21¹¹
626 4277 664 4341 R.
692 4281 718 4342 1.
760 4278 923 4341 Alisonius
948 4282 1036 4342 certe
1061 4278 1193 4343 adhibet
1217 4301 1336 4361 equum
1368 4283 1497 4347 alterum

184 4368 223 4430 ad
249 4389 343 4431 usrmr
367 4388 430 4431 non
455 4387 653 4431 concessum.
685 4367 770 4430 Nam
796 4368 858 4434 etsi
882 4367 966 4432 forte
991 4367 1145 4448 Agricola
1169 4368 1394 4451 interrogatus
1418 4372 1498 4434 illum

184 4477 277 4519 usum
302 4456 401 4520 etiam
428 4454 657 4529 concessisset,
689 4457 818 4537 reipsa
845 4477 917 4520 erim
949 4478 1012 4519 non
1037 4463 1253 4522 concesserat.
1302 4459 1499 4543 Quapropter

185 4564 226 4606 ox
250 4546 310 4608 hac
334 4545 460 4608 ratione
485 4565 600 4607 censeo
617 4545 745 4607 omnino
763 4546 940 4608 Ausonium
965 4568 1024 4627 per
1039 4567 1074 4609 se
1091 4567 1162 4609 esse
1179 4549 1382 4629 reparationi
1399 4545 1496 4614 damni

186 4633 370 4699 obnoxnun.
