3106 5168
149 302 215 366 420
288 298 328 352 De
346 297 493 352 virtutibus
512 301 541 353 et
558 296 657 353 officiis
675 314 741 365 erga
759 296 888 350 homines.
907 326 943 334 —
961 296 1013 351 Off.
1032 295 1104 351 circa
1122 296 1192 351 bona
1209 299 1333 351 extema

150 476 225 540 dum
250 475 466 541 iuramentum
489 473 645 554 ignorans
668 477 881 556 potestatem,
913 494 996 555 quae
1020 472 1081 538 sibi
1103 495 1162 557 per
1184 474 1293 555 legem
1316 472 1408 539 facta
1431 472 1473 539 sit

151 585 171 628 a
201 568 371 629 contractu
401 562 596 643 recedendi).
649 562 810 627 Nimirum
840 562 873 626 in
903 562 943 627 iis
973 562 1226 628 circumstantiis
1253 562 1473 628 iuramentum

150 653 256 735 ipsum
279 674 344 717 non
367 652 501 733 obligat.

88 774 139 829 831
240 768 292 831 Au
316 787 505 842 qunnsrruu
523 768 562 829 3¹²
586 766 624 831 R.
645 767 674 833 1.
706 765 824 829 Forma
848 766 971 848 scripta
994 766 1111 848 alege
1135 765 1308 848 requisita,
1335 769 1373 832 ut
1397 787 1474 831 con·

149 859 275 922 tractus
299 857 426 932 valeat,
459 878 498 920 ea
521 854 649 937 quidern
674 858 741 929 est,
773 860 808 919 ut
832 859 1021 920 contractus
1050 855 1120 920 sine
1148 876 1187 920 ea
1216 876 1279 919 non
1304 856 1420 920 valeat
1441 856 1472 919 in

148 944 305 1010 tribunali
327 944 389 1008 fori
414 943 558 1018 exterui;
592 946 691 1024 atque
715 942 789 1007 hinc
812 943 881 1006 lieri
912 947 1036 1026 potest,
1068 949 1105 1010 ut
1128 944 1361 1010 contrahentes
1386 965 1473 1008 com·

148 1033 292 1098 muniter
315 1054 355 1097 ue
379 1037 478 1098 antea
494 1032 621 1114 quidem
645 1031 818 1096 intendant
841 1033 977 1097 firmiter
997 1054 1069 1097 sese
1093 1033 1207 1114 ligare,
1232 1033 1295 1098 etsi
1319 1037 1473 1098 oretenus

149 1122 190 1187 de
213 1121 341 1187 obiecto
366 1126 554 1186 contractus
578 1120 799 1186 convenerint.

238 1219 398 1285 Attamen
419 1218 556 1283 libertas
579 1217 775 1284 naturaliter
797 1239 832 1283 se
857 1224 1009 1284 oretenus
1033 1218 1196 1301 obligandi
1220 1223 1351 1295 manet;
1376 1240 1473 1301 quarn

148 1308 190 1373 ob
213 1330 283 1373 rem
297 1310 300 1315 ’
314 1307 370 1390 qui
401 1308 543 1373 scientes
573 1313 607 1372 et
629 1307 779 1372 volentes
809 1328 923 1372 veram
954 1307 1099 1373 iustitiae
1130 1308 1361 1390 obligationem
1393 1308 1473 1372 inire

148 1398 340 1474 voluerunt,
372 1401 406 1462 et
429 1400 600 1462 contractu
624 1399 658 1461 et
687 1395 816 1461 adiecto
839 1396 1021 1462 iuramento
1045 1405 1190 1462 tenentur
1213 1401 1247 1462 ln
1271 1400 1472 1477 conscientia,

148 1489 187 1551 ut
210 1489 300 1550 stent
324 1485 515 1551 contractui.

240 1591 277 1656 R.
304 1594 333 1656 2.
366 1591 570 1674 Quapropter
592 1589 711 1655 Iodoco
735 1590 905 1655 dicendum
924 1593 975 1655 est
998 1590 1102 1674 ipsum
1120 1590 1258 1672 obligari
1282 1613 1324 1655 ex
1347 1591 1473 1658 iustitia

150 1680 191 1744 ad
217 1684 420 1746 contractum
445 1679 701 1761 adimplendum
731 1700 835 1760 neque
859 1680 965 1744 locum
988 1700 1060 1744 esse
1085 1679 1319 1763 dispensationi
1343 1701 1363 1744 a
1387 1681 1474 1745 iura·

151 1775 272 1845 mento,
300 1790 338 1833 eo
370 1770 454 1851 quod
479 1769 564 1833 ratio
592 1768 800 1852 dispensandi
824 1768 919 1846 absit,
942 1773 1096 1834 manente
1121 1769 1250 1833 omnino
1274 1768 1473 1852 obligatione

152 1857 308 1925 iustitiae.

88 1973 141 2027 832
240 1963 278 2029 R.
304 1966 334 2029 3.
377 1961 520 2027 Minores
541 1963 677 2046 firmae·
700 1983 763 2026 non
781 1984 877 2045 posse
893 1961 1087 2027 contrahere
1104 1963 1173 2027 sine
1190 1984 1351 2028 consensu
1370 1963 1473 2047 patris

151 2052 204 2116 vel
228 2050 388 2117 curatoris
411 2051 484 2116 ideo
508 2051 675 2129 statuitur,
701 2056 737 2116 ut
753 2051 814 2135 ipsi
838 2051 979 2115 minores
999 2057 1114 2117 contra
1137 2051 1307 2118 levitatem
1324 2052 1425 2118 animi
1441 2059 1472 2118 et

152 2145 267 2207 contra
290 2139 447 2206 astutiam
478 2161 606 2218 eorum,
637 2140 826 2222 quibuscum
851 2140 1064 2218 contrahant,
1090 2140 1316 2206 defendantur.
1365 2143 1473 2224 Atque

150 2236 326 2315 propterea
348 2230 439 2312 leges
455 2229 528 2295 illas
544 2229 591 2295 sic
607 2230 704 2313 plane
720 2229 886 2310 intellego,
910 2233 948 2294 ut
964 2249 1115 2294 censeam
1138 2229 1188 2308 iis,
1207 2229 1262 2311 qui
1279 2251 1353 2294 cum
1370 2230 1471 2296 mino·

150 2319 240 2384 ribus
273 2319 485 2395 contrahant,
525 2319 622 2383 adimi
661 2319 853 2384 facultatem
889 2318 1076 2400 acquirendi
1115 2318 1165 2382 ius
1196 2319 1325 2383 firmum
1360 2324 1472 2385 contra

152 2409 308 2483 minores;
334 2412 368 2472 et
393 2445 432 2453 -
457 2407 489 2471 id
513 2409 599 2489 quod
622 2407 697 2472 inde
721 2407 869 2489 sequitur
891 2447 934 2454 —
958 2407 1085 2486 minori,
1110 2407 1163 2489 qui
1180 2407 1302 2473 iuravit
1326 2429 1346 2472 a
1371 2409 1472 2492 stipu-

151 2497 227 2560 latis
252 2518 315 2560 uon
339 2496 502 2572 recedere,
527 2517 591 2560 non
607 2496 793 2561 incumbere
810 2495 1041 2579 obligationem
1058 2496 1212 2573 iustitiae,
1238 2497 1296 2561 sed
1312 2518 1472 2562 summum

151 2585 336 2649 incumbere
360 2585 591 2667 obligationem
615 2585 791 2667 religionis,
817 2607 899 2667 quac
916 2607 958 2651 ex
973 2587 1060 2651 iusta
1076 2606 1176 2650 causa
1192 2606 1249 2669 per
1274 2586 1472 2652 ecclesiasti·

151 2694 223 2738 cam
247 2677 445 2756 potestatem
470 2674 552 2737 solvi
577 2674 690 2757 possit.

240 2779 279 2845 R.
304 2782 334 2844 4.
382 2779 466 2844 Hinc
488 2782 535 2855 fit,
560 2784 597 2845 ut
620 2778 819 2844 Adalbortus
843 2801 884 2843 ne
908 2783 982 2862 post
999 2779 1163 2861 expletam
1181 2779 1308 2861 quidem
1328 2784 1469 2846 aetatem

152 2868 308 2933 maiorem
331 2873 484 2934 teneatur
508 2891 549 2932 ex
579 2867 704 2933 iustitia
728 2868 769 2931 ad
799 2869 995 2950 implendum
1020 2872 1239 2945 contractum,
1271 2869 1329 2932 sed
1354 2875 1391 2934 ut
1413 2871 1470 2933 hoc

152 2958 334 3041 dependeat
359 2958 399 3022 ab
424 2957 492 3022 eius
516 2957 619 3022 libera
642 2957 824 3033 voluntate,
850 2978 913 3038 qua
936 2957 1001 3020 iam
1025 2960 1126 3021 sciens
1150 2956 1370 3022 condicionem
1396 2958 1470 3023 iuris

150 3049 201 3111 sui
225 3051 428 3112 contractum
453 3047 703 3111 confirmaverit.

239 3145 351 3220 Immo,
376 3144 403 3208 si
427 3165 521 3208 casus
545 3144 578 3207 in
595 3142 770 3209 Germania
794 3142 913 3225 agitur,
937 3143 1030 3207 valor
1047 3147 1244 3219 contractus,
1270 3143 1323 3226 qui
1342 3165 1362 3208 a
1379 3166 1469 3209 cura·

149 3238 222 3298 tore
247 3255 350 3314 neque
375 3234 504 3317 probari
529 3254 633 3314 neque
661 3231 829 3314 reprobari
855 3235 1003 3314 poterat,
1037 3232 1157 3314 pendet
1187 3232 1235 3297 ita
1258 3253 1278 3297 a
1302 3235 1469 3298 confirma-

150 3323 239 3387 tione
263 3323 432 3388 Adalberti
457 3322 588 3386 maioris
612 3326 690 3386 natu
716 3321 805 3396 facti,
830 3327 876 3398 ut,
900 3321 927 3384 si
950 3321 1092 3385 monitus
1116 3342 1174 3403 per
1198 3321 1380 3403 quindecim
1406 3322 1469 3386 dies

150 3413 264 3487 sileat,
297 3434 334 3476 eo
365 3413 434 3494 ipso
464 3413 525 3475 hoc
558 3410 721 3475 silentium
754 3410 913 3475 habeatur
943 3432 1001 3493 pro
1031 3410 1179 3474 dissensu
1202 3431 1260 3474 seu
1285 3415 1469 3477 contractus

149 3500 359 3565 rescissione:
386 3501 426 3564 cf.
452 3501 506 3563 lus
531 3500 568 3564 G.
594 3499 611 3580 ἕ
638 3502 710 3564 108.

242 3600 406 3661 Summum
431 3596 532 3678 igitur
554 3601 659 3661 restat
682 3597 715 3660 in
739 3596 798 3661 tali
823 3601 959 3672 eventu,
984 3601 1020 3661 ut
1045 3595 1200 3676 obligatio
1225 3597 1393 3679 religionis
1417 3619 1469 3682 per

150 3687 368 3750 iuramentum
399 3691 435 3749 ut
463 3687 529 3751 tale
554 3686 702 3762 inducta,
732 3685 989 3768 dispensatione,
1020 3685 1047 3748 si
1072 3707 1152 3768 opus
1176 3685 1292 3760 fuerit,
1325 3689 1466 3752 tollatur.

151 3776 258 3839 (lausa
296 3795 373 3839 vero
412 3775 619 3857 dispensandi
653 3779 703 3839 est
742 3774 812 3857 ipsa
845 3774 963 3838 levitas
997 3779 1030 3839 et
1065 3773 1316 3838 inconsideratio
1353 3776 1468 3841 aetatis

151 3863 293 3928 minoris,
341 3864 412 3928 Nec
437 3863 610 3945 quidquam
635 3865 754 3929 mutari
780 3864 875 3929 debet
901 3887 941 3928 ex
966 3885 1013 3938 ec,
1040 3863 1122 3944 quod
1148 3863 1349 3927 Adalbertus
1373 3865 1467 3930 maio·

151 3952 307 4017 renuitati
331 3953 497 4035 proximus
522 3954 631 4019 fuerit.
678 3954 805 4018 Favere
837 3953 920 4015 enim
952 3952 1034 4033 legis
1058 3952 1085 4015 ei
1111 3952 1174 4015 frui
1204 3953 1280 4016 licet
1304 3953 1466 4036 usquead

151 4042 300 4107 ultimum
324 4042 507 4109 teuninum.

653 4199 881 4263 Parnassio
918 4200 969 4281 (1).

708 4355 817 4419 Casus.
846 4362 920 4429 (256)

240 4495 407 4569 Benignus,
440 4513 503 4550 eum
533 4494 633 4550 audiat
663 4494 813 4568 penuriam
843 4496 928 4552 amici
960 4495 1022 4565 sui,
1055 4516 1153 4553 coram
1182 4497 1383 4571 compluribus
1411 4518 1467 4573 pro·

151 4581 278 4632 testatur
307 4595 445 4650 sequani
468 4576 591 4648 primum
614 4575 688 4631 dono
713 4578 787 4632 ulto
810 4595 863 4634 mc.
893 4576 954 4632 eius
983 4576 1122 4650 penuriae
1154 4579 1367 4635 subventurum
1399 4597 1466 4638 esse.

152 4655 283 4713 simodo
306 4656 354 4713 ille
377 4655 488 4713 anricus
510 4654 582 4712 velit
603 4674 776 4730 procurare,
803 4662 834 4713 ut
856 4662 918 4713 toto
940 4661 1070 4731 ternpore
1092 4657 1155 4714 eius
1178 4657 1298 4733 eiusque
1320 4659 1374 4717 filii
1396 4659 1469 4717 vitae
