3106 5168
157 274 221 337 264
278 269 318 324 De
337 268 485 324 vlrtutibus
502 270 533 325 et
549 265 648 323 officiis
666 283 732 335 erga
749 264 880 320 homiues.
899 294 934 303 —
954 263 1053 319 Officia
1069 263 1142 320 circa
1160 264 1258 319 bonum
1277 263 1361 319 attae.

156 463 172 502 e
194 448 275 503 statu
296 463 349 504 suo
371 448 402 503 et
422 463 438 502 e
459 462 492 503 re
513 443 652 502 familiari
672 460 795 520 prorsus
816 441 963 512 excidere,
984 440 1075 516 elegit
1093 439 1237 512 duellum;
1258 444 1360 499 mouet
1381 443 1481 498 tamen

155 524 299 601 patrinos,
322 529 364 596 ut,
386 522 503 583 etiaumi
524 542 599 600 opus
620 523 661 583 sit
680 522 794 594 fraude,
816 521 979 598 periculum
1000 526 1181 580 removeant.

247 612 388 672 Similiter
394 611 587 689 Raymundus
601 611 761 682 studiosus,
776 630 813 670 ne
826 630 843 668 a
856 609 918 669 suis
934 608 1181 669 commilitonibus
1194 607 1320 668 ludibrio
1335 608 1482 667 habeatur

156 692 269 768 sibique
289 711 343 770 pro
364 693 463 751 futuro
484 696 616 769 tempore
635 692 754 751 favores
775 690 864 750 utiles
885 688 1084 767 praescindat,
1107 689 1234 748 duellum
1255 694 1395 766 acceptat
1416 707 1482 747 oum

155 771 502 913 {iggrdginmsttendum'
530 772 573 831 ita
601 777 700 831 tamen
728 777 762 830 ut
783 789 884 830 omnes
905 771 1040 829 cautelas
1061 769 1259 828 studiosorum
1280 788 1361 829 more
1382 768 1482 827 licitas

157 956 333 1028 Quaamrorr
355 960 385 1017 1⁰
410 958 478 1035 quid
500 957 541 1017 sit
562 956 689 1017 duellum
711 961 740 1016 et
761 974 818 1032 qua
839 955 906 1031 lege
926 954 1114 1032 prohibitum.

355 1057 385 1114 2ο
409 1055 538 1115 liceatne
559 1054 717 1131 aliquando
739 1073 777 1114 ex
798 1053 883 1129 gravi
905 1072 997 1112 causa
1017 1051 1089 1111 illud
1111 1055 1276 1129 acceptare.

354 1153 384 1212 3⁰
409 1152 478 1228 quid
499 1151 536 1212 ad
558 1158 714 1228 utrumque
735 1171 837 1210 casum
858 1150 898 1210 sit
919 1149 1083 1210 dicendum.

752 1337 887 1406 Solutio.

94 1508 146 1563 518
245 1488 298 1556 A'n
321 1510 513 1567 1111111111
539 1492 576 1553 1¹¹¹
600 1489 638 1555 u.
667 1493 694 1556 1.
741 1488 892 1554 Duellum
918 1494 969 1555 est
999 1508 1110 1571 pugna
1139 1487 1315 1570 singularis
1339 1507 1383 1554 ex
1406 1508 1481 1554 con·

157 1580 254 1658 dicto,
280 1579 380 1646 armis
403 1579 445 1644 ad
468 1578 614 1644 letaliter
636 1577 830 1644 laedendum
854 1576 950 1661 aptis.
996 1576 1050 1643 Fit
1074 1577 1235 1642 condictio
1259 1577 1299 1642 de
1322 1580 1481 1661 tempore,

156 1670 237 1747 loco,
262 1668 372 1734 armis.
419 1666 639 1750 DistinguItur
661 1667 805 1733 duellum
827 1666 993 1751 privatum
1016 1670 1051 1730 et
1073 1666 1253 1750 publicum:
1284 1666 1345 1731 hoc
1369 1671 1482 1733 aucto-

156 1758 257 1824 ritate
288 1757 418 1841 publica
448 1756 658 1823 constituitur
680 1757 734 1821 vel
763 1755 941 1839 imponitur
969 1755 1002 1819 in
1026 1776 1126 1820 causa
1149 1754 1295 1839 publica,
1326 1776 1358 1822 v.
1383 1777 1416 1838 g.
1441 1757 1481 1820 ad

156 1846 331 1913 finiendum
356 1846 493 1923 bellum,
518 1849 617 1927 atque
640 1845 763 1911 licitum
788 1850 852 1923 est,
882 1843 909 1909 si
933 1845 970 1910 fit
994 1865 1035 1909 ex
1059 1844 1153 1927 gravi
1177 1850 1211 1910 et
1233 1844 1483 1928 proportionata

157 1957 271 2013 causa,
297 1934 379 2000 alias
402 1939 454 2001 est
476 1933 634 2000 illicitum.
682 1934 850 2000 Privatum
875 1933 1017 1998 duellum
1041 1937 1102 2011 est,
1127 1933 1212 2015 quod
1234 1933 1268 1998 in
1293 1954 1394 1999 causa
1417 1934 1481 2018 pri·

157 2030 238 2092 vata
261 2025 316 2090 vel
338 2023 470 2108 proprio
495 2022 717 2089 dimicantium
740 2022 870 2088 nomine
893 2021 1051 2087 indictum
1074 2022 1258 2106 suscipitur.

246 2132 285 2196 R.
311 2134 341 2198 2.
387 2129 539 2195 Duellum
569 2129 734 2213 privatum
764 2132 834 2194 tum
863 2129 937 2212 Iege
967 2129 1111 2195 naturali
1139 2133 1209 2195 tum
1239 2128 1313 2210 lege
1339 2128 1483 2211 positiva

157 2221 315 2285 canoniea
344 2218 542 2303 prohibitum
573 2222 632 2285 est.
679 2218 767 2299 Lege
796 2219 940 2285 naturali
966 2221 1117 2297 vetatur,
1148 2222 1262 2301 utpote
1293 2217 1421 2283 suicidii
1450 2222 1484 2282 ot

156 2308 321 2374 homicidii
344 2307 471 2374 malitia
494 2307 663 2384 affectum
696 2328 771 2372 nam
795 2307 866 2372 sine
888 2307 975 2372 iusta
999 2327 1100 2372 causa
1129 2311 1164 2373 et
1190 2306 1261 2371 siue
1284 2306 1482 2372 auctoritate

157 2398 245 2464 iusta
274 2402 344 2464 tum
375 2395 508 2481 propria
539 2396 609 2462 vita
637 2401 708 2463 tum
735 2395 806 2462 vita
835 2396 943 2461 aliena
973 2395 1182 2462 aduellante
1213 2394 1309 2478 gravi
1339 2395 1482 2479 periculo

157 2487 305 2553 obicitur.
328 2485 483 2567 —Lege
507 2485 663 2550 canonica
686 2486 817 2569 saepius
838 2506 898 2569 pro
922 2484 1035 2550 illicito
1059 2485 1260 2550 declaratum
1284 2488 1336 2551 est
1366 2487 1401 2549 et
1431 2505 1483 2550 ec·

157 2575 350 2642 clesiestiois
373 2574 487 2658 poenis
511 2574 673 2652 affectum,
698 2573 888 2659 praecipue:
913 2572 1090 2640 adonoilio
1107 2573 1194 2639 Trid.
1220 2593 1299 2639 sess.
1318 2575 1370 2651 25,
1396 2594 1423 2640 c.
1442 2576 1481 2639 19

158 2667 197 2731 de
229 2665 308 2748 ref„
342 2684 362 2729 a
392 2663 528 2745 Gregor.
560 2662 639 2728 XIII
671 2662 779 2730 Const.
813 2666 868 2729 Ad
898 2664 1066 2729 tollendam
1099 2663 1129 2729 d.
1161 2662 1191 2728 d.
1223 2665 1243 2727 5
1274 2662 1352 2728 Dec.
1387 2664 1480 2738 1582,

157 2775 177 2820 a
205 2753 303 2819 Clam.
328 2752 408 2818 VIII
432 2752 540 2818 Const.
565 2753 660 2817 Illius
682 2755 764 2817 vices
787 2752 816 2818 d.
842 2753 871 2818 d.
900 2755 938 2816 17
963 2751 1048 2833 Aug.
1076 2755 1177 2829 1592,
1209 2772 1229 2816 1
1259 2750 1380 2816 Bened.
1406 2751 1481 2815 XIV

158 2843 267 2908 Const.
292 2843 513 2907 Deteetchz'lem
538 2841 567 2906 d.
592 2841 623 2907 d.
651 2844 690 2906 10
713 2841 799 2907 Nov.
826 2844 929 2920 1752,
958 2863 978 2906 a
1001 2840 1059 2905 Pio
1082 2841 1128 2905 IX
1152 2841 1261 2906 donst.
1286 2843 1482 2925 Apostolicoe

158 2933 250 2999 Sedis
273 2931 303 2997 d.
321 2932 351 2997 d.
372 2934 411 2994 12
429 2930 501 2996 Oct.
521 2931 616 2997 1869.
656 2929 718 3011 (Of.
744 2930 844 2996 etiam
868 2951 917 3014 ep.
942 2930 1061 2995 Leonis
1079 2930 1157 2994 XIII
1181 2931 1360 2995 Poetorclis
1384 2930 1482 3014 officii

158 3021 187 3088 d.
214 3021 243 3089 d.
270 3024 310 3085 12
335 3020 424 3104 Sept.
452 3020 561 3101 1891.)

247 3119 376 3184 Poenae
400 3116 557 3200 imprimis
580 3121 673 3182 sunt:
707 3115 739 3197 1)
767 3116 1059 3181 excommunicatio
1083 3116 1114 3182 S.
1139 3115 1287 3182 Pontifici
1313 3119 1481 3181 reservata

158 3205 369 3361 {pilpgaplicce
393 3208 487 3273 Sedis
516 3225 578 3271 ser.
603 3206 650 3283 Il,
681 3203 699 3287 ὅ
724 3206 775 3286 3),
808 3207 841 3287 2)
864 3205 1091 3287 irregularitas
1115 3226 1156 3270 ex
1180 3204 1315 3270 infamia
1337 3204 1418 3269 iuris
1441 3225 1481 3269 ex

187 3319 246 3362 rr.
285 3348 291 3362 .
317 3317 344 3362 c.

96 3435 148 3488 519
247 3425 300 3483 An
324 3438 515 3494 ouassrrun
540 3421 578 3482 2³²
601 3417 640 3482 R.
668 3419 696 3483 1.
742 3416 912 3481 Privatum
937 3415 1095 3494 duellum,
1123 3420 1237 3500 utpote
1261 3414 1410 3481 illicitum
1434 3416 1481 3480 in·

158 3507 336 3584 trinsecus,
368 3529 541 3592 11111111
564 3505 729 3589 suscipere
753 3505 845 3580 licet,
876 3505 1029 3587 quamdiu
1053 3526 1116 3570 non
1141 3505 1234 3570 exuit
1256 3504 1480 3570 characterem

159 3596 267 3662 duelli.
306 3597 343 3661 Id
366 3596 468 3662 habes
490 3595 577 3662 inter
601 3595 666 3660 alia
689 3615 731 3659 ex
754 3594 901 3660 thesibus
925 3595 1081 3659 aBened.
1098 3594 1175 3658 XIV
1192 3594 1224 3658 in
1241 3592 1376 3659 Constit.
1395 3594 1479 3661 laud.

159 3685 359 3769 proscriptis,
384 3684 500 3767 quibus
516 3683 666 3761 efficitur,
691 3687 792 3749 utne
816 3683 857 3748 ad
881 3683 1082 3748 evadendam
1100 3684 1229 3766 quidem
1258 3681 1481 3760 „amissionem

158 3775 283 3851 famae,
308 3774 362 3838 vel
385 3773 500 3851 officii,
525 3773 578 3837 vel
602 3774 759 3837 bonorum
782 3772 951 3837 fortunae“
980 3772 1123 3837 duellum
1146 3773 1245 3837 liceat
1271 3772 1341 3836 sive
1366 3774 1482 3838 offerre

159 3862 229 3929 sive
252 3867 435 3946 acceptare.

248 3968 285 4034 R.
313 3971 341 4034 2.
389 3967 495 4031 Duelli
520 3988 599 4032 vero
623 3968 846 4033 characterem
871 3966 963 4033 exuit
989 3988 1116 4050 pugna,
1148 3988 1231 4050 quae
1255 3969 1293 4033 fit
1316 3966 1390 4033 ilico
1415 3968 1481 4033 sine

159 4058 391 4230 ilnddglimiil
414 4057 576 4122 actualem
601 4056 861 4139 aggressionem:
887 4077 983 4138 quam
1008 4077 1103 4134 sane,
1128 4057 1182 4139 qui
1205 4057 1347 4140 patitur,
1373 4062 1482 4140 potest

98 4275 149 4329 520
248 4260 301 4325 Au
317 4280 508 4336 1111111111
525 4262 563 4324 3”“
588 4260 625 4324 R.
647 4263 674 4324 l.
714 4260 765 4324 Ex
782 4259 877 4325 dictis
901 4259 932 4322 in
952 4263 1059 4344 priano
1083 4280 1160 4324 casu
1183 4261 1362 4343 periculum
1387 4262 1481 4328 amit-

159 4351 278 4418 tendae
308 4349 433 4426 famae,
466 4348 563 4413 officii
594 4370 666 4413 eum
696 4348 789 4413 honis
818 4348 971 4413 fortunae
1001 4371 1058 4414 seu
1089 4350 1338 4415 sustentationis
1368 4352 1481 4416 mediis

159 4461 258 4504 causa
280 4461 351 4505 esse
375 4438 496 4520 nequit,
522 4460 579 4502 our
594 4437 741 4502 Romalio
757 4438 855 4504 liceat
871 4438 1012 4503 duellum
1029 4438 1202 4521 suscipere.
1239 4439 1359 4506 Debuit
1383 4440 1483 4522 igitur

160 4550 201 4594 ex
218 4529 325 4594 officio
342 4528 519 4594 christiano
535 4527 643 4611 potius
659 4527 818 4592 iacturam
834 4529 990 4593 bonorum
1007 4528 1234 4610 temporalium
1252 4529 1346 4595 fortis
1363 4530 1479 4606 subire,

159 4639 255 4700 quam
280 4618 419 4699 ignavus
443 4617 549 4681 duello
573 4615 766 4683 consentire.
