3106 5168
174 290 239 352 410
314 283 356 338 De
373 284 521 340 virtutibus
540 288 568 339 et
585 286 683 340 officiis
701 304 767 355 erga
785 286 916 341 homines.
935 315 969 324 -
988 286 1040 341 on
1059 287 1131 342 circa
1149 287 1220 342 bona
1238 291 1362 344 externa.

174 462 266 539 dum;
292 462 438 543 adeoque
460 482 540 544 agro
564 462 747 529 desiderato
771 468 805 529 et
828 485 913 529 nunc
935 462 1094 545 acquisito
1117 463 1181 528 frui
1205 468 1327 548 potest,
1351 464 1381 529 si
1405 465 1499 531 modo

174 572 227 615 res
259 555 473 633 componatur
504 552 610 632 quoad
642 552 783 636 pretium
816 551 901 618 forte
934 553 1156 630 successivum,
1193 553 1279 634 quod
1312 553 1499 620 Frontonus

173 641 410 723 postulaverat.
457 640 579 704 Verum
602 640 755 706 Firmano
779 640 879 707 etiam
902 640 1027 719 damni,
1058 641 1085 706 si
1110 641 1195 724 quod
1219 642 1358 707 ulterius
1381 664 1499 727 passus

174 728 234 805 sit,
263 729 427 812 reparatio
451 730 491 794 ab
515 729 624 811 aliquo
649 729 801 806 debetur;
831 731 980 813 proxime
1004 730 1131 813 quidem
1155 752 1175 796 a
1199 731 1357 797 Frontoni
1382 733 1497 810 amico,

173 817 230 882 sed
254 839 326 883 cum
350 818 404 882 ille
427 817 460 882 in
483 818 686 883 commodum
710 817 865 885 Frontoni
889 819 1003 902 egerit,
1031 819 1175 903 practice
1198 820 1386 886 Frontonus
1409 821 1498 887 illam

172 905 418 973 indemnitatem
433 912 604 990 praestare
621 907 727 985 debet,
752 907 814 972 uisi
838 909 1005 992 praeferat
1028 913 1232 975 contractum
1256 909 1454 976 rescindere.

261 1014 300 1080 R.
325 1016 356 1080 4.
403 1012 495 1089 Quod
517 1018 627 1080 autem
650 1012 821 1079 Firmanus
851 1036 909 1097 spe
939 1014 1020 1079 lucri
1050 1037 1093 1080 ex
1115 1015 1235 1080 fodinis
1264 1017 1392 1083 metalli
1418 1017 1498 1082 hau·

171 1101 275 1166 riendi
291 1102 463 1168 fraudatus
479 1102 538 1168 sit:
563 1102 624 1168 hoc
642 1103 767 1167 lucrum
784 1123 915 1169 cessans
938 1124 1032 1168 nemo
1055 1103 1103 1168 illi
1125 1109 1259 1170 tenetur
1274 1126 1496 1189 compensare.

171 1191 224 1255 Ad
247 1191 309 1256 hoc
333 1191 418 1256 enim
441 1212 500 1275 per
515 1213 551 1257 se
573 1191 624 1255 ius
648 1213 711 1256 non
727 1191 851 1270 habuit,
876 1197 911 1258 et
927 1193 1012 1273 quod
1035 1191 1177 1259 inaniter
1195 1191 1277 1258 illud
1300 1196 1495 1277 speraverit,

172 1300 251 1345 suae
274 1280 460 1347 credulitati
484 1284 518 1346 et
540 1279 670 1346 levitati
692 1281 796 1363 imput
816 1285 840 1347 t.

542 1515 690 1582 uanus
714 1516 762 1582 m
785 1516 1045 1582 0011111011
1069 1517 1122 1599 (i.

729 1675 839 1740 Casus.
867 1683 943 1751 (251)

260 1821 414 1882 Numidius
429 1823 612 1893 adulescens
635 1822 683 1898 qui
697 1824 861 1882 studiorum
876 1829 906 1882 et
921 1824 1103 1883 educationis
1118 1844 1210 1883 causa
1224 1825 1302 1901 apud
1318 1826 1494 1884 avunculum

172 1901 303 1972 habitat,
326 1921 391 1960 cum
413 1923 430 1960 a
452 1903 587 1978 cognatis
608 1922 645 1961 ex
667 1904 746 1962 linea
767 1910 902 1963 materna
922 1904 1044 1963 fecisset
1064 1924 1200 1979 magnam
1222 1905 1435 1977 hereditatem,
1459 1909 1493 1964 ab

173 1983 319 2041 avunculo
341 1983 453 2054 aditur,
481 1989 515 2041 ut
543 2003 642 2042 secum
670 1984 752 2042 ineat
779 1984 816 2041 ed
840 1986 876 2042 10
899 2004 992 2043 annos
1020 1984 1193 2043 societatem
1222 1985 1253 2043 in
1279 1986 1401 2060 negotio
1423 1987 1493 2046 satis

171 2062 351 2138 periculoso;
381 2063 406 2121 si
433 2064 497 2140 ipse
519 2069 646 2134 annuat,
675 2083 708 2122 se
730 2069 898 2123 curaturum
921 2083 1096 2123 consensum
1118 2064 1227 2141 patris;
1257 2064 1284 2124 si
1311 2072 1436 2137 renuat,
1463 2085 1493 2124 se

171 2162 259 2218 posse
274 2162 386 2215 curare,
409 2150 441 2202 ut
461 2149 546 2220 pater
559 2145 656 2220 ipsum
677 2145 812 2203 retrahat
825 2165 844 2202 a
858 2144 973 2204 studiis.
1009 2145 1120 2215 Quibus
1134 2144 1289 2204 Numidius
1311 2147 1493 2221 perterritus,

171 2227 238 2281 utut
258 2223 379 2296 invitus,
402 2225 513 2283 annuit.
549 2223 621 2283 (lum
642 2231 711 2300 post
726 2224 838 2299 aliquot
859 2244 953 2283 anuos
974 2225 1067 2284 maior
1082 2227 1180 2284 factus
1202 2226 1251 2293 sit,
1273 2226 1367 2286 obicit
1387 2232 1493 2286 metum

171 2303 228 2361 eibi
248 2304 380 2373 illatum,
402 2309 431 2362 et
452 2304 589 2380 quoniam
610 2305 673 2363 loco
695 2304 769 2362 lucri
790 2305 996 2363 detrimentum
1018 2305 1112 2376 adsit,
1134 2311 1229 2364 totum
1250 2305 1410 2366 societatis
1431 2327 1493 2366 con·

171 2388 299 2442 tractum
320 2404 372 2458 pro
394 2384 524 2442 invalido
546 2387 583 2442 ab
604 2384 688 2443 initio
710 2385 834 2443 tractari
854 2385 934 2455 vult,
963 2384 1169 2444 detrimentum
1190 2386 1220 2443 in
1242 2387 1337 2445 solius
1359 2386 1493 2446 avunculi

172 2464 307 2521 fortunas
329 2464 486 2523 coniciens.

173 2566 349 2636 Quaamrun
372 2575 399 2628 1⁰
424 2570 493 2646 quid
514 2569 625 2628 efficiat
645 2576 741 2628 metus
761 2570 793 2628 in
815 2576 980 2631 contractu.

369 2661 399 2716 2ο
424 2665 543 2717 rectene
565 2666 687 2717 censeat
707 2658 861 2718 Numidius
883 2659 913 2717 in
935 2679 1015 2719 casu.

765 2859 899 2926 Salutio.

109 3010 160 3062 812
260 3003 312 3066 Aa
336 3021 526 3077 Quaasmuu
553 3004 589 3064 1¹¹¹
620 3001 657 3067 R.
687 3003 715 3067 1.
760 3002 835 3066 lure
865 3005 1002 3066 naturae
1029 3007 1135 3066 metus
1159 3001 1288 3083 gravis,
1322 3004 1424 3069 etiam
1448 3004 1491 3068 in-

170 3092 254 3156 iuste
278 3091 435 3164 incussae,
461 3095 648 3155 contractus
672 3112 735 3155 non
760 3090 840 3156 facit
863 3091 969 3154 nullos
991 3091 1048 3153 sed
1072 3090 1304 3168 rescindibiles,
1331 3092 1394 3156 uisi
1411 3093 1491 3157 forte

171 3180 315 3263 excipias
336 3179 587 3250 matrimonium,
613 3180 707 3261 quod,
732 3178 759 3243 si
783 3180 882 3243 semel
899 3180 1042 3244 validum
1058 3180 1168 3255 fuerit,
1192 3179 1401 3246 rescindibile
1425 3202 1491 3246 esse

171 3291 234 3333 non
265 3269 376 3352 possit.
400 3269 590 3334 —Verum
622 3290 663 3332 ex
693 3268 761 3332 solo
793 3269 862 3333 iure
893 3275 1030 3334 naturae
1053 3268 1277 3333 rescindibiles
1301 3270 1385 3334 facit
1409 3271 1490 3334 solos

170 3380 226 3423 eos
250 3363 455 3436 contractus,
479 3358 511 3422 in
536 3358 651 3440 quibus
674 3358 759 3421 alter
783 3358 978 3421 contrahens
1002 3363 1123 3421 metum
1148 3379 1286 3422 causans
1311 3359 1364 3423 vel
1389 3364 1491 3424 metus

171 3449 318 3512 conscius
341 3448 449 3513 fuerit.

259 3546 297 3610 R.
331 3549 359 3610 2.
406 3546 480 3609 lure
510 3544 650 3627 positivo
682 3543 903 3609 ecclesiastico
934 3543 1116 3626 complures
1146 3543 1293 3608 actiones
1327 3566 1369 3609 ex
1400 3545 1488 3628 gravi

170 3637 259 3697 metu
283 3638 376 3698 ortae
399 3635 469 3716 ipso
493 3634 582 3699 facto
605 3633 719 3698 irritae
742 3654 799 3697 seu
829 3632 993 3697 invalidae
1018 3631 1165 3696 redditae
1188 3636 1281 3696 sunt:
1313 3654 1397 3714 quas
1421 3635 1489 3698 vide

175 3723 230 3786 le.
255 3746 295 3789 m.
320 3723 344 3798 1,
373 3726 465 3788 1066.

260 3828 297 3893 R..
323 3832 352 3891 3.
400 3829 473 3892 lure
497 3827 582 3891 civili
607 3832 681 3912 tum·
702 3827 865 3891 Gallico
891 3825 933 3905 (a.
963 3827 1209 3908 1109-1117),
1233 3831 1304 3892 tum
1330 3829 1487 3893 Germa·

169 3917 261 3981 nico
286 3915 317 3997 (ξ
345 3916 419 3996 123)
445 3939 506 3979 uon
531 3916 630 3992 irriti,
660 3917 717 3979 sed
740 3916 961 3980 rescindibiles
985 3921 1061 3980 suut
1085 3919 1290 3993 contractus,
1325 3918 1388 3997 „ad
1413 3939 1487 4001 quos

170 4006 286 4088 aliquis
309 4006 428 4070 iniusto
453 4010 540 4069 metu
565 4027 622 4068 seu
646 4006 764 4069 iniuste
795 4026 852 4088 per
876 4005 980 4068 minas
1005 4005 1157 4068 adactus“
1187 4010 1255 4069 est:
1287 4006 1335 4070 ita
1360 4029 1402 4072 ex
1426 4010 1487 4071 iure

170 4101 315 4171 Germ„
348 4095 411 4158 alia
435 4095 506 4158 iura
531 4095 685 4178 deperiri
708 4100 797 4158 metu
822 4095 1013 4174 loquuntur,
1043 4095 1128 4174 quod
1152 4094 1298 4176 practice
1322 4117 1388 4160 non
1412 4098 1486 4161 adeo

169 4185 279 4267 magni
303 4184 496 4248 discriminis
527 4189 593 4257 est,
626 4205 663 4247 eo
695 4185 777 4263 quod
810 4185 891 4245 levis
922 4187 1027 4245 metus
1059 4204 1122 4245 non
1153 4183 1259 4248 soleat
1289 4205 1363 4249 esse
1395 4207 1485 4250 ceum

169 4278 299 4361 ‹icliqeas
333 4273 468 4338 alicuius
493 4272 640 4338 actionis,
688 4272 903 4335 Nihilominus
927 4272 958 4335 iu
984 4272 1053 4334 iure
1078 4273 1204 4336 (term.
1231 4273 1328 4354 longe
1354 4275 1485 4339 facilius.

168 4365 296 4444 quando
320 4367 427 4427 metus
451 4364 593 4426 01100111
614 4365 723 4441 proris·
747 4385 808 4426 100
833 4361 910 4437 suit,
942 4361 1037 4424 iudici
1066 4361 1259 4441 relinquitur
1282 4364 1485 4445 perpendere,

168 4474 243 4516 num
263 4451 470 4515 nihilominus
493 4451 673 4515 subiective
697 4451 751 4513 ille
774 4456 880 4515 metus
905 4450 1149 4514 contrahentem
1168 4451 1446 4518 determinaverit.

256 4561 294 4625 lt.
327 4563 357 4622 4.
408 4558 589 4622 Secundum
621 4558 692 4620 iura
723 4557 862 4638 positiva
893 4557 1060 4620 nominata
1090 4578 1153 4619 nou
1184 4562 1330 4635 tantum,
1364 4558 1485 4640 quando

168 4651 253 4714 alter
268 4648 464 4712 contrahens
488 4647 528 4711 ad
553 4646 810 4726 extorquendum
828 4650 1031 4709 contractum
1057 4645 1174 4709 iniuste
1198 4649 1322 4710 metum
1346 4647 1484 4718 incussit,
