<?xml version="1.0" encoding="UTF-8"?>
<!DOCTYPE html PUBLIC "-//W3C//DTD XHTML 1.0 Transitional//EN"
    "http://www.w3.org/TR/xhtml1/DTD/xhtml1-transitional.dtd">
<html xmlns="http://www.w3.org/1999/xhtml" xml:lang="en" lang="en">
 <head>
  <title>
</title>
<meta http-equiv="Content-Type" content="text/html;charset=utf-8" />
  <meta name='ocr-system' content='tesseract 3.04.00' />
  <meta name='ocr-capabilities' content='ocr_page ocr_carea ocr_par ocr_line ocrx_word'/>
</head>
<body>
  <div class='ocr_page' id='page_1' title='image "./casusconscienti01lehmgoog_0088.png"; bbox 0 0 3106 5168; ppageno 0'>
   <div class='ocr_carea' id='block_1_1' title="bbox 150 223 907 295">
    <p class='ocr_par' dir='ltr' id='par_1_1' title="bbox 150 223 907 295">
     <span class='ocr_line' id='line_1_1' title="bbox 150 223 907 295; baseline -0.015 -6"><span class='ocrx_word' id='word_1_1' title='bbox 150 227 191 289; x_wconf 83' lang='lat'><strong>72</strong></span> <span class='ocrx_word' id='word_1_2' title='bbox 716 223 757 279; x_wconf 89' lang='lat' dir='ltr'><strong>De</strong></span> <span class='ocrx_word' id='word_1_3' title='bbox 778 224 907 295; x_wconf 83' lang='lat' dir='ltr'><strong>peccatis.</strong></span> 
     </span>
    </p>
   </div>
   <div class='ocr_carea' id='block_1_2' title="bbox 149 397 1480 663">
    <p class='ocr_par' dir='ltr' id='par_1_2' title="bbox 149 397 1480 663">
     <span class='ocr_line' id='line_1_2' title="bbox 238 397 1479 484; baseline 0.002 -21"><span class='ocrx_word' id='word_1_4' title='bbox 238 398 278 464; x_wconf 90' lang='lat' dir='ltr'><strong>R.</strong></span> <span class='ocrx_word' id='word_1_5' title='bbox 304 401 333 465; x_wconf 88' lang='lat'><strong>2.</strong></span> <span class='ocrx_word' id='word_1_6' title='bbox 379 397 514 483; x_wconf 82' lang='lat' dir='ltr'>Lysias,</span> <span class='ocrx_word' id='word_1_7' title='bbox 545 402 621 464; x_wconf 90' lang='lat' dir='ltr'><strong>utut</strong></span> <span class='ocrx_word' id='word_1_8' title='bbox 644 398 825 467; x_wconf 88' lang='lat' dir='ltr'><strong>theoretice</strong></span> <span class='ocrx_word' id='word_1_9' title='bbox 848 399 994 466; x_wconf 89' lang='lat' dir='ltr'><strong>rationes</strong></span> <span class='ocrx_word' id='word_1_10' title='bbox 1020 420 1084 464; x_wconf 92' lang='lat' dir='ltr'><strong>non</strong></span> <span class='ocrx_word' id='word_1_11' title='bbox 1108 400 1311 484; x_wconf 87' lang='lat' dir='ltr'><strong>spernendas</strong></span> <span class='ocrx_word' id='word_1_12' title='bbox 1333 420 1394 484; x_wconf 90' lang='lat' dir='ltr'><strong>pro</strong></span> <span class='ocrx_word' id='word_1_13' title='bbox 1417 421 1479 466; x_wconf 89' lang='lat' dir='ltr'><strong>aua</strong></span> 
     </span>
     <span class='ocr_line' id='line_1_3' title="bbox 150 487 1480 573; baseline 0.002 -19"><span class='ocrx_word' id='word_1_14' title='bbox 150 487 301 572; x_wconf 86' lang='lat' dir='ltr'><strong>opinione</strong></span> <span class='ocrx_word' id='word_1_15' title='bbox 320 487 484 554; x_wconf 88' lang='lat' dir='ltr'><strong>adducere</strong></span> <span class='ocrx_word' id='word_1_16' title='bbox 505 492 626 573; x_wconf 88' lang='lat' dir='ltr'><strong>potest,</strong></span> <span class='ocrx_word' id='word_1_17' title='bbox 650 509 723 555; x_wconf 90' lang='lat' dir='ltr'><strong>eam</strong></span> <span class='ocrx_word' id='word_1_18' title='bbox 746 494 858 556; x_wconf 90' lang='lat' dir='ltr'><strong>tamen</strong></span> <span class='ocrx_word' id='word_1_19' title='bbox 881 510 946 554; x_wconf 93' lang='lat' dir='ltr'><strong>non</strong></span> <span class='ocrx_word' id='word_1_20' title='bbox 962 488 1085 554; x_wconf 82' lang='lat' dir='ltr'><strong>evincit</strong></span> <span class='ocrx_word' id='word_1_21' title='bbox 1108 493 1143 556; x_wconf 88' lang='lat' dir='ltr'><strong>et</strong></span> <span class='ocrx_word' id='word_1_22' title='bbox 1164 489 1311 573; x_wconf 88' lang='lat' dir='ltr'><strong>practice</strong></span> <span class='ocrx_word' id='word_1_23' title='bbox 1331 489 1480 556; x_wconf 84' lang='lat' dir='ltr'><strong>severius</strong></span> 
     </span>
     <span class='ocr_line' id='line_1_4' title="bbox 149 576 1478 663; baseline 0.004 -22"><span class='ocrx_word' id='word_1_24' title='bbox 149 576 282 656; x_wconf 90' lang='lat' dir='ltr'><strong>iudicat,</strong></span> <span class='ocrx_word' id='word_1_25' title='bbox 308 598 389 642; x_wconf 88' lang='lat' dir='ltr'><strong>onus</strong></span> <span class='ocrx_word' id='word_1_26' title='bbox 404 598 504 662; x_wconf 86' lang='lat' dir='ltr'><strong>saepe</strong></span> <span class='ocrx_word' id='word_1_27' title='bbox 526 577 732 646; x_wconf 82' lang='lat' dir='ltr'>intolerabile</span> <span class='ocrx_word' id='word_1_28' title='bbox 755 579 925 663; x_wconf 90' lang='lat' dir='ltr'><strong>imponens</strong></span> <span class='ocrx_word' id='word_1_29' title='bbox 949 581 983 645; x_wconf 89' lang='lat' dir='ltr'><strong>et</strong></span> <span class='ocrx_word' id='word_1_30' title='bbox 1006 577 1189 662; x_wconf 89' lang='lat' dir='ltr'><strong>paenitenti</strong></span> <span class='ocrx_word' id='word_1_31' title='bbox 1212 582 1246 646; x_wconf 89' lang='lat' dir='ltr'><strong>et</strong></span> <span class='ocrx_word' id='word_1_32' title='bbox 1266 577 1478 647; x_wconf 79' lang='lat' dir='ltr'><strong>confessario.</strong></span> 
     </span>
    </p>
   </div>
   <div class='ocr_carea' id='block_1_3' title="bbox 148 674 1482 2452">
    <p class='ocr_par' dir='ltr' id='par_1_3' title="bbox 148 674 1480 1097">
     <span class='ocr_line' id='line_1_5' title="bbox 238 674 1478 760; baseline 0.001 -19"><span class='ocrx_word' id='word_1_33' title='bbox 238 674 273 741; x_wconf 83' lang='lat' dir='ltr'><strong>Si</strong></span> <span class='ocrx_word' id='word_1_34' title='bbox 296 674 382 740; x_wconf 92' lang='lat' dir='ltr'><strong>enim</strong></span> <span class='ocrx_word' id='word_1_35' title='bbox 405 674 517 758; x_wconf 89' lang='lat' dir='ltr'><strong>agitur</strong></span> <span class='ocrx_word' id='word_1_36' title='bbox 539 676 580 743; x_wconf 89' lang='lat' dir='ltr'><strong>de</strong></span> <span class='ocrx_word' id='word_1_37' title='bbox 602 675 723 758; x_wconf 88' lang='lat' dir='ltr'><strong>gaudio</strong></span> <span class='ocrx_word' id='word_1_38' title='bbox 746 676 829 743; x_wconf 89' lang='lat' dir='ltr'><strong>certi</strong></span> <span class='ocrx_word' id='word_1_39' title='bbox 859 675 986 760; x_wconf 89' lang='lat' dir='ltr'><strong>peccati</strong></span> <span class='ocrx_word' id='word_1_40' title='bbox 1018 676 1144 759; x_wconf 90' lang='lat' dir='ltr'><strong>patrati</strong></span> <span class='ocrx_word' id='word_1_41' title='bbox 1172 676 1228 742; x_wconf 91' lang='lat' dir='ltr'><strong>vel</strong></span> <span class='ocrx_word' id='word_1_42' title='bbox 1250 675 1291 741; x_wconf 91' lang='lat' dir='ltr'><strong>de</strong></span> <span class='ocrx_word' id='word_1_43' title='bbox 1315 675 1478 742; x_wconf 88' lang='lat' dir='ltr'><strong>desiderio</strong></span> 
     </span>
     <span class='ocr_line' id='line_1_6' title="bbox 148 763 1479 849; baseline 0.003 -21"><span class='ocrx_word' id='word_1_44' title='bbox 148 763 276 847; x_wconf 89' lang='lat' dir='ltr'><strong>peccati</strong></span> <span class='ocrx_word' id='word_1_45' title='bbox 292 764 374 831; x_wconf 89' lang='lat' dir='ltr'><strong>certi</strong></span> <span class='ocrx_word' id='word_1_46' title='bbox 389 764 535 831; x_wconf 81' lang='lat' dir='ltr'><strong>externi:</strong></span> <span class='ocrx_word' id='word_1_47' title='bbox 560 785 640 831; x_wconf 89' lang='lat' dir='ltr'><strong>sane</strong></span> <span class='ocrx_word' id='word_1_48' title='bbox 659 786 771 831; x_wconf 91' lang='lat' dir='ltr'><strong>omnes</strong></span> <span class='ocrx_word' id='word_1_49' title='bbox 788 763 1051 832; x_wconf 86' lang='lat' dir='ltr'><strong>circumstantias</strong></span> <span class='ocrx_word' id='word_1_50' title='bbox 1074 765 1170 830; x_wconf 89' lang='lat' dir='ltr'><strong>huius</strong></span> <span class='ocrx_word' id='word_1_51' title='bbox 1192 768 1316 832; x_wconf 71' lang='lat' dir='ltr'><strong>externi</strong></span> <span class='ocrx_word' id='word_1_52' title='bbox 1338 765 1479 849; x_wconf 87' lang='lat' dir='ltr'><strong>peccati,</strong></span> 
     </span>
     <span class='ocr_line' id='line_1_7' title="bbox 149 852 1480 937; baseline 0.002 -20"><span class='ocrx_word' id='word_1_53' title='bbox 149 873 234 935; x_wconf 90' lang='lat' dir='ltr'><strong>quae</strong></span> <span class='ocrx_word' id='word_1_54' title='bbox 257 852 401 937; x_wconf 89' lang='lat' dir='ltr'><strong>speciem</strong></span> <span class='ocrx_word' id='word_1_55' title='bbox 424 856 563 933; x_wconf 90' lang='lat' dir='ltr'><strong>mutant,</strong></span> <span class='ocrx_word' id='word_1_56' title='bbox 588 853 689 921; x_wconf 88' lang='lat' dir='ltr'><strong>etiam</strong></span> <span class='ocrx_word' id='word_1_57' title='bbox 711 853 745 919; x_wconf 95' lang='lat' dir='ltr'><strong>in</strong></span> <span class='ocrx_word' id='word_1_58' title='bbox 768 854 832 921; x_wconf 92' lang='lat' dir='ltr'><strong>istc</strong></span> <span class='ocrx_word' id='word_1_59' title='bbox 855 853 976 936; x_wconf 86' lang='lat' dir='ltr'><strong>gaudio</strong></span> <span class='ocrx_word' id='word_1_60' title='bbox 1000 857 1035 921; x_wconf 91' lang='lat' dir='ltr'><strong>et</strong></span> <span class='ocrx_word' id='word_1_61' title='bbox 1057 853 1219 921; x_wconf 88' lang='lat' dir='ltr'><strong>desiderio</strong></span> <span class='ocrx_word' id='word_1_62' title='bbox 1238 854 1400 921; x_wconf 84' lang='lat' dir='ltr'><strong>declarari</strong></span> <span class='ocrx_word' id='word_1_63' title='bbox 1422 854 1480 920; x_wconf 90' lang='lat' dir='ltr'><strong>de·</strong></span> 
     </span>
     <span class='ocr_line' id='line_1_8' title="bbox 150 942 1479 1028; baseline 0.002 -22"><span class='ocrx_word' id='word_1_64' title='bbox 150 943 244 1016; x_wconf 87' lang='lat' dir='ltr'><strong>bent;</strong></span> <span class='ocrx_word' id='word_1_65' title='bbox 277 942 354 1024; x_wconf 92' lang='lat' dir='ltr'><strong>quia</strong></span> <span class='ocrx_word' id='word_1_66' title='bbox 384 947 556 1027; x_wconf 92' lang='lat' dir='ltr'><strong>peccatum</strong></span> <span class='ocrx_word' id='word_1_67' title='bbox 588 943 669 1008; x_wconf 91' lang='lat' dir='ltr'><strong>illud</strong></span> <span class='ocrx_word' id='word_1_68' title='bbox 701 946 808 1010; x_wconf 90' lang='lat' dir='ltr'><strong>totum</strong></span> <span class='ocrx_word' id='word_1_69' title='bbox 837 943 1057 1028; x_wconf 87' lang='lat' dir='ltr'><strong>approbatur,</strong></span> <span class='ocrx_word' id='word_1_70' title='bbox 1090 948 1188 1028; x_wconf 93' lang='lat' dir='ltr'><strong>prout</strong></span> <span class='ocrx_word' id='word_1_71' title='bbox 1220 948 1273 1011; x_wconf 87' lang='lat' dir='ltr'><strong>est</strong></span> <span class='ocrx_word' id='word_1_72' title='bbox 1303 943 1338 1010; x_wconf 92' lang='lat' dir='ltr'><strong>in</strong></span> <span class='ocrx_word' id='word_1_73' title='bbox 1367 964 1479 1010; x_wconf 90' lang='lat' dir='ltr'><strong>rerum</strong></span> 
     </span>
     <span class='ocr_line' id='line_1_9' title="bbox 149 1035 279 1097; baseline 0.015 -2"><span class='ocrx_word' id='word_1_74' title='bbox 149 1035 279 1097; x_wconf 90' lang='lat' dir='ltr'><strong>natura.</strong></span> 
     </span>
    </p>

    <p class='ocr_par' dir='ltr' id='par_1_4' title="bbox 149 1119 1482 2452">
     <span class='ocr_line' id='line_1_10' title="bbox 239 1119 1480 1204; baseline 0.002 -20"><span class='ocrx_word' id='word_1_75' title='bbox 239 1119 360 1185; x_wconf 90' lang='lat' dir='ltr'><strong>Verum</strong></span> <span class='ocrx_word' id='word_1_76' title='bbox 391 1119 420 1184; x_wconf 89' lang='lat' dir='ltr'><strong>si</strong></span> <span class='ocrx_word' id='word_1_77' title='bbox 450 1120 490 1185; x_wconf 90' lang='lat' dir='ltr'><strong>de</strong></span> <span class='ocrx_word' id='word_1_78' title='bbox 519 1120 687 1187; x_wconf 82' lang='lat' dir='ltr'><strong>luxurioso</strong></span> <span class='ocrx_word' id='word_1_79' title='bbox 719 1119 877 1187; x_wconf 89' lang='lat' dir='ltr'><strong>desiderio</strong></span> <span class='ocrx_word' id='word_1_80' title='bbox 910 1119 1071 1186; x_wconf 89' lang='lat' dir='ltr'><strong>inefficaci</strong></span> <span class='ocrx_word' id='word_1_81' title='bbox 1102 1119 1260 1204; x_wconf 87' lang='lat' dir='ltr'><strong>peccandi</strong></span> <span class='ocrx_word' id='word_1_82' title='bbox 1291 1119 1325 1185; x_wconf 91' lang='lat' dir='ltr'><strong>in</strong></span> <span class='ocrx_word' id='word_1_83' title='bbox 1356 1140 1480 1203; x_wconf 82' lang='lat' dir='ltr'><strong>genere</strong></span> 
     </span>
     <span class='ocr_line' id='line_1_11' title="bbox 150 1208 1479 1292; baseline 0.001 -18"><span class='ocrx_word' id='word_1_84' title='bbox 150 1208 278 1291; x_wconf 89' lang='lat' dir='ltr'><strong>agitur,</strong></span> <span class='ocrx_word' id='word_1_85' title='bbox 302 1212 394 1275; x_wconf 87' lang='lat' dir='ltr'><strong>certa</strong></span> <span class='ocrx_word' id='word_1_86' title='bbox 416 1229 559 1292; x_wconf 92' lang='lat' dir='ltr'><strong>persona</strong></span> <span class='ocrx_word' id='word_1_87' title='bbox 581 1209 684 1276; x_wconf 91' lang='lat' dir='ltr'><strong>menti</strong></span> <span class='ocrx_word' id='word_1_88' title='bbox 707 1231 771 1275; x_wconf 92' lang='lat' dir='ltr'><strong>non</strong></span> <span class='ocrx_word' id='word_1_89' title='bbox 795 1211 1008 1288; x_wconf 88' lang='lat' dir='ltr'><strong>obversante,</strong></span> <span class='ocrx_word' id='word_1_90' title='bbox 1033 1210 1086 1276; x_wconf 89' lang='lat' dir='ltr'><strong>vel</strong></span> <span class='ocrx_word' id='word_1_91' title='bbox 1112 1210 1152 1276; x_wconf 89' lang='lat' dir='ltr'><strong>de</strong></span> <span class='ocrx_word' id='word_1_92' title='bbox 1174 1208 1348 1276; x_wconf 90' lang='lat' dir='ltr'><strong>libidinosa</strong></span> <span class='ocrx_word' id='word_1_93' title='bbox 1370 1209 1479 1275; x_wconf 89' lang='lat' dir='ltr'><strong>delec-</strong></span> 
     </span>
     <span class='ocr_line' id='line_1_12' title="bbox 149 1298 1481 1383; baseline 0.002 -20"><span class='ocrx_word' id='word_1_94' title='bbox 149 1298 276 1365; x_wconf 76' lang='lat' dir='ltr'><strong>tatione</strong></span> <span class='ocrx_word' id='word_1_95' title='bbox 306 1319 349 1364; x_wconf 88' lang='lat' dir='ltr'><strong>ex</strong></span> <span class='ocrx_word' id='word_1_96' title='bbox 378 1298 506 1363; x_wconf 91' lang='lat' dir='ltr'><strong>obiecto</strong></span> <span class='ocrx_word' id='word_1_97' title='bbox 538 1299 627 1383; x_wconf 86' lang='lat' dir='ltr'><strong>turpi</strong></span> <span class='ocrx_word' id='word_1_98' title='bbox 659 1298 805 1381; x_wconf 88' lang='lat' dir='ltr'><strong>cogitato</strong></span> <span class='ocrx_word' id='word_1_99' title='bbox 836 1298 939 1364; x_wconf 89' lang='lat' dir='ltr'><strong>libere</strong></span> <span class='ocrx_word' id='word_1_100' title='bbox 969 1303 1086 1383; x_wconf 90' lang='lat' dir='ltr'><strong>capta:</strong></span> <span class='ocrx_word' id='word_1_101' title='bbox 1125 1319 1205 1364; x_wconf 88' lang='lat' dir='ltr'><strong>sane</strong></span> <span class='ocrx_word' id='word_1_102' title='bbox 1244 1319 1310 1364; x_wconf 91' lang='lat' dir='ltr'><strong>non</strong></span> <span class='ocrx_word' id='word_1_103' title='bbox 1346 1302 1481 1365; x_wconf 85' lang='lat' dir='ltr'><strong>constat</strong></span> 
     </span>
     <span class='ocr_line' id='line_1_13' title="bbox 150 1386 1480 1471; baseline 0 -19"><span class='ocrx_word' id='word_1_104' title='bbox 150 1408 263 1453; x_wconf 89' lang='lat' dir='ltr'><strong>omnes</strong></span> <span class='ocrx_word' id='word_1_105' title='bbox 300 1386 564 1454; x_wconf 86' lang='lat' dir='ltr'><strong>circumstantias</strong></span> <span class='ocrx_word' id='word_1_106' title='bbox 602 1387 731 1453; x_wconf 84' lang='lat' dir='ltr'><strong>externi</strong></span> <span class='ocrx_word' id='word_1_107' title='bbox 768 1386 899 1471; x_wconf 88' lang='lat' dir='ltr'><strong>peccati</strong></span> <span class='ocrx_word' id='word_1_108' title='bbox 932 1387 987 1453; x_wconf 92' lang='lat' dir='ltr'><strong>vel</strong></span> <span class='ocrx_word' id='word_1_109' title='bbox 1021 1386 1140 1454; x_wconf 88' lang='lat' dir='ltr'><strong>obiecti</strong></span> <span class='ocrx_word' id='word_1_110' title='bbox 1175 1386 1390 1454; x_wconf 88' lang='lat' dir='ltr'><strong>commovisse</strong></span> <span class='ocrx_word' id='word_1_111' title='bbox 1424 1387 1480 1454; x_wconf 86' lang='lat' dir='ltr'><strong>vel</strong></span> 
     </span>
     <span class='ocr_line' id='line_1_14' title="bbox 150 1474 1480 1561; baseline 0 -19"><span class='ocrx_word' id='word_1_112' title='bbox 150 1476 283 1542; x_wconf 86' lang='lat' dir='ltr'><strong>auxisse</strong></span> <span class='ocrx_word' id='word_1_113' title='bbox 299 1476 551 1543; x_wconf 82' lang='lat' dir='ltr'><strong>delectationem</strong></span> <span class='ocrx_word' id='word_1_114' title='bbox 573 1497 726 1561; x_wconf 88' lang='lat' dir='ltr'><strong>pravam;</strong></span> <span class='ocrx_word' id='word_1_115' title='bbox 751 1475 865 1559; x_wconf 89' lang='lat' dir='ltr'><strong>quodsi</strong></span> <span class='ocrx_word' id='word_1_116' title='bbox 888 1497 952 1541; x_wconf 91' lang='lat' dir='ltr'><strong>non</strong></span> <span class='ocrx_word' id='word_1_117' title='bbox 976 1475 1200 1560; x_wconf 80' lang='lat' dir='ltr'><strong>apprehensae</strong></span> <span class='ocrx_word' id='word_1_118' title='bbox 1223 1474 1347 1542; x_wconf 69' lang='lat' dir='ltr'><strong>meunt</strong></span> <span class='ocrx_word' id='word_1_119' title='bbox 1369 1481 1406 1543; x_wconf 92' lang='lat' dir='ltr'><strong>ut</strong></span> <span class='ocrx_word' id='word_1_120' title='bbox 1422 1476 1480 1542; x_wconf 90' lang='lat' dir='ltr'><strong>de·</strong></span> 
     </span>
     <span class='ocr_line' id='line_1_15' title="bbox 150 1565 1478 1643; baseline 0.004 -14"><span class='ocrx_word' id='word_1_121' title='bbox 150 1565 339 1643; x_wconf 85' lang='lat' dir='ltr'><strong>lactabiles,</strong></span> <span class='ocrx_word' id='word_1_122' title='bbox 374 1586 439 1630; x_wconf 92' lang='lat' dir='ltr'><strong>non</strong></span> <span class='ocrx_word' id='word_1_123' title='bbox 472 1565 603 1632; x_wconf 90' lang='lat' dir='ltr'><strong>videtur</strong></span> <span class='ocrx_word' id='word_1_124' title='bbox 633 1567 749 1632; x_wconf 90' lang='lat' dir='ltr'><strong>harum</strong></span> <span class='ocrx_word' id='word_1_125' title='bbox 782 1565 1102 1632; x_wconf 81' lang='lat' dir='ltr'><strong>circumstantiarum</strong></span> <span class='ocrx_word' id='word_1_126' title='bbox 1135 1565 1263 1632; x_wconf 89' lang='lat' dir='ltr'><strong>malitia</strong></span> <span class='ocrx_word' id='word_1_127' title='bbox 1295 1569 1478 1634; x_wconf 87' lang='lat' dir='ltr'><strong>contracta.</strong></span> 
     </span>
     <span class='ocr_line' id='line_1_16' title="bbox 151 1653 1480 1738; baseline 0 -19"><span class='ocrx_word' id='word_1_128' title='bbox 151 1653 258 1737; x_wconf 88' lang='lat' dir='ltr'><strong>Magis</strong></span> <span class='ocrx_word' id='word_1_129' title='bbox 275 1654 375 1720; x_wconf 88' lang='lat' dir='ltr'><strong>etiam</strong></span> <span class='ocrx_word' id='word_1_130' title='bbox 391 1654 536 1738; x_wconf 83' lang='lat' dir='ltr'><strong>theologi</strong></span> <span class='ocrx_word' id='word_1_131' title='bbox 552 1654 635 1721; x_wconf 89' lang='lat' dir='ltr'><strong>satis</strong></span> <span class='ocrx_word' id='word_1_132' title='bbox 650 1675 771 1737; x_wconf 87' lang='lat' dir='ltr'><strong>graves</strong></span> <span class='ocrx_word' id='word_1_133' title='bbox 786 1655 915 1720; x_wconf 89' lang='lat' dir='ltr'><strong>dicunt:</strong></span> <span class='ocrx_word' id='word_1_134' title='bbox 938 1654 972 1719; x_wconf 94' lang='lat' dir='ltr'><strong>in</strong></span> <span class='ocrx_word' id='word_1_135' title='bbox 988 1653 1188 1738; x_wconf 85' lang='lat' dir='ltr'><strong>simplicibus</strong></span> <span class='ocrx_word' id='word_1_136' title='bbox 1205 1654 1480 1721; x_wconf 88' lang='lat' dir='ltr'><strong>delectationibus</strong></span> 
     </span>
     <span class='ocr_line' id='line_1_17' title="bbox 152 1742 1479 1810; baseline 0.001 -3"><span class='ocrx_word' id='word_1_137' title='bbox 152 1742 403 1809; x_wconf 86' lang='lat' dir='ltr'><strong>delectationem</strong></span> <span class='ocrx_word' id='word_1_138' title='bbox 437 1743 518 1809; x_wconf 83' lang='lat' dir='ltr'><strong>ferri</strong></span> <span class='ocrx_word' id='word_1_139' title='bbox 553 1744 659 1809; x_wconf 91' lang='lat' dir='ltr'><strong>solere</strong></span> <span class='ocrx_word' id='word_1_140' title='bbox 691 1744 724 1808; x_wconf 92' lang='lat' dir='ltr'><strong>in</strong></span> <span class='ocrx_word' id='word_1_141' title='bbox 754 1764 957 1809; x_wconf 91' lang='lat' dir='ltr'><strong>communem</strong></span> <span class='ocrx_word' id='word_1_142' title='bbox 988 1742 1240 1810; x_wconf 87' lang='lat' dir='ltr'><strong>delectationem</strong></span> <span class='ocrx_word' id='word_1_143' title='bbox 1271 1742 1479 1810; x_wconf 88' lang='lat' dir='ltr'><strong>libidinosam</strong></span> 
     </span>
     <span class='ocr_line' id='line_1_18' title="bbox 153 1831 1482 1917; baseline 0.002 -21"><span class='ocrx_word' id='word_1_144' title='bbox 153 1834 206 1897; x_wconf 88' lang='lat' dir='ltr'><strong>vel</strong></span> <span class='ocrx_word' id='word_1_145' title='bbox 229 1832 262 1896; x_wconf 94' lang='lat' dir='ltr'><strong>in</strong></span> <span class='ocrx_word' id='word_1_146' title='bbox 286 1853 373 1912; x_wconf 91' lang='lat' dir='ltr'><strong>eam,</strong></span> <span class='ocrx_word' id='word_1_147' title='bbox 398 1831 431 1896; x_wconf 92' lang='lat' dir='ltr'><strong>in</strong></span> <span class='ocrx_word' id='word_1_148' title='bbox 455 1853 552 1915; x_wconf 91' lang='lat' dir='ltr'><strong>quam</strong></span> <span class='ocrx_word' id='word_1_149' title='bbox 575 1854 629 1899; x_wconf 90' lang='lat' dir='ltr'><strong>res</strong></span> <span class='ocrx_word' id='word_1_150' title='bbox 652 1831 800 1915; x_wconf 89' lang='lat' dir='ltr'><strong>cogitata</strong></span> <span class='ocrx_word' id='word_1_151' title='bbox 822 1832 1019 1899; x_wconf 86' lang='lat' dir='ltr'><strong>naturaliter</strong></span> <span class='ocrx_word' id='word_1_152' title='bbox 1041 1833 1261 1917; x_wconf 82' lang='lat' dir='ltr'><strong>compleatur3</strong></span> <span class='ocrx_word' id='word_1_153' title='bbox 1292 1832 1354 1898; x_wconf 90' lang='lat' dir='ltr'><strong>nisi</strong></span> <span class='ocrx_word' id='word_1_154' title='bbox 1377 1832 1482 1915; x_wconf 89' lang='lat' dir='ltr'><strong>igitur</strong></span> 
     </span>
     <span class='ocr_line' id='line_1_19' title="bbox 152 1920 1482 2006; baseline 0.002 -20"><span class='ocrx_word' id='word_1_155' title='bbox 152 1920 303 2005; x_wconf 90' lang='lat' dir='ltr'><strong>specialis</strong></span> <span class='ocrx_word' id='word_1_156' title='bbox 327 1922 565 2005; x_wconf 88' lang='lat' dir='ltr'><strong>complacentia</strong></span> <span class='ocrx_word' id='word_1_157' title='bbox 588 1926 687 2006; x_wconf 90' lang='lat' dir='ltr'><strong>capta</strong></span> <span class='ocrx_word' id='word_1_158' title='bbox 710 1921 754 1988; x_wconf 90' lang='lat' dir='ltr'><strong>sit</strong></span> <span class='ocrx_word' id='word_1_159' title='bbox 777 1943 819 1987; x_wconf 88' lang='lat' dir='ltr'><strong>ex</strong></span> <span class='ocrx_word' id='word_1_160' title='bbox 842 1921 953 2004; x_wconf 90' lang='lat' dir='ltr'><strong>aliqua</strong></span> <span class='ocrx_word' id='word_1_161' title='bbox 975 1921 1238 2002; x_wconf 85' lang='lat' dir='ltr'><strong>circumstantia,</strong></span> <span class='ocrx_word' id='word_1_162' title='bbox 1267 1921 1420 1987; x_wconf 85' lang='lat' dir='ltr'><strong>sufficere</strong></span> <span class='ocrx_word' id='word_1_163' title='bbox 1442 1928 1482 1989; x_wconf 87' lang='lat' dir='ltr'><strong>ut</strong></span> 
     </span>
     <span class='ocr_line' id='line_1_20' title="bbox 152 2010 1482 2095; baseline -0.001 -19"><span class='ocrx_word' id='word_1_164' title='bbox 152 2010 293 2088; x_wconf 89' lang='lat' dir='ltr'><strong>sciatur,</strong></span> <span class='ocrx_word' id='word_1_165' title='bbox 317 2013 426 2076; x_wconf 87' lang='lat' dir='ltr'><strong>utrum</strong></span> <span class='ocrx_word' id='word_1_166' title='bbox 451 2011 608 2093; x_wconf 85' lang='lat' dir='ltr'><strong>cogitatio</strong></span> <span class='ocrx_word' id='word_1_167' title='bbox 632 2010 777 2078; x_wconf 88' lang='lat' dir='ltr'><strong>tenderit</strong></span> <span class='ocrx_word' id='word_1_168' title='bbox 798 2010 832 2076; x_wconf 91' lang='lat' dir='ltr'><strong>in</strong></span> <span class='ocrx_word' id='word_1_169' title='bbox 855 2015 1026 2095; x_wconf 91' lang='lat' dir='ltr'><strong>peccatum</strong></span> <span class='ocrx_word' id='word_1_170' title='bbox 1049 2011 1202 2077; x_wconf 92' lang='lat' dir='ltr'><strong>naturale</strong></span> <span class='ocrx_word' id='word_1_171' title='bbox 1225 2031 1267 2077; x_wconf 92' lang='lat' dir='ltr'><strong>an</strong></span> <span class='ocrx_word' id='word_1_172' title='bbox 1290 2010 1324 2075; x_wconf 94' lang='lat' dir='ltr'><strong>in</strong></span> <span class='ocrx_word' id='word_1_173' title='bbox 1348 2010 1482 2077; x_wconf 91' lang='lat' dir='ltr'><strong>innatu-</strong></span> 
     </span>
     <span class='ocr_line' id='line_1_21' title="bbox 152 2098 1480 2184; baseline 0.001 -19"><span class='ocrx_word' id='word_1_174' title='bbox 152 2099 238 2177; x_wconf 87' lang='lat' dir='ltr'><strong>rale;</strong></span> <span class='ocrx_word' id='word_1_175' title='bbox 270 2099 385 2182; x_wconf 90' lang='lat' dir='ltr'><strong>quodsi</strong></span> <span class='ocrx_word' id='word_1_176' title='bbox 407 2100 588 2184; x_wconf 89' lang='lat' dir='ltr'><strong>posterius,</strong></span> <span class='ocrx_word' id='word_1_177' title='bbox 620 2100 653 2165; x_wconf 94' lang='lat' dir='ltr'><strong>in</strong></span> <span class='ocrx_word' id='word_1_178' title='bbox 677 2099 773 2183; x_wconf 90' lang='lat' dir='ltr'><strong>quale</strong></span> <span class='ocrx_word' id='word_1_179' title='bbox 803 2099 956 2166; x_wconf 88' lang='lat' dir='ltr'><strong>tenderit.</strong></span> <span class='ocrx_word' id='word_1_180' title='bbox 1002 2098 1055 2166; x_wconf 92' lang='lat' dir='ltr'><strong>Ita</strong></span> <span class='ocrx_word' id='word_1_181' title='bbox 1078 2100 1148 2165; x_wconf 86' lang='lat' dir='ltr'><strong>fere</strong></span> <span class='ocrx_word' id='word_1_182' title='bbox 1170 2099 1345 2179; x_wconf 85' lang='lat' dir='ltr'><strong>Reuter,</strong></span> <span class='ocrx_word' id='word_1_183' title='bbox 1375 2099 1480 2167; x_wconf 72' lang='lat' dir='ltr'><strong>ibent.</strong></span> 
     </span>
     <span class='ocr_line' id='line_1_22' title="bbox 151 2187 1480 2273; baseline -0.001 -19"><span class='ocrx_word' id='word_1_184' title='bbox 151 2211 230 2255; x_wconf 84' lang='lat' dir='ltr'><strong>mor.</strong></span> <span class='ocrx_word' id='word_1_185' title='bbox 261 2209 293 2272; x_wconf 92' lang='lat' dir='ltr'><strong>p.</strong></span> <span class='ocrx_word' id='word_1_186' title='bbox 318 2191 355 2266; x_wconf 83' lang='lat'><strong>2,</strong></span> <span class='ocrx_word' id='word_1_187' title='bbox 382 2210 414 2256; x_wconf 92' lang='lat' dir='ltr'><strong>n.</strong></span> <span class='ocrx_word' id='word_1_188' title='bbox 440 2192 521 2266; x_wconf 81' lang='lat'>209;</span> <span class='ocrx_word' id='word_1_189' title='bbox 552 2187 750 2273; x_wconf 82' lang='lat' dir='ltr'><strong>Arriaga,</strong></span> <span class='ocrx_word' id='word_1_190' title='bbox 782 2190 832 2255; x_wconf 85' lang='lat' dir='ltr'><strong>Dc</strong></span> <span class='ocrx_word' id='word_1_191' title='bbox 857 2192 996 2273; x_wconf 82' lang='lat' dir='ltr'><strong>peccatis</strong></span> <span class='ocrx_word' id='word_1_192' title='bbox 1026 2189 1056 2255; x_wconf 93' lang='lat' dir='ltr'><strong>d.</strong></span> <span class='ocrx_word' id='word_1_193' title='bbox 1080 2190 1134 2267; x_wconf 83' lang='lat'><strong>47,</strong></span> <span class='ocrx_word' id='word_1_194' title='bbox 1165 2193 1246 2256; x_wconf 88' lang='lat' dir='ltr'><strong>sect.</strong></span> <span class='ocrx_word' id='word_1_195' title='bbox 1271 2190 1308 2266; x_wconf 79' lang='lat'><strong>4,</strong></span> <span class='ocrx_word' id='word_1_196' title='bbox 1339 2188 1480 2272; x_wconf 89' lang='lat' dir='ltr'><strong>aliique:</strong></span> 
     </span>
     <span class='ocr_line' id='line_1_23' title="bbox 152 2277 1482 2361; baseline 0 -18"><span class='ocrx_word' id='word_1_197' title='bbox 152 2299 234 2360; x_wconf 88' lang='lat' dir='ltr'><strong>quos</strong></span> <span class='ocrx_word' id='word_1_198' title='bbox 257 2277 332 2344; x_wconf 88' lang='lat' dir='ltr'><strong>vide</strong></span> <span class='ocrx_word' id='word_1_199' title='bbox 355 2277 389 2343; x_wconf 94' lang='lat' dir='ltr'><strong>in</strong></span> <span class='ocrx_word' id='word_1_200' title='bbox 410 2280 465 2345; x_wconf 77' lang='lat' dir='ltr'><strong>Th.</strong></span> <span class='ocrx_word' id='word_1_201' title='bbox 489 2301 529 2344; x_wconf 89' lang='lat' dir='ltr'><strong>m.</strong></span> <span class='ocrx_word' id='word_1_202' title='bbox 554 2278 579 2357; x_wconf 91' lang='lat' dir='ltr'><strong>I,</strong></span> <span class='ocrx_word' id='word_1_203' title='bbox 604 2280 679 2346; x_wconf 83' lang='lat'><strong>256.</strong></span> <span class='ocrx_word' id='word_1_204' title='bbox 726 2278 923 2344; x_wconf 85' lang='lat' dir='ltr'><strong>Accuratius</strong></span> <span class='ocrx_word' id='word_1_205' title='bbox 946 2278 1027 2343; x_wconf 90' lang='lat' dir='ltr'><strong>haec</strong></span> <span class='ocrx_word' id='word_1_206' title='bbox 1051 2283 1168 2361; x_wconf 88' lang='lat' dir='ltr'><strong>postea</strong></span> <span class='ocrx_word' id='word_1_207' title='bbox 1192 2278 1342 2344; x_wconf 90' lang='lat' dir='ltr'><strong>dicentur</strong></span> <span class='ocrx_word' id='word_1_208' title='bbox 1364 2277 1398 2343; x_wconf 92' lang='lat' dir='ltr'><strong>in</strong></span> <span class='ocrx_word' id='word_1_209' title='bbox 1422 2298 1482 2343; x_wconf 85' lang='lat' dir='ltr'><strong>ex·</strong></span> 
     </span>
     <span class='ocr_line' id='line_1_24' title="bbox 152 2367 794 2452; baseline 0.003 -21"><span class='ocrx_word' id='word_1_210' title='bbox 152 2367 303 2452; x_wconf 90' lang='lat' dir='ltr'><strong>plicando</strong></span> <span class='ocrx_word' id='word_1_211' title='bbox 327 2367 476 2450; x_wconf 90' lang='lat' dir='ltr'><strong>decalogi</strong></span> <span class='ocrx_word' id='word_1_212' title='bbox 499 2372 675 2452; x_wconf 91' lang='lat' dir='ltr'><strong>praecepto</strong></span> <span class='ocrx_word' id='word_1_213' title='bbox 699 2376 794 2433; x_wconf 75' lang='lat' dir='ltr'><strong>sesto.</strong></span> 
     </span>
    </p>
   </div>
   <div class='ocr_carea' id='block_1_4' title="bbox 519 2601 1117 2671">
    <p class='ocr_par' dir='ltr' id='par_1_5' title="bbox 519 2601 1117 2671">
     <span class='ocr_line' id='line_1_25' title="bbox 519 2601 1117 2671; baseline 0.002 -1"><span class='ocrx_word' id='word_1_214' title='bbox 519 2603 756 2670; x_wconf 81' lang='lat' dir='ltr'>DESIDERIA</span> <span class='ocrx_word' id='word_1_215' title='bbox 779 2601 1117 2671; x_wconf 81' lang='lat' dir='ltr'><strong>CONDIGIONATA.</strong></span> 
     </span>
    </p>
   </div>
   <div class='ocr_carea' id='block_1_5' title="bbox 717 2772 915 2851">
    <p class='ocr_par' dir='ltr' id='par_1_6' title="bbox 717 2772 915 2851">
     <span class='ocr_line' id='line_1_26' title="bbox 717 2772 915 2851; baseline -0.02 -12"><span class='ocrx_word' id='word_1_216' title='bbox 717 2772 829 2841; x_wconf 85' lang='lat' dir='ltr'><strong>dasne.</strong></span> <span class='ocrx_word' id='word_1_217' title='bbox 857 2781 915 2851; x_wconf 80' lang='lat'>(41)</span> 
     </span>
    </p>
   </div>
   <div class='ocr_carea' id='block_1_6' title="bbox 152 2909 1486 3632">
    <p class='ocr_par' dir='ltr' id='par_1_7' title="bbox 152 2909 1485 3150">
     <span class='ocr_line' id='line_1_27' title="bbox 242 2909 1482 2989; baseline -0.002 -18"><span class='ocrx_word' id='word_1_218' title='bbox 242 2913 419 2989; x_wconf 85' lang='lat' dir='ltr'><strong>Evergistus</strong></span> <span class='ocrx_word' id='word_1_219' title='bbox 433 2912 526 2971; x_wconf 85' lang='lat' dir='ltr'><strong>multa</strong></span> <span class='ocrx_word' id='word_1_220' title='bbox 541 2912 616 2971; x_wconf 87' lang='lat' dir='ltr'><strong>fovit</strong></span> <span class='ocrx_word' id='word_1_221' title='bbox 630 2912 746 2971; x_wconf 88' lang='lat' dir='ltr'><strong>inutilia</strong></span> <span class='ocrx_word' id='word_1_222' title='bbox 760 2915 918 2973; x_wconf 78' lang='lat' dir='ltr'><strong>desideria:</strong></span> <span class='ocrx_word' id='word_1_223' title='bbox 938 2915 1088 2988; x_wconf 79' lang='lat' dir='ltr'><strong>vindictas,</strong></span> <span class='ocrx_word' id='word_1_224' title='bbox 1109 2911 1136 2971; x_wconf 88' lang='lat' dir='ltr'><strong>si</strong></span> <span class='ocrx_word' id='word_1_225' title='bbox 1150 2929 1215 2970; x_wconf 90' lang='lat' dir='ltr'><strong>eam</strong></span> <span class='ocrx_word' id='word_1_226' title='bbox 1230 2928 1346 2969; x_wconf 87' lang='lat' dir='ltr'><strong>sumere</strong></span> <span class='ocrx_word' id='word_1_227' title='bbox 1360 2909 1482 2981; x_wconf 90' lang='lat' dir='ltr'><strong>liceret;</strong></span> 
     </span>
     <span class='ocr_line' id='line_1_28' title="bbox 152 2989 1484 3071; baseline -0.004 -17"><span class='ocrx_word' id='word_1_228' title='bbox 152 2995 364 3071; x_wconf 73' lang='lat' dir='ltr'><strong>fornicationis,</strong></span> <span class='ocrx_word' id='word_1_229' title='bbox 384 2992 411 3053; x_wconf 86' lang='lat' dir='ltr'><strong>si</strong></span> <span class='ocrx_word' id='word_1_230' title='bbox 426 2993 508 3052; x_wconf 87' lang='lat' dir='ltr'><strong>Deus</strong></span> <span class='ocrx_word' id='word_1_231' title='bbox 523 2993 714 3065; x_wconf 85' lang='lat' dir='ltr'><strong>concederet;</strong></span> <span class='ocrx_word' id='word_1_232' title='bbox 735 2995 809 3052; x_wconf 83' lang='lat' dir='ltr'><strong>citae</strong></span> <span class='ocrx_word' id='word_1_233' title='bbox 826 2994 993 3071; x_wconf 71' lang='lat' dir='ltr'><strong>centapolis,</strong></span> <span class='ocrx_word' id='word_1_234' title='bbox 1014 2991 1040 3052; x_wconf 88' lang='lat' dir='ltr'><strong>si</strong></span> <span class='ocrx_word' id='word_1_235' title='bbox 1054 2990 1240 3051; x_wconf 87' lang='lat' dir='ltr'><strong>matrimonio</strong></span> <span class='ocrx_word' id='word_1_236' title='bbox 1254 2989 1374 3049; x_wconf 89' lang='lat' dir='ltr'><strong>iunctus</strong></span> <span class='ocrx_word' id='word_1_237' title='bbox 1388 3010 1484 3068; x_wconf 90' lang='lat' dir='ltr'><strong>neque</strong></span> 
     </span>
     <span class='ocr_line' id='line_1_29' title="bbox 155 3070 1485 3150; baseline -0.002 -17"><span class='ocrx_word' id='word_1_238' title='bbox 155 3079 224 3133; x_wconf 90' lang='lat' dir='ltr'><strong>voto</strong></span> <span class='ocrx_word' id='word_1_239' title='bbox 245 3074 358 3150; x_wconf 88' lang='lat' dir='ltr'><strong>ligatus</strong></span> <span class='ocrx_word' id='word_1_240' title='bbox 379 3079 475 3145; x_wconf 79' lang='lat' dir='ltr'><strong>esset3</strong></span> <span class='ocrx_word' id='word_1_241' title='bbox 497 3074 650 3149; x_wconf 78' lang='lat' dir='ltr'><strong>ebrietatis,</strong></span> <span class='ocrx_word' id='word_1_242' title='bbox 671 3072 697 3132; x_wconf 89' lang='lat' dir='ltr'><strong>si</strong></span> <span class='ocrx_word' id='word_1_243' title='bbox 717 3072 939 3133; x_wconf 84' lang='lat' dir='ltr'><strong>inadvertenter</strong></span> <span class='ocrx_word' id='word_1_244' title='bbox 952 3078 1068 3132; x_wconf 86' lang='lat' dir='ltr'><strong>tantam</strong></span> <span class='ocrx_word' id='word_1_245' title='bbox 1087 3071 1202 3148; x_wconf 89' lang='lat' dir='ltr'><strong>copiam</strong></span> <span class='ocrx_word' id='word_1_246' title='bbox 1222 3070 1346 3147; x_wconf 83' lang='lat' dir='ltr'><strong>liquoris</strong></span> <span class='ocrx_word' id='word_1_247' title='bbox 1367 3089 1485 3131; x_wconf 86' lang='lat' dir='ltr'><strong>sumere</strong></span> 
     </span>
    </p>

    <p class='ocr_par' dir='ltr' id='par_1_8' title="bbox 175 3159 264 3214">
     <span class='ocr_line' id='line_1_30' title="bbox 175 3159 264 3214; baseline -0.022 0"><span class='ocrx_word' id='word_1_248' title='bbox 175 3159 264 3214; x_wconf 89' lang='lat' dir='ltr'><strong>osset.</strong></span> 
     </span>
    </p>

    <p class='ocr_par' dir='ltr' id='par_1_9' title="bbox 154 3175 1486 3632">
     <span class='ocr_line' id='line_1_31' title="bbox 154 3175 1484 3313; baseline -0.002 -20"><span class='ocrx_word' id='word_1_249' title='bbox 154 3175 173 3232; x_wconf 73' lang='lat' dir='ltr'>p</span> <span class='ocrx_word' id='word_1_250' title='bbox 245 3235 320 3293; x_wconf 90' lang='lat' dir='ltr'><strong>Item</strong></span> <span class='ocrx_word' id='word_1_251' title='bbox 339 3236 462 3313; x_wconf 69' lang='lat' dir='ltr'><strong>pandet,</strong></span> <span class='ocrx_word' id='word_1_252' title='bbox 489 3233 566 3309; x_wconf 91' lang='lat' dir='ltr'><strong>quod</strong></span> <span class='ocrx_word' id='word_1_253' title='bbox 593 3252 687 3310; x_wconf 87' lang='lat' dir='ltr'><strong>nuper</strong></span> <span class='ocrx_word' id='word_1_254' title='bbox 706 3232 809 3292; x_wconf 88' lang='lat' dir='ltr'><strong>ieiunii</strong></span> <span class='ocrx_word' id='word_1_255' title='bbox 831 3232 907 3308; x_wconf 87' lang='lat' dir='ltr'><strong>legis</strong></span> <span class='ocrx_word' id='word_1_256' title='bbox 927 3232 1040 3291; x_wconf 89' lang='lat' dir='ltr'><strong>inscius</strong></span> <span class='ocrx_word' id='word_1_257' title='bbox 1061 3233 1137 3290; x_wconf 91' lang='lat' dir='ltr'><strong>bene</strong></span> <span class='ocrx_word' id='word_1_258' title='bbox 1158 3250 1285 3307; x_wconf 88' lang='lat' dir='ltr'><strong>pransus</strong></span> <span class='ocrx_word' id='word_1_259' title='bbox 1307 3234 1337 3289; x_wconf 90' lang='lat' dir='ltr'><strong>et</strong></span> <span class='ocrx_word' id='word_1_260' title='bbox 1358 3234 1484 3290; x_wconf 87' lang='lat' dir='ltr'><strong>cenatus</strong></span> 
     </span>
     <span class='ocr_line' id='line_1_32' title="bbox 156 3310 1484 3391; baseline -0.003 -18"><span class='ocrx_word' id='word_1_261' title='bbox 156 3314 212 3385; x_wconf 87' lang='lat' dir='ltr'><strong>sit,</strong></span> <span class='ocrx_word' id='word_1_262' title='bbox 240 3315 316 3391; x_wconf 90' lang='lat' dir='ltr'><strong>quod</strong></span> <span class='ocrx_word' id='word_1_263' title='bbox 337 3316 431 3374; x_wconf 87' lang='lat' dir='ltr'><strong>frater</strong></span> <span class='ocrx_word' id='word_1_264' title='bbox 451 3313 546 3373; x_wconf 89' lang='lat' dir='ltr'><strong>maior</strong></span> <span class='ocrx_word' id='word_1_265' title='bbox 566 3314 668 3371; x_wconf 90' lang='lat' dir='ltr'><strong>morbo</strong></span> <span class='ocrx_word' id='word_1_266' title='bbox 690 3318 844 3389; x_wconf 88' lang='lat' dir='ltr'><strong>correptus</strong></span> <span class='ocrx_word' id='word_1_267' title='bbox 866 3318 897 3371; x_wconf 91' lang='lat' dir='ltr'><strong>et</strong></span> <span class='ocrx_word' id='word_1_268' title='bbox 918 3312 1075 3371; x_wconf 82' lang='lat' dir='ltr'><strong>defunctus</strong></span> <span class='ocrx_word' id='word_1_269' title='bbox 1097 3317 1184 3388; x_wconf 88' lang='lat' dir='ltr'><strong>atque</strong></span> <span class='ocrx_word' id='word_1_270' title='bbox 1211 3310 1276 3388; x_wconf 90' lang='lat' dir='ltr'><strong>ipse</strong></span> <span class='ocrx_word' id='word_1_271' title='bbox 1296 3329 1375 3369; x_wconf 91' lang='lat' dir='ltr'><strong>nunc</strong></span> <span class='ocrx_word' id='word_1_272' title='bbox 1395 3310 1484 3370; x_wconf 85' lang='lat' dir='ltr'><strong>heres</strong></span> 
     </span>
     <span class='ocr_line' id='line_1_33' title="bbox 155 3389 1484 3471; baseline -0.002 -19"><span class='ocrx_word' id='word_1_273' title='bbox 155 3394 327 3471; x_wconf 87' lang='lat' dir='ltr'><strong>principalis</strong></span> <span class='ocrx_word' id='word_1_274' title='bbox 345 3397 487 3454; x_wconf 91' lang='lat' dir='ltr'><strong>bonorum</strong></span> <span class='ocrx_word' id='word_1_275' title='bbox 507 3399 697 3471; x_wconf 89' lang='lat' dir='ltr'><strong>paternorum</strong></span> <span class='ocrx_word' id='word_1_276' title='bbox 712 3393 857 3465; x_wconf 87' lang='lat' dir='ltr'><strong>evaserit;</strong></span> <span class='ocrx_word' id='word_1_277' title='bbox 880 3393 954 3468; x_wconf 91' lang='lat' dir='ltr'><strong>quod</strong></span> <span class='ocrx_word' id='word_1_278' title='bbox 969 3412 1063 3468; x_wconf 88' lang='lat' dir='ltr'><strong>nuper</strong></span> <span class='ocrx_word' id='word_1_279' title='bbox 1077 3391 1176 3451; x_wconf 88' lang='lat' dir='ltr'><strong>ebrius</strong></span> <span class='ocrx_word' id='word_1_280' title='bbox 1190 3390 1295 3450; x_wconf 88' lang='lat' dir='ltr'><strong>fecerit</strong></span> <span class='ocrx_word' id='word_1_281' title='bbox 1314 3389 1484 3450; x_wconf 90' lang='lat' dir='ltr'><strong>incendium</strong></span> 
     </span>
     <span class='ocr_line' id='line_1_34' title="bbox 156 3469 1486 3550; baseline -0.003 -17"><span class='ocrx_word' id='word_1_282' title='bbox 156 3479 243 3550; x_wconf 85' lang='lat' dir='ltr'><strong>atque</strong></span> <span class='ocrx_word' id='word_1_283' title='bbox 265 3475 308 3533; x_wconf 84' lang='lat' dir='ltr'><strong>ita</strong></span> <span class='ocrx_word' id='word_1_284' title='bbox 327 3494 380 3550; x_wconf 91' lang='lat' dir='ltr'><strong>per</strong></span> <span class='ocrx_word' id='word_1_285' title='bbox 395 3474 567 3534; x_wconf 90' lang='lat' dir='ltr'><strong>societatem</strong></span> <span class='ocrx_word' id='word_1_286' title='bbox 588 3472 821 3533; x_wconf 87' lang='lat' dir='ltr'><strong>assecurationis</strong></span> <span class='ocrx_word' id='word_1_287' title='bbox 841 3492 937 3533; x_wconf 86' lang='lat' dir='ltr'><strong>novas</strong></span> <span class='ocrx_word' id='word_1_288' title='bbox 958 3473 1047 3532; x_wconf 88' lang='lat' dir='ltr'><strong>aedes</strong></span> <span class='ocrx_word' id='word_1_289' title='bbox 1068 3492 1121 3549; x_wconf 93' lang='lat' dir='ltr'><strong>pro</strong></span> <span class='ocrx_word' id='word_1_290' title='bbox 1135 3471 1286 3531; x_wconf 84' lang='lat' dir='ltr'><strong>veteribus</strong></span> <span class='ocrx_word' id='word_1_291' title='bbox 1306 3469 1434 3547; x_wconf 90' lang='lat' dir='ltr'><strong>recipiat</strong></span> <span class='ocrx_word' id='word_1_292' title='bbox 1455 3474 1486 3530; x_wconf 89' lang='lat' dir='ltr'><strong>et</strong></span> 
     </span>
     <span class='ocr_line' id='line_1_35' title="bbox 155 3552 1190 3632; baseline -0.001 -20"><span class='ocrx_word' id='word_1_293' title='bbox 155 3554 285 3613; x_wconf 88' lang='lat' dir='ltr'><strong>vicinum</strong></span> <span class='ocrx_word' id='word_1_294' title='bbox 306 3574 465 3632; x_wconf 88' lang='lat' dir='ltr'><strong>pauperem</strong></span> <span class='ocrx_word' id='word_1_295' title='bbox 486 3555 523 3612; x_wconf 89' lang='lat' dir='ltr'><strong>ad</strong></span> <span class='ocrx_word' id='word_1_296' title='bbox 545 3553 747 3613; x_wconf 93' lang='lat' dir='ltr'><strong>condicionem</strong></span> <span class='ocrx_word' id='word_1_297' title='bbox 767 3553 856 3629; x_wconf 85' lang='lat' dir='ltr'><strong>longe</strong></span> <span class='ocrx_word' id='word_1_298' title='bbox 877 3553 1028 3612; x_wconf 90' lang='lat' dir='ltr'><strong>meliorem</strong></span> <span class='ocrx_word' id='word_1_299' title='bbox 1049 3552 1190 3611; x_wconf 85' lang='lat' dir='ltr'><strong>evexerit.</strong></span> 
     </span>
    </p>
   </div>
   <div class='ocr_carea' id='block_1_7' title="bbox 157 3655 1485 3800">
    <p class='ocr_par' dir='ltr' id='par_1_10' title="bbox 157 3655 1485 3800">
     <span class='ocr_line' id='line_1_36' title="bbox 157 3655 1485 3736; baseline -0.004 -17"><span class='ocrx_word' id='word_1_300' title='bbox 157 3660 333 3732; x_wconf 73' lang='lat' dir='ltr'><strong>Qusnmrmr</strong></span> <span class='ocrx_word' id='word_1_301' title='bbox 356 3663 385 3718; x_wconf 84' lang='lat'><strong>1⁰</strong></span> <span class='ocrx_word' id='word_1_302' title='bbox 409 3661 537 3719; x_wconf 91' lang='lat' dir='ltr'><strong>liceatne</strong></span> <span class='ocrx_word' id='word_1_303' title='bbox 558 3659 669 3735; x_wconf 91' lang='lat' dir='ltr'><strong>aliquid</strong></span> <span class='ocrx_word' id='word_1_304' title='bbox 689 3659 928 3736; x_wconf 90' lang='lat' dir='ltr'><strong>peccaminosum</strong></span> <span class='ocrx_word' id='word_1_305' title='bbox 949 3658 1117 3718; x_wconf 88' lang='lat' dir='ltr'><strong>desiderare</strong></span> <span class='ocrx_word' id='word_1_306' title='bbox 1138 3660 1193 3718; x_wconf 89' lang='lat' dir='ltr'><strong>sub</strong></span> <span class='ocrx_word' id='word_1_307' title='bbox 1215 3655 1387 3717; x_wconf 90' lang='lat' dir='ltr'><strong>condicione</strong></span> <span class='ocrx_word' id='word_1_308' title='bbox 1409 3657 1485 3732; x_wconf 94' lang='lat' dir='ltr'><strong>quod</strong></span> 
     </span>
     <span class='ocr_line' id='line_1_37' title="bbox 411 3740 508 3800; baseline 0.021 -2"><span class='ocrx_word' id='word_1_309' title='bbox 411 3740 508 3800; x_wconf 91' lang='lat' dir='ltr'><strong>liceat.</strong></span> 
     </span>
    </p>
   </div>
   <div class='ocr_carea' id='block_1_8' title="bbox 356 3824 1405 3994">
    <p class='ocr_par' dir='ltr' id='par_1_11' title="bbox 356 3824 1405 3994">
     <span class='ocr_line' id='line_1_38' title="bbox 356 3824 1398 3904; baseline -0.002 -16"><span class='ocrx_word' id='word_1_310' title='bbox 356 3832 386 3887; x_wconf 87' lang='lat'><strong>2⁰</strong></span> <span class='ocrx_word' id='word_1_311' title='bbox 411 3829 540 3888; x_wconf 89' lang='lat' dir='ltr'><strong>liceatne</strong></span> <span class='ocrx_word' id='word_1_312' title='bbox 560 3828 691 3904; x_wconf 86' lang='lat' dir='ltr'><strong>gaudere</strong></span> <span class='ocrx_word' id='word_1_313' title='bbox 713 3828 747 3887; x_wconf 91' lang='lat' dir='ltr'><strong>de</strong></span> <span class='ocrx_word' id='word_1_314' title='bbox 769 3829 888 3888; x_wconf 90' lang='lat' dir='ltr'><strong>actione</strong></span> <span class='ocrx_word' id='word_1_315' title='bbox 909 3828 988 3886; x_wconf 90' lang='lat' dir='ltr'><strong>mala</strong></span> <span class='ocrx_word' id='word_1_316' title='bbox 1008 3833 1042 3887; x_wconf 92' lang='lat' dir='ltr'><strong>ut</strong></span> <span class='ocrx_word' id='word_1_317' title='bbox 1063 3847 1154 3887; x_wconf 90' lang='lat' dir='ltr'><strong>causa</strong></span> <span class='ocrx_word' id='word_1_318' title='bbox 1175 3828 1299 3886; x_wconf 86' lang='lat' dir='ltr'><strong>effectus</strong></span> <span class='ocrx_word' id='word_1_319' title='bbox 1319 3824 1398 3886; x_wconf 88' lang='lat' dir='ltr'><strong>boni.</strong></span> 
     </span>
     <span class='ocr_line' id='line_1_39' title="bbox 356 3912 1405 3994; baseline -0.004 -16"><span class='ocrx_word' id='word_1_320' title='bbox 356 3920 386 3978; x_wconf 83' lang='lat'><strong>3⁰</strong></span> <span class='ocrx_word' id='word_1_321' title='bbox 412 3918 481 3994; x_wconf 91' lang='lat' dir='ltr'><strong>quid</strong></span> <span class='ocrx_word' id='word_1_322' title='bbox 502 3919 538 3977; x_wconf 91' lang='lat' dir='ltr'><strong>de</strong></span> <span class='ocrx_word' id='word_1_323' title='bbox 559 3917 651 3977; x_wconf 88' lang='lat' dir='ltr'><strong>variis</strong></span> <span class='ocrx_word' id='word_1_324' title='bbox 673 3916 828 3977; x_wconf 89' lang='lat' dir='ltr'><strong>desideriis</strong></span> <span class='ocrx_word' id='word_1_325' title='bbox 849 3924 880 3976; x_wconf 90' lang='lat' dir='ltr'><strong>et</strong></span> <span class='ocrx_word' id='word_1_326' title='bbox 899 3916 1017 3993; x_wconf 87' lang='lat' dir='ltr'><strong>gaudiis</strong></span> <span class='ocrx_word' id='word_1_327' title='bbox 1037 3915 1189 3991; x_wconf 84' lang='lat' dir='ltr'><strong>Evergisti</strong></span> <span class='ocrx_word' id='word_1_328' title='bbox 1210 3914 1269 3974; x_wconf 90' lang='lat' dir='ltr'><strong>dici</strong></span> <span class='ocrx_word' id='word_1_329' title='bbox 1290 3912 1405 3974; x_wconf 65' lang='lat' dir='ltr'><strong>debat.</strong></span> 
     </span>
    </p>
   </div>
   <div class='ocr_carea' id='block_1_9' title="bbox 755 4102 890 4170">
    <p class='ocr_par' dir='ltr' id='par_1_12' title="bbox 755 4102 890 4170">
     <span class='ocr_line' id='line_1_40' title="bbox 755 4102 890 4170; baseline -0.007 0"><span class='ocrx_word' id='word_1_330' title='bbox 755 4102 890 4170; x_wconf 81' lang='lat' dir='ltr'><strong>Salutio.</strong></span> 
     </span>
    </p>
   </div>
   <div class='ocr_carea' id='block_1_10' title="bbox 98 4243 1489 4673">
    <p class='ocr_par' dir='ltr' id='par_1_13' title="bbox 98 4243 1489 4673">
     <span class='ocr_line' id='line_1_41' title="bbox 98 4243 1488 4324; baseline -0.008 -5"><span class='ocrx_word' id='word_1_331' title='bbox 98 4265 148 4320; x_wconf 81' lang='lat'><strong>143</strong></span> <span class='ocrx_word' id='word_1_332' title='bbox 249 4249 301 4313; x_wconf 87' lang='lat' dir='ltr'><strong>An</strong></span> <span class='ocrx_word' id='word_1_333' title='bbox 331 4267 523 4324; x_wconf 76' lang='lat' dir='ltr'><strong>cuansrruu</strong></span> <span class='ocrx_word' id='word_1_334' title='bbox 557 4250 593 4311; x_wconf 79' lang='lat' dir='ltr'><strong>lm</strong></span> <span class='ocrx_word' id='word_1_335' title='bbox 625 4246 664 4312; x_wconf 84' lang='lat' dir='ltr'><strong>R.</strong></span> <span class='ocrx_word' id='word_1_336' title='bbox 691 4249 719 4312; x_wconf 93' lang='lat'><strong>1.</strong></span> <span class='ocrx_word' id='word_1_337' title='bbox 779 4245 967 4312; x_wconf 83' lang='lat' dir='ltr'><strong>Generatim</strong></span> <span class='ocrx_word' id='word_1_338' title='bbox 1002 4243 1064 4310; x_wconf 90' lang='lat' dir='ltr'><strong>dici</strong></span> <span class='ocrx_word' id='word_1_339' title='bbox 1100 4245 1197 4310; x_wconf 90' lang='lat' dir='ltr'><strong>debet</strong></span> <span class='ocrx_word' id='word_1_340' title='bbox 1231 4245 1488 4310; x_wconf 75' lang='lat' dir='ltr'><strong>conditionatum</strong></span> 
     </span>
     <span class='ocr_line' id='line_1_42' title="bbox 160 4330 1487 4418; baseline -0.005 -14"><span class='ocrx_word' id='word_1_341' title='bbox 160 4337 355 4405; x_wconf 88' lang='lat' dir='ltr'><strong>desiderium</strong></span> <span class='ocrx_word' id='word_1_342' title='bbox 385 4337 433 4402; x_wconf 89' lang='lat' dir='ltr'><strong>rei</strong></span> <span class='ocrx_word' id='word_1_343' title='bbox 463 4335 606 4418; x_wconf 90' lang='lat' dir='ltr'><strong>alioquin</strong></span> <span class='ocrx_word' id='word_1_344' title='bbox 630 4336 736 4400; x_wconf 90' lang='lat' dir='ltr'><strong>malae</strong></span> <span class='ocrx_word' id='word_1_345' title='bbox 759 4335 881 4400; x_wconf 91' lang='lat' dir='ltr'><strong>malum</strong></span> <span class='ocrx_word' id='word_1_346' title='bbox 904 4355 969 4400; x_wconf 92' lang='lat' dir='ltr'><strong>non</strong></span> <span class='ocrx_word' id='word_1_347' title='bbox 992 4354 1082 4411; x_wconf 90' lang='lat' dir='ltr'><strong>esse,</strong></span> <span class='ocrx_word' id='word_1_348' title='bbox 1113 4333 1141 4399; x_wconf 92' lang='lat' dir='ltr'><strong>si</strong></span> <span class='ocrx_word' id='word_1_349' title='bbox 1165 4333 1310 4399; x_wconf 90' lang='lat' dir='ltr'><strong>condicio</strong></span> <span class='ocrx_word' id='word_1_350' title='bbox 1335 4330 1487 4417; x_wconf 87' lang='lat' dir='ltr'><strong>apposita</strong></span> 
     </span>
     <span class='ocr_line' id='line_1_43' title="bbox 159 4420 1488 4506; baseline -0.004 -14"><span class='ocrx_word' id='word_1_351' title='bbox 159 4428 318 4494; x_wconf 91' lang='lat' dir='ltr'><strong>malitiam</strong></span> <span class='ocrx_word' id='word_1_352' title='bbox 351 4448 372 4493; x_wconf 90' lang='lat' dir='ltr'><strong>a</strong></span> <span class='ocrx_word' id='word_1_353' title='bbox 403 4448 439 4492; x_wconf 93' lang='lat' dir='ltr'><strong>re</strong></span> <span class='ocrx_word' id='word_1_354' title='bbox 469 4425 587 4492; x_wconf 86' lang='lat' dir='ltr'><strong>aufert.</strong></span> <span class='ocrx_word' id='word_1_355' title='bbox 634 4424 687 4490; x_wconf 90' lang='lat' dir='ltr'><strong>Ita</strong></span> <span class='ocrx_word' id='word_1_356' title='bbox 717 4423 903 4490; x_wconf 91' lang='lat' dir='ltr'><strong>desiderare</strong></span> <span class='ocrx_word' id='word_1_357' title='bbox 936 4444 992 4502; x_wconf 93' lang='lat' dir='ltr'><strong>ea,</strong></span> <span class='ocrx_word' id='word_1_358' title='bbox 1025 4443 1109 4506; x_wconf 89' lang='lat' dir='ltr'><strong>qnae</strong></span> <span class='ocrx_word' id='word_1_359' title='bbox 1141 4423 1212 4488; x_wconf 90' lang='lat' dir='ltr'><strong>sola</strong></span> <span class='ocrx_word' id='word_1_360' title='bbox 1241 4423 1315 4505; x_wconf 88' lang='lat' dir='ltr'><strong>lege</strong></span> <span class='ocrx_word' id='word_1_361' title='bbox 1344 4420 1488 4506; x_wconf 87' lang='lat' dir='ltr'><strong>positiva</strong></span> 
     </span>
     <span class='ocr_line' id='line_1_44' title="bbox 159 4510 1489 4601; baseline -0.002 -20"><span class='ocrx_word' id='word_1_362' title='bbox 159 4516 324 4601; x_wconf 89' lang='lat' dir='ltr'><strong>prohibita</strong></span> <span class='ocrx_word' id='word_1_363' title='bbox 354 4521 439 4593; x_wconf 84' lang='lat' dir='ltr'><strong>sunt,</strong></span> <span class='ocrx_word' id='word_1_364' title='bbox 471 4514 531 4581; x_wconf 88' lang='lat' dir='ltr'><strong>snb</strong></span> <span class='ocrx_word' id='word_1_365' title='bbox 562 4513 750 4579; x_wconf 91' lang='lat' dir='ltr'><strong>condicione</strong></span> <span class='ocrx_word' id='word_1_366' title='bbox 773 4513 856 4596; x_wconf 89' lang='lat' dir='ltr'><strong>legis</strong></span> <span class='ocrx_word' id='word_1_367' title='bbox 880 4533 944 4578; x_wconf 93' lang='lat' dir='ltr'><strong>non</strong></span> <span class='ocrx_word' id='word_1_368' title='bbox 968 4511 1167 4591; x_wconf 82' lang='lat' dir='ltr'><strong>exsistentis,</strong></span> <span class='ocrx_word' id='word_1_369' title='bbox 1199 4532 1241 4577; x_wconf 85' lang='lat' dir='ltr'><strong>ex</strong></span> <span class='ocrx_word' id='word_1_370' title='bbox 1268 4531 1342 4577; x_wconf 89' lang='lat' dir='ltr'><strong>sese</strong></span> <span class='ocrx_word' id='word_1_371' title='bbox 1365 4510 1489 4578; x_wconf 92' lang='lat' dir='ltr'><strong>malum</strong></span> 
     </span>
     <span class='ocr_line' id='line_1_45' title="bbox 162 4610 310 4673; baseline 0.02 -3"><span class='ocrx_word' id='word_1_372' title='bbox 162 4610 310 4673; x_wconf 88' lang='lat' dir='ltr'><strong>nonest.</strong></span> 
     </span>
    </p>
   </div>
   <div class='ocr_carea' id='block_1_11' title="bbox 0 0 1565 5168">
    <p class='ocr_par' dir='ltr' id='par_1_14' title="bbox 0 0 1565 5168">
     <span class='ocr_line' id='line_1_46' title="bbox 0 0 1565 5168; baseline 0 0"><span class='ocrx_word' id='word_1_373' title='bbox 0 0 1565 5168; x_wconf 95' lang='lat' dir='ltr'><strong> </strong></span> 
     </span>
    </p>
   </div>
  </div>
 </body>
</html>
