3106 5168
376 284 520 340 (tonsurae.
540 316 574 324 —
593 286 842 341 Excommunicatio
860 304 896 340 ex
914 303 996 340 causa
1013 288 1139 341 haeresia.
1351 291 1416 356 515

96 459 229 527 ductum
254 464 315 540 est,
339 461 544 544 delegatione
571 462 681 546 papali
704 484 767 528 non
791 467 843 529 est
870 484 964 546 opus,
989 463 1047 528 sed
1070 462 1139 528 iure
1163 463 1325 530 ordinario
1349 466 1416 550 epi·

95 570 216 632 scopus
239 571 299 634 per
329 572 365 616 se
388 551 438 616 vel
464 573 524 635 par
546 552 733 633 delegatum
763 552 796 616 in
827 560 957 637 atroque
986 552 1058 617 foro
1088 556 1199 635 potest
1228 553 1417 634 absolvere;

97 638 181 705 alias
205 640 305 705 etiam
328 639 470 723 episcopi
494 640 643 723 indigent
666 640 826 707 facultate
849 641 983 724 speciali
1006 641 1145 706 Romani
1169 642 1345 711 Pontificis.

186 763 239 827 An
262 783 452 838 ouausrruu
477 765 515 827 2¹⁰
538 763 577 830 R.
603 766 630 830 l.
662 764 857 829 Lambertus
879 764 912 827 in
930 763 1125 847 multiplices
1149 785 1277 829 errores
1300 766 1496 835 haere-1007

95 851 181 917 ticos
203 850 349 918 incurrit.
396 852 497 933 Atqui
527 852 631 936 primo
655 853 782 934 quidem
806 852 991 918 haereticus
1014 853 1145 919 videtur
1168 874 1240 918 esse
1264 855 1416 922 dubitans

96 941 137 1005 de
161 943 356 1026 lepitimv'tutc
378 941 505 1006 concilii
529 941 691 1007 Vaticani.
723 943 772 1006 Eo
795 941 866 1024 ipso
883 942 978 1019 enim,
1003 943 1087 1023 quod
1111 943 1171 1007 snb
1195 943 1414 1011 anathematis

95 1050 201 1113 poena
224 1029 257 1093 in
280 1029 392 1094 multis
415 1031 512 1095 rebus
535 1034 712 1114 praecepta
734 1031 807 1095 fidei
832 1030 946 1095 tulerit
970 1035 1070 1112 atque
1094 1031 1326 1097 subiectionem
1357 1055 1416 1099 ex·

95 1118 217 1200 egerit,
249 1118 492 1200 legitimitatem
527 1140 619 1184 suam
643 1119 817 1184 manifeste
845 1120 993 1184 omnibus
1017 1119 1207 1186 Christianis
1239 1121 1416 1187 tenendam

95 1212 197 1288 atque
228 1228 264 1272 se
293 1208 398 1290 ipsum
428 1211 465 1272 ut
494 1208 568 1272 fidei
591 1209 738 1290 regulam
763 1209 923 1292 proponit.
971 1208 1062 1284 Quod
1085 1209 1169 1274 idem
1199 1229 1355 1292 expresse
1377 1213 1415 1277 fit
1449 1250 1452 1258 ·

94 1296 130 1360 in
159 1296 377 1378 „professione
400 1297 493 1361 fidei“
527 1317 547 1361 a
576 1297 646 1361 Pio
670 1297 715 1361 IX
746 1297 964 1381 praescripta:
995 1298 1116 1380 inqua
1147 1318 1220 1362 cum
1245 1299 1414 1365 concilium

96 1385 292 1450 Vaticanum
324 1390 361 1450 ut
393 1386 659 1466 ,oecumenicuffl
693 1387 837 1469 profiteri
867 1386 1053 1464 iubeamur,
1088 1386 1267 1453 certissime
1298 1388 1416 1455 dicitur

94 1474 287 1556 legitimum.
341 1474 461 1550 Quodsi
491 1475 612 1539 dixeris
644 1474 725 1540 baec
755 1475 911 1541 indirecte
942 1480 1071 1542 tantum
1104 1475 1282 1554 declarari,
1316 1481 1415 1559 atque

94 1563 234 1646 supponi
265 1562 374 1646 potius
406 1584 504 1645 quarn
537 1563 680 1628 definiri:
715 1565 834 1629 saltem
866 1564 1049 1630 haereticus
1081 1564 1193 1631 evadit
1221 1565 1415 1631 Lambertus

95 1653 250 1717 dubitans
273 1652 313 1716 de
336 1652 385 1729 iis,
411 1673 494 1734 quae
518 1653 686 1717 concilium
709 1652 904 1719 Vaticanum
930 1653 1085 1719 definivit.
1132 1653 1219 1719 Nam

187 1759 225 1825 R.
251 1762 280 1826 2.
328 1759 463 1823 Habens
500 1758 767 1825 infallibilitatem
800 1759 922 1824 Summi
956 1759 1122 1824 Pontificis
1161 1781 1219 1843 pro
1256 1761 1416 1844 probabili

96 1852 228 1914 tantum
250 1847 445 1913 Lambertus
469 1869 507 1912 eo
529 1848 600 1931 ipso
627 1847 751 1914 indicat
774 1868 809 1912 se
837 1847 877 1912 de
893 1846 962 1912 eius
981 1847 1123 1914 veritato
1140 1850 1288 1914 dubitare
1295 1875 1309 1934 ,·
1329 1851 1416 1932 quod

95 1936 235 2013 sufficit,
266 1940 303 2002 ut
326 1937 370 2002 sit
393 1936 586 2002 haereticus.
640 1937 728 2001 Idem
752 1940 903 2020 apparet,
935 1937 1020 2018 quod
1052 1938 1252 2019 probabilem
1286 1939 1414 2021 quidem

95 2047 265 2091 assensum
288 2024 374 2090 circa
397 2025 663 2091 infallibilitatem
687 2029 799 2109 ponat,
823 2025 880 2096 ssd
897 2025 993 2089 simul
1009 2031 1109 2108 neget
1129 2028 1207 2109 fidei
1230 2050 1417 2109 assensum,

95 2135 173 2179 nam
205 2113 345 2198 positive
384 2115 458 2180 fidei
491 2135 659 2179 assensum
697 2114 784 2179 circa
822 2135 894 2179 eam
929 2113 1102 2180 veritatem
1138 2137 1276 2198 negare,
1318 2138 1413 2199 quam

97 2203 247 2269 Ecclesia
279 2203 441 2269 catholica
473 2213 507 2268 ut
537 2206 601 2287 fide
634 2206 800 2269 tenendum
835 2204 1002 2286 proponit,
1038 2203 1117 2269 nihil
1148 2205 1236 2269 aliud
1260 2210 1294 2271 et
1316 2226 1414 2288 quam

96 2293 244 2358 haeresis
268 2292 389 2358 crimen
414 2291 627 2358 committere.

186 2399 224 2463 R.
243 2402 273 2464 3.
305 2399 438 2477 Verum,
462 2402 537 2464 utut
560 2399 600 2463 de
623 2397 768 2463 haeresis
790 2402 926 2480 peccato
946 2400 1084 2474 constet,
1109 2398 1249 2463 nondum
1272 2399 1321 2465 ita
1337 2421 1413 2465 con·
1426 2417 1494 2473 1008

95 2491 166 2553 stat
189 2488 398 2553 Lambertum
422 2508 494 2552 eam
523 2496 684 2553 exterorum
714 2485 859 2551 haeresis
881 2485 1146 2552 manifestantem
1171 2487 1332 2552 actionem
1355 2510 1414 2573 po·

96 2575 211 2653 suisse,
237 2597 320 2658 quae
342 2577 384 2641 ad
407 2575 618 2641 incurrendas
635 2576 875 2642 ecclesiasticas
890 2596 1013 2658 poenas
1029 2576 1216 2642 necessaria
1232 2582 1293 2644 est.
1328 2578 1413 2644 Nam

98 2666 132 2746 1)
164 2664 246 2731 istas
270 2665 481 2731 difficultates
504 2666 557 2730 vol
581 2665 681 2730 etiam
711 2665 871 2730 haeresim
896 2663 1101 2730 commissam
1124 2666 1227 2731 amico
1251 2687 1414 2751 exponere

95 2753 204 2818 animo
221 2753 364 2819 discendi
389 2759 520 2819 nonest
544 2753 629 2819 actio
652 2758 787 2819 externe
810 2753 958 2836 graviter
973 2754 1070 2832 mala,
1095 2754 1192 2818 immo
1208 2760 1319 2837 potest
1343 2777 1414 2821 csse

95 2843 198 2917 bona;
223 2865 302 2925 ergo
326 2864 492 2926 exponens
508 2865 585 2907 suas
601 2842 812 2909 difficultates
828 2843 1022 2908 Lambertus
1047 2842 1413 2910 excommunicationem

95 2932 237 2996 noudum
262 2933 406 2998 incurrit.
452 2932 485 3012 2)
509 2931 600 3008 Quod
624 2932 740 2998 addat:
770 2952 871 3013 ,quae
888 2934 957 2996 ate
974 2932 1062 2996 dicta
1085 2937 1171 3007 sunt,
1197 2932 1412 3014 expendam“,

94 3021 288 3086 manifestat
325 3021 452 3103 quidem
492 3021 700 3086 Lambertum
741 3020 882 3085 nondum
920 3020 1096 3103 positivum
1132 3020 1207 3084 fidei
1244 3041 1412 3087 assensum

97 3110 260 3192 posuisse,
297 3110 354 3174 sed
384 3110 525 3174 nondum
556 3110 740 3191 aturrifestut
776 3130 896 3174 novum
928 3111 1103 3173 dissensum
1139 3111 1324 3193 positivum,
1356 3132 1413 3176 seu

94 3198 255 3263 haeresim
279 3220 344 3263 non
368 3199 449 3263 satis
472 3199 635 3281 exprimit.
682 3198 823 3264 Restant
853 3197 887 3279 3)
917 3197 1034 3274 verba,
1065 3217 1148 3278 quae
1178 3199 1327 3279 sequenti
1350 3200 1412 3278 dis,

94 3308 160 3352 non
183 3287 259 3352 novi
283 3287 406 3353 consilii
423 3309 532 3364 causa,
550 3292 586 3353 ut
602 3287 739 3363 videtur,
765 3286 868 3351 amico
885 3287 1014 3351 obviam
1031 3286 1173 3351 venienti
1191 3287 1278 3352 dicit.
1303 3288 1414 3353 Verba

93 3377 151 3442 illa
174 3376 372 3442 haercticam
397 3381 539 3442 mentem
556 3376 637 3441 satis
653 3375 850 3458 exprimunt,
874 3376 901 3439 si
925 3375 1010 3440 ratio
1033 3375 1172 3441 habetur
1188 3376 1414 3459 praecedentis

94 3465 339 3549 disputationis,
365 3467 527 3548 adquam
551 3465 744 3530 Lambertus
767 3463 837 3548 ipse
862 3465 961 3529 verba
984 3485 1044 3528 sua
1067 3464 1179 3530 refert.
1225 3465 1331 3542 Quare
1355 3486 1414 3531 ex-

93 3554 204 3622 istimo
222 3554 302 3620 haec
318 3555 419 3620 verba
442 3555 539 3638 plane
562 3553 722 3632 sufficere,
746 3557 784 3618 ut
799 3553 992 3618 Lambertus
1009 3552 1163 3617 dicendus
1186 3553 1230 3619 sit
1252 3553 1413 3621 baeresim

93 3648 266 3709 externam
290 3643 498 3721 commisisse,
524 3643 585 3708 nisi
608 3643 664 3706 illa
686 3643 789 3708 verba
811 3641 994 3725 protulerit,
1018 3645 1055 3707 ut
1078 3645 1206 3725 peteret
1229 3664 1332 3710 novas
1355 3666 1414 3710 cx·

92 3733 308 3816 planationeS,
334 3738 469 3816 paratus
492 3753 527 3796 se
551 3731 737 3797 subiciendi.

182 3838 220 3903 R.
246 3840 275 3904 4.
322 3838 432 3903 Verba
455 3838 521 3915 illa,
546 3838 662 3920 quibus
683 3837 877 3903 Lambertus
901 3836 984 3903 dixit
1007 3858 1042 3901 se
1065 3857 1129 3901 non
1153 3837 1285 3902 credere
1308 3839 1492 3907 minu-1009

92 3927 237 3993 tissimas
260 3927 334 3992 illas
357 3949 419 4004 res,
445 3948 526 4009 quas
548 3927 581 3994 S.
599 3926 767 4010 Scriptura
790 3929 914 4002 narrat,
938 3925 971 3990 in
994 3925 1175 4007 sequidem
1199 3931 1277 3992 sunt
1298 3927 1412 3992 haere·

91 4017 159 4082 tica
183 4020 282 4098 atque
305 4016 471 4083 sufficiunt
494 4016 536 4080 ad
559 4016 718 4081 haeresim
743 4019 924 4080 externam.
972 4015 1057 4080 Nam
1082 4015 1142 4080 etsi
1167 4016 1317 4080 Ecclesia
1348 4037 1411 4080 non

91 4105 131 4171 16
155 4104 229 4170 istis
252 4106 348 4170 rebus
371 4105 595 4170 minutissimis
618 4105 651 4169 in
675 4126 710 4169 66
734 4103 891 4187 spectatis
911 4125 1051 4169 canones
1067 4104 1210 4170 condidit
1233 4109 1332 4186 atque
1355 4125 1412 4168 eas

91 4215 150 4277 pro
174 4194 249 4259 fidei
273 4195 419 4260 articulis
443 4193 639 4270 declaravit,
671 4199 781 4259 tamen
811 4197 916 4260 totam
941 4193 972 4260 S.
997 4192 1197 4277 Scripturam
1227 4193 1411 4275 proverbe

90 4284 151 4351 Dei
182 4283 363 4349 habandam
395 4305 467 4348 esse
496 4284 559 4348 fide
590 4283 751 4348 catholica
781 4282 937 4348 definivit.
984 4282 1075 4358 Quod
1104 4280 1241 4358 sufficit,
1273 4285 1310 4346 ut
1339 4281 1411 4362 quis
1491 4313 1494 4316 ·

90 4394 217 4456 negans
246 4372 386 4456 positive
409 4393 578 4437 assensum
602 4371 701 4437 etiam
726 4371 813 4437 circa
835 4393 889 4436 166
912 4369 1054 4435 minutas
1078 4391 1161 4452 quae
1187 4370 1221 4434 in
1245 4369 1277 4435 S.
1303 4369 1410 4453 Scrip-

90 4467 166 4528 tura
190 4466 228 4528 ut
251 4483 271 4526 a
294 4461 363 4525 Deo
388 4462 495 4526 dictae
518 4466 695 4527 narrantur
718 4480 795 4525 vere
819 4461 1002 4525 committat
1025 4458 1195 4523 haeresim.

180 4552 243 4617 Sed
272 4550 452 4615 subiective
475 4551 669 4616 Lambertus
699 4550 840 4614 fortasse
871 4551 1063 4623 excusatur,
1094 4567 1132 4611 oo
1160 4547 1245 4628 quod
1276 4567 1411 4611 erronee

89 4641 219 4724 quidem
257 4640 316 4704 sed
350 4659 492 4705 errorem
529 4639 675 4705 nesciens
709 4638 876 4721 putaverit
906 4636 1139 4702 revelationem
1170 4634 1232 4700 Dei
1261 4657 1320 4701 seu
1349 4636 1411 4700 Dei

1142 4738 1198 4793 33*
