3106 5168
308 292 467 365 Cooperatio
486 312 547 348 cum
566 301 677 366 peccato
696 297 784 352 alieno
803 314 851 367 per
870 295 1011 350 caritatem
1031 297 1173 367 prohibita.
1339 304 1401 367 227

79 470 210 554 proprie
234 471 408 538 committit
432 472 756 539 communicationem
779 475 813 540 iu
836 474 939 540 saeris
958 475 1172 558 prohibitam:
1197 475 1404 542 nihilominus

79 560 143 625 alio
168 559 275 713 titulpI
287 561 443 627 eiusmodi
467 561 655 628 assistentia
677 567 789 646 potest
812 585 883 629 esse
906 563 1031 631 illicita.
1078 566 1124 631 uf.
1147 566 1202 631 lt.
1225 589 1264 632 nr.
1289 566 1313 645 Ι,
1339 569 1403 632 658

79 653 159 715 nota
183 651 219 725 23
278 651 363 726 ‚72

170 738 281 803 Simile
305 738 381 821 quid
405 739 467 804 dici
491 739 588 805 debet
611 740 651 804 de
674 739 783 824 aliquo
800 745 877 807 actu
901 741 1039 824 publico,
1064 741 1118 824 qui
1137 742 1310 825 religiosus
1334 745 1405 825 qui·

80 829 152 892 dem
177 831 238 904 est,
263 828 321 892 sed
344 827 440 892 simul
464 833 558 894 actus
582 828 686 894 civilis
710 829 763 895 vel
787 829 949 913 politicus.
984 830 1076 907 Quod
1100 831 1126 896 si
1143 832 1214 896 fieri
1236 836 1348 916 potest
1371 839 1405 899 et

80 918 128 984 ita
151 916 221 982 fieri
244 920 394 1000 apparet,
418 922 455 983 ut
478 917 668 984 assistentia
691 918 735 985 sit
757 940 847 984 mere
870 919 976 984 civilis
1004 924 1037 985 et
1061 920 1210 1004 politica:
1234 922 1316 987 haec
1340 944 1404 988 nou

80 1012 132 1074 est
154 1006 319 1090 prohibita
342 1006 438 1072 titulo
462 1007 764 1074 communicationis
786 1008 819 1072 in
843 1008 955 1073 saeris.

169 1121 223 1186 An
246 1140 438 1195 onuasrruu
461 1123 501 1185 2:
524 1121 563 1187 R.
582 1124 610 1188 1.
651 1122 684 1189 Si
708 1122 800 1200 liber,
825 1142 889 1204 quo
912 1121 1024 1187 schola
1046 1121 1105 1187 illa
1125 1122 1238 1201 utitur,
1263 1123 1307 1188 sit
1322 1123 1467 1190 liber444

80 1209 335 1276 acatholicorum
358 1208 530 1292 religiosus
559 1231 617 1276 seu
640 1211 788 1277 collectio
813 1210 1010 1288 carminum,
1034 1232 1098 1294 qua
1121 1216 1257 1279 utantur
1280 1213 1312 1277 in
1336 1213 1404 1278 suis

80 1300 228 1366 coetibus
259 1298 439 1379 religiosis:
473 1298 554 1364 libro
587 1298 643 1364 illo
675 1300 724 1366 uti
757 1299 925 1366 catholicis
957 1320 1022 1364 non
1053 1299 1148 1378 licet,
1183 1322 1221 1366 eo
1254 1302 1340 1384 quod
1371 1303 1405 1367 hi

79 1390 153 1455 libri
188 1386 342 1471 prohibiti
375 1390 452 1451 sunt
483 1388 598 1469 regula
630 1389 873 1456 constitutionis
908 1390 1113 1473 ,Officiorum
1146 1413 1185 1455 cc
1216 1390 1402 1456 nr:cuerum“

80 1502 111 1547 n.
137 1481 177 1543 3:
214 1476 312 1553 ,Item
337 1474 549 1558 prohihentur
572 1476 662 1554 libri,
688 1476 807 1560 quiex
831 1478 979 1562 professo
1004 1479 1044 1543 de
1066 1478 1224 1560 religione
1247 1483 1404 1558 tractant,

79 1567 141 1633 nisi
172 1568 301 1632 constet
330 1564 409 1629 nibil
439 1565 471 1629 in
501 1565 541 1629 iis
571 1568 685 1631 contra
716 1567 811 1631 fidem
842 1568 1037 1633 catholicam
1065 1568 1253 1636 contineri.“
1302 1569 1404 1634 Immo

80 1656 143 1723 etsi
168 1658 335 1721 constaret
359 1652 437 1718 nihil
462 1658 577 1720 contra
599 1655 695 1719 fidem
720 1656 915 1722 catholicam
939 1657 1097 1722 contineri
1120 1695 1164 1706 -
1187 1657 1219 1722 id
1239 1657 1323 1739 quod
1348 1657 1406 1722 vix

80 1766 234 1828 umquam
258 1742 489 1809 constabit-
512 1743 667 1827 prohibiti
689 1749 802 1810 essent
824 1744 856 1809 vi
880 1767 911 1811 n.
931 1749 972 1811 20
996 1745 1139 1810 eiusdem
1164 1746 1406 1812 constitutionis

80 1836 121 1900 ‹le
150 1833 241 1899 libris
270 1831 432 1914 liturgicis
461 1838 495 1899 et
524 1836 727 1919 precatoriis,
759 1837 873 1917 utpote
900 1833 1072 1918 ,publicati
1100 1845 1227 1920 practer
1250 1839 1407 1921 legitimae

81 1925 280 1990 ‹caeleritatic
304 1925 495 1988 licentiam“.
654 1935 656 1940 “
722 1937 725 1943 ’

172 2029 209 2095 lt.
233 2032 262 2094 2.
312 2027 345 2093 Si
369 2027 514 2093 carmina
536 2028 601 2095 ista
625 2033 789 2110 utcunque
813 2028 982 2095 continent
1005 2029 1187 2094 sententias
1210 2029 1404 2108 haereticas,

81 2121 161 2184 haec
184 2138 289 2199 neque
313 2117 424 2198 legere
447 2138 552 2200 neque
576 2138 693 2183 canere
716 2117 836 2184 licebit.

171 2224 209 2289 R.
227 2227 257 2290 3.
297 2223 331 2288 Si
354 2244 433 2287 vero
456 2223 539 2288 liber
562 2223 734 2306 religiosus
757 2245 822 2288 uon
846 2226 906 2300 cst,
934 2243 1039 2304 neque
1063 2223 1207 2288 carmina
1231 2223 1405 2306 quidquam

80 2312 236 2380 haeretici
262 2312 440 2389 continent,
465 2312 522 2377 sed
546 2333 586 2376 ea
610 2333 692 2394 quae
715 2312 882 2377 christiani
907 2310 1121 2377 communiter
1144 2311 1183 2376 de
1200 2313 1268 2377 Deo
1292 2313 1406 2379 rebus-

81 2425 144 2486 que
167 2402 269 2468 sacris
293 2401 455 2467 sentiunt:
481 2401 618 2466 dedecet
641 2403 768 2484 quidem
793 2402 889 2484 plane
913 2402 974 2466 hac
995 2402 1065 2466 sola
1081 2400 1219 2478 ratione,
1238 2402 1323 2483 quod
1339 2403 1406 2469 sint

81 2514 135 2557 res
158 2492 330 2574 religiosae
354 2491 396 2556 ab
411 2490 602 2555 acatholicis
619 2493 828 2575 compositae,
853 2490 1048 2556 catholicum
1072 2510 1266 2566 circanam:
1291 2512 1406 2556 verum

82 2604 154 2646 cum
186 2581 219 2646 in
250 2585 362 2645 nostro
394 2601 472 2645 casu
504 2580 548 2645 sit
577 2581 689 2662 gravis
719 2581 879 2662 quaedam
908 2579 993 2645 ratio
1027 2583 1126 2661 atque
1156 2580 1289 2645 moralis
1313 2581 1407 2662 quasi

82 2670 225 2748 coactio,
256 2670 288 2734 id
312 2668 376 2733 illis
401 2668 567 2751 discipulis
591 2669 705 2752 culpae
729 2669 813 2735 verti
837 2669 965 2751 nequit,
1000 2667 1028 2733 si
1052 2668 1084 2732 iu
1108 2668 1265 2733 exercitio
1289 2674 1406 2736 cantus

83 2761 146 2824 ista
175 2779 292 2825 canere
323 2758 402 2822 iussi
434 2759 671 2840 obtemporant.
718 2758 804 2823 Nam
836 2766 929 2824 actus
959 2757 1133 2840 religiosus
1156 2758 1210 2823 vel
1233 2758 1406 2842 liturgicus

83 2871 146 2914 non
171 2853 231 2926 est,
256 2868 361 2929 neque
386 2847 634 2912 communicatio
659 2847 691 2911 in
715 2846 826 2913 sacris.

171 2963 224 3026 An
248 2981 439 3036 ouarsrruu
456 2963 494 3024 3m
511 2960 549 3026 R.
571 2963 598 3024 l.
630 2959 664 3025 Si
689 2960 799 3041 agitur
823 2960 862 3024 de
887 2958 1070 3026 festivitate
1093 2959 1257 3043 religiosa,
1283 2961 1405 3026 clarum
1415 2980 1468 3034 445

83 3056 134 3117 est
158 3050 335 3116 catholicos
359 3072 424 3114 uon
448 3071 543 3133 posse
567 3054 666 3114 cantu
690 3050 825 3114 adeam
850 3069 1043 3113 concurrere
1068 3069 1205 3130 eamque
1227 3049 1288 3113 hoc
1311 3051 1407 3114 modo

83 3141 175 3223 quasi
211 3139 423 3205 celebriorem
455 3139 608 3203 reddere:
647 3143 697 3204 est
734 3138 820 3202 enim
856 3137 936 3201 haec
971 3137 1119 3202 formalis
1158 3138 1407 3202 communicatio

82 3251 115 3294 m
139 3250 251 3294 sacrus.

171 3335 210 3402 R.
235 3338 264 3400 2.
311 3333 413 3398 Immo
444 3332 472 3397 si
505 3337 556 3397 est
584 3331 751 3398 festivitas
781 3332 920 3416 profana
950 3330 1003 3394 vel
1036 3330 1157 3409 civilis,
1190 3330 1281 3395 cuius
1312 3335 1407 3397 actus

83 3424 248 3490 sollemnis
272 3422 305 3487 in
325 3422 463 3488 ecclesia
479 3422 645 3487 haeretica
661 3422 855 3497 celebratur,
880 3420 977 3486 facile
993 3425 1110 3486 cantus
1126 3420 1245 3486 cantici
1262 3420 1407 3503 religiosi

83 3514 195 3580 haberi
218 3517 330 3597 potest
353 3532 412 3595 pro
436 3511 591 3591 religiosa
614 3517 709 3594 parte
732 3511 827 3577 istius
851 3509 1061 3577 festivitatis:
1088 3509 1202 3591 quodsi
1217 3513 1255 3575 ut
1269 3511 1348 3575 talis
1371 3532 1407 3576 re

83 3606 155 3687 ipsa
177 3603 334 3677 habetur,
359 3599 510 3666 similiter
533 3599 702 3665 catholicis
726 3622 790 3664 uon
816 3600 892 3666 licet
914 3598 1098 3665 formaliter
1121 3603 1251 3682 partem
1273 3601 1405 3666 habere.

83 3694 188 3770 Quare
212 3692 244 3756 in
269 3689 357 3756 omui
380 3711 457 3754 casu
482 3689 523 3754 ab
548 3688 704 3754 eiusmodi
721 3693 819 3755 cantu
843 3688 993 3755 catholici
1017 3688 1189 3754 avertendi
1212 3692 1298 3754 sunt.

171 3798 209 3864 R.
227 3801 257 3863 3.
283 3796 316 3862 Si
333 3816 411 3860 vcro
428 3794 631 3861 sollemnitas
648 3798 719 3860 tota
735 3795 855 3861 retinet
871 3794 1094 3861 characterem
1111 3815 1205 3860 suum
1221 3795 1405 3878 profanum,

84 3889 172 3954 locus
195 3890 282 3971 ipse,
315 3884 440 3951 scilicet
471 3885 556 3966 quod
588 3884 770 3949 celebretur
800 3883 832 3949 in
863 3883 985 3967 templo
1012 3883 1196 3961 haeretico,
1230 3885 1283 3948 vel
1313 3888 1407 3949 tenor

83 3977 211 4053 cantici,
237 3976 322 4059 quod
346 3974 514 4040 contineat
536 3995 605 4038 rem
628 3972 825 4056 religiosam,
849 3994 913 4037 uon
936 3971 1027 4048 facit,
1052 3976 1088 4037 ut
1112 3979 1227 4039 cautus
1251 3974 1294 4038 sit
1313 3978 1407 4038 actus

83 4067 189 4132 cultus
213 4064 314 4130 divini
338 4064 470 4145 eiusque
496 4061 684 4128 acatholici:
717 4062 789 4126 cani
814 4061 897 4126 enim
921 4066 1032 4145 potest
1054 4101 1099 4109 —
1123 4066 1158 4127 et
1180 4082 1278 4143 saepe
1301 4064 1339 4127 fit
1362 4097 1405 4106 —

83 4176 135 4220 res
158 4155 313 4237 religiosa
336 4154 377 4217 acl
402 4153 643 4218 demulciendas
667 4172 762 4216 aures
779 4154 813 4216 et
829 4150 870 4214 ad
886 4150 1056 4215 fruendum
1075 4154 1147 4215 arte
1163 4150 1296 4214 musica.
1336 4149 1405 4225 Quo

83 4245 114 4309 iu
139 4267 226 4320 casu,
251 4243 279 4308 si
303 4244 397 4307 abest
419 4241 621 4315 scandulum,
646 4239 832 4323 cooperatio
857 4239 1088 4305 catholicorum
1114 4239 1228 4304 illicita
1251 4258 1314 4301 non
1331 4238 1403 4303 erit.

640 4494 846 4504 *ῃ
