3106 5168
170 279 235 342 484
308 273 349 327 Dc
367 272 516 327 virtutibus
534 275 563 326 et
580 270 678 326 officiis
696 288 762 340 erga
779 271 909 325 homines.
930 300 959 308 -
983 270 1035 326 Off.
1054 270 1127 326 circa
1143 270 1214 326 bona
1233 275 1359 327 externa.

261 450 299 515 R.
325 451 355 514 4.
402 448 493 526 Quod
519 448 646 513 demum
670 448 704 513 in
728 468 805 513 casu
830 452 974 525 notatur,
1000 448 1201 530 liorgonium
1223 448 1391 514 hominum
1408 450 1493 516 dicta

171 544 273 621 atque
296 538 385 621 ipsos
408 538 555 603 homines
578 541 750 623 osperrrari
773 542 873 619 atquc
888 537 938 603 ita
960 559 1054 603 suam
1071 538 1158 621 apud
1181 559 1238 603 eos
1254 539 1379 605 famam
1404 540 1493 605 flocci

171 628 330 711 pendere;
360 626 393 691 id
416 647 476 710 per
498 648 535 692 se
557 648 621 691 non
646 627 818 692 honestum
841 625 899 691 sed
921 626 1184 709 peccaminosum
1207 628 1370 694 motivum
1393 629 1495 695 mani·

171 717 290 792 festat;
315 737 379 780 non
403 715 488 780 enim
512 716 746 794 humilitatem,
771 715 829 780 sed
851 715 1037 800 superbiam
1060 716 1168 795 fovet,
1195 716 1281 798 quod
1305 722 1357 784 est
1382 719 1496 784 vitium

171 806 258 871 inter
281 805 346 870 alia
369 804 569 888 primarium.

659 971 928 1036 orraauano
955 971 1007 1053 (1).

728 1127 837 1195 Casus.
865 1135 941 1203 (294)

261 1273 381 1333 Aetolia
408 1273 507 1350 puella
534 1273 654 1347 garrula
681 1272 827 1348 quaslibet
854 1291 903 1330 res
931 1290 1025 1331 novas
1054 1291 1118 1330 cum
1147 1272 1252 1332 amicis
1279 1275 1496 1333 communicare

171 1355 272 1430 gestit.
314 1353 490 1422 Acciderat,
520 1359 553 1411 ut
574 1353 709 1423 Aeneas,
740 1351 786 1410 cui
816 1358 955 1428 parentes
976 1352 1080 1411 Altam
1102 1372 1241 1428 sponsam
1264 1354 1495 1423 destinaverant,

171 1441 292 1513 propter
318 1453 382 1492 eam
410 1435 447 1491 ab
470 1433 562 1491 Aiace
590 1438 712 1491 mortem
739 1431 894 1491 minitante
923 1437 1079 1507 cogeretur
1105 1433 1208 1491 statim
1233 1434 1320 1509 quasi
1341 1435 1495 1494 duellando

172 1535 238 1574 cum
259 1515 310 1573 illo
331 1513 446 1588 egredi3
479 1513 614 1570 similiter
635 1513 801 1583 acciderat,
830 1519 862 1571 ut
882 1512 1012 1582 Bertha,
1034 1513 1083 1589 pia
1104 1513 1218 1589 puella,
1240 1533 1298 1588 quo
1320 1521 1496 1574 avocaretur

172 1617 190 1654 a
206 1597 267 1654 suis
288 1594 409 1670 pietatis
430 1592 592 1664 exercitiis,
614 1592 818 1668 aparentibus
840 1599 943 1652 coacta
965 1593 1002 1651 ad
1021 1593 1145 1652 choreas
1166 1593 1319 1653 adeundas
1341 1595 1382 1653 ibi
1405 1595 1495 1654 inscia

172 1696 191 1733 a
212 1676 319 1733 iuvene
340 1673 544 1732 inebriaretur.

262 1761 344 1832 Quae
365 1762 408 1820 sic
430 1764 467 1820 ab
489 1761 608 1819 Aetolia
628 1765 802 1819 narrantur:
834 1760 925 1819 Scitis
946 1761 1079 1819 Aeneam
1106 1760 1164 1820 ianr
1187 1760 1237 1821 diu
1264 1763 1401 1838 cogitare
1423 1764 1495 1822 clau·

172 1848 282 1914 strum;
305 1843 356 1901 sed
377 1842 483 1919 puellis
504 1861 564 1899 non
585 1840 775 1911 renuntiavit,
798 1841 909 1900 studuit
930 1841 1028 1917 potius
1049 1861 1130 1917 spem
1152 1842 1267 1901 illarum
1282 1862 1374 1918 porro
1388 1845 1495 1914 lovere,

172 1924 260 1982 immo
282 1923 345 1982 heri
367 1928 487 1998 propter
508 1941 645 1998 sponsam
668 1940 701 1980 se
723 1921 872 1980 duellavit.
914 1924 955 1980 At
977 1941 1041 1979 cum
1062 1923 1162 1980 laesus
1183 1923 1232 1990 sit,
1254 1928 1325 1998 post
1344 1943 1495 2000 recupera·

172 2011 234 2063 tam
264 2004 423 2062 sanitatem
454 2007 534 2060 certe
565 2001 792 2060 diffamationem
824 2020 907 2059 suam
937 2001 968 2059 in
999 2003 1129 2060 claustro
1159 2003 1292 2078 sepeliet.
1335 2004 1376 2064 Et
1405 2004 1495 2063 nostis

173 2085 331 2152 Bertham‚
359 2103 434 2159 quae
455 2082 611 2141 videbatur
632 2082 823 2140 sanctitatem
847 2101 907 2139 non
927 2101 1017 2158 posse
1039 2083 1196 2140 exhaurire
1224 2102 1321 2158 neque
1342 2084 1495 2144 hebdoma-

173 2165 256 2223 daria
277 2163 485 2223 communione
508 2167 648 2220 contenta
669 2168 749 2231 erat;
773 2181 809 2219 en
831 2181 895 2220 eam
917 2162 1011 2238 ipsam
1031 2162 1092 2220 vidi
1113 2164 1306 2223 temulentam
1327 2165 1496 2224 redeuntem

173 2244 344 2314 achoreis,
373 2243 430 2302 nisi
455 2242 573 2317 cognati
603 2261 667 2300 eam
689 2240 920 2317 repressissent,
948 2242 1171 2300 scandalosiora
1193 2242 1283 2301 etiam
1305 2243 1495 2314 vidissemus3

173 2330 303 2383 ceterum
324 2323 470 2382 mendacii
491 2342 555 2380 eam
577 2323 637 2380 iam
658 2321 815 2398 aliquoties
837 2341 962 2396 arguere
983 2321 1074 2398 potui.

173 2435 351 2506 Quasmrna
373 2438 402 2494 1⁰
427 2455 502 2511 quae
524 2436 563 2493 sit
585 2435 702 2511 proprie
724 2435 867 2494 detractio
890 2435 987 2493 famae
1008 2435 1132 2495 alienae.

372 2536 403 2591 2ο
428 2533 505 2591 unde
526 2539 660 2591 sumatur
680 2533 737 2590 hac
757 2532 788 2590 in
810 2552 842 2590 re
862 2532 1109 2608 peccaminositas
1130 2533 1273 2594 mortalis.

373 2634 403 2689 3⁰
429 2631 497 2707 quid
519 2631 555 2688 de
576 2630 736 2706 propositis
759 2630 877 2688 casibus
897 2630 1085 2689 iudicandum
1106 2630 1153 2690 eit.

769 2820 903 2887 Salutio.

112 2977 165 3032 aaa
263 2961 317 3025 An
333 2982 522 3037 Qunssrrnn
545 2965 580 3026 1¹¹³
605 2963 642 3027 R.
664 2965 690 3028 l.
724 2963 893 3028 Detractio
910 2968 961 3029 est
977 2965 1097 3029 iniusta
1113 2965 1261 3030 defectus
1278 2965 1378 3031 alieni
1396 2968 1494 3032 mani·

174 3051 318 3127 festati0,
344 3073 427 3132 quae
451 3051 586 3115 alterius
610 3052 729 3116 famam
755 3073 813 3116 seu
837 3054 922 3136 apud
947 3054 1028 3118 alios
1052 3054 1314 3120 aestimationem
1338 3056 1493 3121 diminuit.

175 3141 235 3218 Qui
259 3141 406 3206 defectus
429 3140 586 3222 imprimis
609 3141 748 3205 sumitur
771 3142 922 3218 moralis;
948 3148 1093 3208 attamen
1118 3147 1194 3208 sunt
1225 3143 1325 3208 etiam
1350 3146 1494 3211 defectus

175 3252 238 3295 non
262 3230 412 3306 morales
438 3229 492 3311 qui
516 3229 651 3293 alicuius
676 3229 937 3295 aestimationem
962 3230 1110 3298 minuunt
1133 3233 1185 3295 vel
1210 3233 1332 3299 delent.

263 3336 302 3400 R.
321 3340 351 3400 2.
384 3334 603 3415 Distinguitur
619 3337 700 3401 baec
717 3337 877 3401 detractio
893 3337 1044 3419 generice
1061 3343 1193 3420 sumpta
1208 3337 1242 3402 in
1258 3338 1493 3406 detractionem

174 3425 354 3507 simplicem
379 3425 467 3489 etin
492 3424 704 3503 calumniam,
737 3430 834 3508 prout
867 3426 1014 3490 defectus
1044 3427 1099 3491 ille
1122 3426 1242 3492 iniuste
1265 3429 1495 3497 manifestatus

175 3513 218 3578 sit
241 3535 339 3577 verus
363 3514 419 3577 sed
444 3514 598 3590 occultus,
623 3519 680 3578 aut
705 3515 788 3579 falso
812 3515 991 3597 impositus

266 3631 316 3690 Ao
340 3649 529 3701 canusinum
555 3632 593 3690 2¹¹¹
616 3629 655 3694 R.
682 3631 710 3694 1.
759 3629 866 3705 Ratio,
891 3650 932 3693 ex
956 3652 1020 3711 qua
1043 3630 1192 3711 gravitas
1217 3632 1344 3714 peccati
1368 3635 1494 3700 detrac-

176 3715 273 3779 tionis
296 3717 449 3792 sumitur,
482 3723 532 3781 est
556 3718 627 3799 ipsa
651 3718 759 3782 famae
789 3718 957 3783 diminutio
988 3719 1093 3783 minor
1115 3720 1168 3783 vel
1192 3721 1312 3798 maior,
1346 3744 1434 3804 quac
1456 3745 1494 3787 ex

176 3804 387 3869 manifestato
412 3806 540 3871 delectu
572 3807 648 3870 oriri
679 3807 771 3872 solet.
820 3808 911 3883 Quod
944 3808 1063 3890 pendet
1093 3830 1156 3872 non
1190 3830 1232 3873 ex
1262 3810 1333 3875 solo
1367 3813 1495 3878 defectu

175 3894 208 3956 in
232 3914 266 3956 se
290 3899 457 3974 spectato,
489 3896 545 3958 sed
579 3896 678 3961 etiam
708 3897 804 3977 idque
832 3898 967 3963 multum
993 3920 1034 3960 ex
1058 3898 1245 3962 condicione
1262 3921 1434 3981 personae,
1459 3903 1494 3965 de

176 4003 240 4063 qua
264 3982 410 4046 desectus
435 3989 595 4060 narratur,
621 3986 709 4049 etde
727 3986 920 4050 certitudine
944 3986 1062 4064 iudicii,
1081 3988 1165 4068 quod
1182 4009 1224 4052 ex
1249 3989 1400 4055 delectus
1423 4013 1493 4056 nar·

174 4070 302 4137 ratione
327 4072 358 4134 in
383 4072 588 4135 audientibus
613 4074 786 4138 excitatur.

114 4193 165 4243 953
264 4179 303 4244 R.
329 4182 357 4242 2.
406 4179 483 4241 Cum
514 4178 602 4242 sarna
632 4180 791 4244 consistat
814 4180 847 4243 in
871 4182 1031 4244 corrrmuni
1056 4182 1303 4260 aestimatione,
1329 4188 1492 4267 probabile

175 4273 226 4331 cst
250 4290 351 4348 grave
376 4272 544 4349 peceatum
569 4289 632 4329 non
658 4289 738 4341 csse,
764 4269 817 4331 uni
841 4271 979 4334 alterive
1003 4272 1073 4334 viro
1097 4272 1250 4353 prudenti
1274 4278 1308 4337 et
1332 4278 1492 4342 taciturno

176 4378 244 4418 rem
278 4356 359 4421 alias
393 4358 490 4420 etiam
523 4357 671 4436 graviter
704 4358 926 4423 diffamantem
960 4381 1112 4434 narrare,
1149 4362 1211 4425 nisi
1246 4364 1277 4444 1)
1309 4367 1493 4448 specialiter

176 4445 306 4510 intersit
323 4446 459 4509 hominis
477 4446 566 4521 laesi,
593 4446 676 4527 apud
694 4446 767 4509 illos
784 4447 870 4529 ipsos
887 4449 1029 4513 retinere
1047 4450 1320 4529 aestimationem,
1339 4457 1392 4518 vel
1410 4457 1492 4520 aliud

175 4555 279 4612 grave
304 4535 455 4597 damnum
480 4534 686 4615 adiungatur,
712 4537 764 4598 vel
788 4537 848 4600 nisi
874 4538 906 4617 a)
924 4543 1076 4602 narretur
1092 4540 1213 4602 crimen
1230 4541 1362 4609 falsum.
1400 4546 1492 4610 Ratio

175 4627 295 4697 antem,
322 4642 379 4683 cur
402 4622 433 4684 in
458 4624 619 4687 calumnia
643 4625 879 4690 aestimationis
904 4628 1062 4692 detractio
1088 4629 1184 4709 longe
1209 4631 1358 4696 severius
1382 4634 1492 4699 diiudi-
