3106 5168
184 270 247 334 130
395 264 436 319 De
454 264 604 321 virtutibus
621 267 650 320 et
667 263 765 320 officiis
783 281 849 332 erga
867 263 962 320 Deum.
982 294 1016 304 -
1033 265 1129 322 Virtus
1146 264 1293 335 religionis.

119 456 172 511 258
271 443 602 518 d1rouans1r1ur2¹¹¹
632 441 671 508 a.
717 441 795 508 Sive
824 446 914 508 certo
943 445 1075 509 constat
1105 441 1270 509 Getulium
1299 463 1364 509 non
1390 442 1508 510 fecisse

180 552 296 597 verum
319 535 443 610 votum,
467 531 538 597 sive
560 531 622 598 hoc
643 529 777 597 dubium
801 529 940 596 mansit:
965 530 999 595 in
1022 534 1162 613 utroque
1186 544 1265 597 casu
1289 530 1508 598 confessarius

182 620 348 687 (letalium
370 619 528 687 dedocere
551 619 649 687 debet
672 621 844 686 declarans
865 619 973 703 ipsum
995 619 1029 685 vi
1053 619 1123 687 voti
1145 620 1188 686 ad
1210 619 1292 686 nihil
1313 621 1437 700 teneri,
1467 643 1508 688 ne

182 709 334 776 videlicet
356 729 441 776 novo
465 710 598 794 relapsu
622 709 723 776 etiam
744 707 879 792 gravius
895 712 1024 792 peccet.
1071 709 1240 787 Renovet‚
1271 707 1300 775 si
1323 711 1506 785 consultum

180 799 343 876 videatur,
372 799 592 883 propositum,
623 819 686 881 quo
719 802 847 865 statuat
878 819 914 863 se
945 799 1128 882 relapsum,
1161 797 1191 864 si
1223 797 1308 865 forte
1339 799 1506 877 acciderit,

180 886 298 953 ieiunio
333 888 447 954 statim
481 887 514 953 in
551 908 587 953 se
620 887 858 970 castigaturum
892 908 984 964 esse3
1019 908 1134 953 verum
1169 887 1238 954 voti
1273 886 1505 971 obligationem

181 998 221 1043 ne
245 976 355 1043 addat.

490 1129 692 1196 VOVENDI
715 1129 854 1196 ACTUS
878 1129 934 1195 ET
959 1129 1193 1197 OBIEGTUM.

744 1286 855 1354 Casus.
882 1294 941 1362 (71)

267 1427 394 1497 Amalia,
416 1426 515 1504 puella
529 1427 672 1499 octennis,
694 1445 760 1486 cum
782 1427 812 1485 in
833 1425 1029 1485 instructione
1045 1426 1208 1487 christiana
1228 1429 1371 1489 bonorum
1385 1449 1505 1507 operum

179 1507 313 1567 meritum
335 1507 468 1567 audisset
488 1506 600 1578 extolli,
622 1513 711 1567 vovet
728 1505 835 1567 cotidie
856 1525 889 1566 ss
907 1506 1031 1583 pauperi
1046 1507 1181 1566 daturam
1196 1527 1263 1568 esse
1277 1508 1505 1586 eleemosynam,

178 1588 290 1648 nullum
311 1587 437 1663 amplius
463 1592 619 1664 peccatum
641 1588 879 1658 commissuram,
909 1592 939 1645 et
965 1620 998 1628 -
1024 1587 1054 1645 id
1074 1587 1152 1662 quod
1172 1587 1329 1664 aliquando
1350 1590 1506 1650 monialem

179 1688 195 1727 e
216 1668 376 1744 longinquo
397 1667 555 1726 facientem
576 1667 692 1726 viderat
715 1700 749 1708 —
773 1666 881 1726 cotidie
902 1666 994 1726 Sacro
1015 1665 1234 1729 inservituram.

180 1774 356 1846 Quanamun
376 1773 446 1850 quid
467 1774 508 1832 sit
528 1772 683 1834 dicendum
704 1773 740 1833 de
761 1773 862 1832 valore
883 1773 987 1833 horum
1009 1778 1155 1858 votorum.

774 1956 910 2024 Salutio.

117 2109 168 2163 259
266 2096 320 2162 An
343 2117 535 2173 eucnemon
560 2097 598 2165 R.
624 2102 652 2164 1.
699 2098 818 2165 Utrum
848 2096 979 2164 Amalia
1008 2097 1223 2164 sufficientem
1252 2099 1323 2165 voti
1352 2099 1505 2167 notitiam

178 2186 345 2264 babuerit,
375 2186 424 2253 ita
447 2191 485 2253 ut
507 2186 607 2253 sciret
629 2186 705 2269 quid
735 2187 779 2253 sit
801 2190 916 2252 votum
946 2191 981 2254 et
1003 2207 1178 2270 quamnam
1201 2208 1312 2254 secum
1335 2188 1424 2256 ferat
1447 2190 1504 2255 ob-

177 2274 377 2358 ligationem,
401 2296 513 2351 necnc,
538 2297 601 2341 non
625 2279 736 2360 potest
757 2275 907 2342 absolute
928 2275 1000 2354 dici,
1024 2276 1086 2342 nisi
1109 2277 1257 2360 inspecto
1280 2277 1350 2343 eius
1372 2278 1504 2361 ingenio

177 2369 212 2431 et
234 2365 352 2432 indole.
394 2364 515 2442 Quodsi
538 2364 757 2448 cognitionem
779 2365 996 2432 sufficientem
1018 2364 1231 2432 habitualiter
1254 2385 1318 2431 non
1342 2367 1503 2447 babuerit,

177 2475 220 2519 ex
243 2455 304 2520 bac
327 2453 455 2520 ratione
478 2453 586 2520 omnia
609 2454 680 2520 eius
703 2458 781 2520 vota
803 2452 898 2520 irrita
920 2458 1008 2521 eunt.

266 2560 304 2626 R.
326 2563 356 2626 2.
396 2559 573 2644 Supposita
594 2558 768 2625 sufficienti
790 2558 859 2626 voti
880 2558 1075 2642 cognitione,
1097 2565 1211 2627 votum
1234 2560 1362 2627 dandae
1385 2561 1504 2628 cotidie

177 2649 404 2733 eleemosynae
434 2669 499 2713 non
529 2653 580 2715 est
609 2669 652 2714 ex
681 2669 717 2713 se
746 2648 886 2726 nullum;
918 2648 1113 2732 quantitatis
1139 2653 1250 2716 autem
1273 2650 1503 2718 determinatio

178 2743 229 2805 est
258 2738 291 2803 in
322 2737 457 2804 arbitrio
487 2736 655 2810 voventisz
686 2736 779 2821 proin
809 2737 966 2820 obligatio
996 2738 1109 2820 gravis
1138 2759 1203 2804 non
1233 2738 1341 2817 adest,
1366 2741 1444 2822 quia
1470 2741 1503 2805 in

178 2828 313 2895 arbitrio
337 2826 489 2893 voventis
512 2830 578 2904 est,
614 2848 672 2910 per
703 2825 875 2892 materiam
907 2828 1032 2906 levem,
1065 2827 1177 2910 gravis
1209 2828 1420 2910 obligationis
1453 2829 1503 2894 in-

177 2938 341 3000 capacem,
365 2916 461 3000 plene
484 2915 685 2982 satisfacere.

266 3007 398 3084 Verum,
424 3010 461 3072 ut
483 3005 516 3070 in
538 3005 601 3070 bac
623 3003 845 3088 suppositione
864 3007 977 3069 votum
1001 3008 1175 3087 utcumque
1198 3005 1332 3071 inducat
1354 3005 1420 3071 iam
1444 3028 1503 3090 pro

177 3116 262 3161 nunc
278 3095 520 3178 obligationem,
544 3094 676 3160 Amalia
691 3094 788 3159 debet
803 3092 923 3158 habers
946 3093 1057 3175 aliqua
1080 3093 1174 3172 bona,
1199 3094 1240 3160 de
1263 3093 1380 3177 quibus
1398 3098 1503 3180 possit

176 3184 277 3250 libere
308 3184 496 3268 disponere;
527 3204 602 3249 nam
634 3204 675 3248 ex
709 3182 802 3247 bonis
833 3183 981 3265 paternis
1008 3183 1253 3267 >eleemosynam
1286 3184 1364 3250 dare
1393 3186 1502 3251 valide

177 3295 297 3340 vovere
320 3294 384 3339 non
408 3273 525 3357 potuit,
549 3293 654 3355 neque
678 3292 720 3337 ex
748 3271 789 3335 iis
811 3271 904 3336 bonis
927 3271 1076 3356 propriis,
1101 3293 1238 3355 quorum
1260 3273 1397 3339 liberam
1421 3296 1502 3340 non·

177 3363 252 3428 dum
284 3363 384 3428 habet
416 3361 669 3446 dispositionem.
723 3360 956 3426 Deficientibus
987 3361 1089 3443 igitur
1121 3361 1212 3426 bonis
1244 3361 1355 3428 liberis
1388 3369 1500 3430 votum

176 3452 326 3518 Amaliae
349 3451 568 3536 suspenditur,
594 3451 696 3515 donec
719 3449 849 3526 habeat,
876 3448 1002 3531 dequo
1026 3450 1188 3534 disponat.
1235 3495 1236 3498 =

265 3541 401 3624 Insuper
423 3545 577 3624 parentes
599 3538 749 3605 Amaliae
771 3543 910 3623 possunt
933 3542 1045 3604 votum
1074 3540 1151 3617 boc,
1183 3540 1268 3605 sicut
1298 3540 1364 3606 alia
1394 3543 1502 3608 omnia

176 3630 304 3712 puellae
320 3634 409 3706 vota,
434 3651 493 3714 pro
516 3650 645 3712 semper
661 3628 783 3693 directe
805 3627 946 3706 irritare,
973 3631 1088 3712 utpote
1103 3632 1184 3694 vota
1203 3628 1291 3695 filiae
1313 3629 1499 3713 impuberis.

176 3720 225 3784 De
249 3740 312 3801 quo
336 3721 377 3785 cf.
402 3719 488 3784 infra
510 3740 542 3784 n.
567 3720 641 3783 269.

114 3834 166 3889 260
265 3825 303 3891 lt.
329 3828 359 3891 3.
399 3826 531 3900 Votum,
556 3844 619 3905 quo
643 3820 772 3887 Amalia
799 3822 949 3904 promisit
981 3843 1017 3887 se
1039 3823 1163 3887 nullum
1188 3822 1327 3907 amplius
1351 3826 1500 3890 commis·

176 3935 285 3979 suram
318 3936 391 3979 esse
422 3919 609 3998 peccatum,
643 3933 707 3976 non
737 3910 844 3987 valet,
876 3912 1036 3993 siquidem
1067 3915 1218 3977 versatur
1248 3912 1336 3979 circa
1364 3919 1500 3998 peccata

176 4003 275 4070 etiam
299 4004 431 4069 minima
454 4002 605 4077 venialia,
630 4000 843 4081 quaeritare
867 4000 987 4065 bomini
1010 4001 1179 4068 moraliter
1201 4006 1253 4068 est
1284 4002 1497 4086 impossibile:

175 4114 289 4157 verum
316 4092 543 4178 impossibilia,
575 4090 675 4156 etiam
705 4089 873 4154 moraliter
902 4090 1129 4172 impossibilia,
1161 4091 1273 4156 voveri
1296 4093 1408 4158 valide
1437 4114 1499 4159 non

176 4186 362 4336 possudldiud
386 4273 438 4335 est
461 4273 572 4335 votum
597 4267 722 4334 vitandi
746 4271 883 4351 peccata
906 4269 1075 4334 mortalia:
1101 4268 1185 4350 quod
1209 4290 1281 4334 cum
1305 4270 1367 4334 Dei
1391 4269 1498 4353 gratia

176 4360 340 4427 ordinaria
362 4358 560 4442 impossibile
584 4379 646 4421 non
672 4361 731 4423 est.
772 4355 927 4422 Similiter
945 4357 1036 4422 valet
1052 4361 1164 4423 votum
1188 4378 1252 4422 non
1277 4358 1497 4426 committendi

175 4455 311 4533 peccata
330 4448 470 4514 venialia
493 4448 588 4531 plene
612 4445 801 4523 deliberata,
826 4446 943 4511 saltem
968 4447 1048 4511 certi
1071 4446 1207 4512 alicuius
1230 4447 1371 4529 generis,
1391 4450 1445 4514 vel
1467 4448 1496 4512 in

175 4540 302 4605 bomine
326 4538 408 4604 satis
438 4538 584 4620 perfecto
612 4534 711 4600 etiam
736 4540 848 4601 votum
872 4535 997 4601 vitandi
1021 4535 1212 4620 simpliciter
1235 4537 1402 4619 quaelibet
1425 4558 1495 4622 pec·

175 4634 250 4694 cata
273 4630 368 4713 plene
392 4628 581 4693 deliberata.
633 4626 687 4690 lb.
712 4647 752 4693 m.
777 4624 802 4700 1,
827 4627 901 4690 439.
