3106 5168
501 289 602 342 Votum
621 288 813 357 ingrediendse
831 287 979 358 religionis.
1341 295 1403 360 147

76 464 197 547 (neque
226 465 312 530 hunc
342 464 595 531 determinatum
626 464 771 531 ordinem
801 468 931 531 tantum
961 486 1086 531 vovens
1115 465 1309 548 intellexit),
1339 489 1406 534 uua

75 555 227 621 alterave
251 553 323 619 vice
346 553 486 638 amplius
509 553 652 638 experiri
675 554 788 633 debet,
819 575 896 619 num
926 553 960 618 in
989 554 1054 621 alio
1077 555 1191 621 ordine
1213 556 1404 640 recipiatur:

75 643 264 799 efflstfieetret
273 641 314 708 de
336 641 553 726 ineptitudine
576 643 618 708 ad
648 646 773 710 statum
796 643 983 726 religiosum
1013 643 1047 709 in
1073 664 1194 726 genere
1217 645 1282 711 iam
1305 652 1406 713 antea

165 831 205 897 R.
225 831 257 896 4.
296 830 454 896 Attamen
478 833 575 896 extra
597 829 739 912 patriam
762 833 797 895 et
819 828 985 896 nationem
1003 829 1168 914 propriam
1184 831 1404 917 receptionem

75 939 236 1002 quaerere
259 939 324 984 nou
347 921 500 984 censetur
522 917 732 1000 obligationis
755 937 844 995 esse,
877 917 941 985 nisi
963 939 1088 985 vovens
1110 919 1144 984 id
1176 940 1331 1005 expresse
1353 921 1404 985 in-

75 1007 229 1075 tenderit.
276 1007 380 1073 lmmo
403 1006 545 1072 feminae
574 1007 679 1073 minor
702 1007 802 1073 etiam
828 1007 986 1090 obligatio
1009 1013 1077 1086 est,
1108 1013 1147 1076 ut
1175 1009 1405 1076 admissionem
1519 1086 1522 1096 Ι

76 1102 218 1179 quaerat
240 1096 273 1162 in
296 1095 368 1162 loco
391 1095 576 1163 remotiore.
611 1094 703 1173 Quod
727 1101 837 1163 antem
861 1096 1042 1179 antiquitus
1067 1095 1220 1165 dixerunt
1243 1119 1314 1164 eam
1339 1119 1405 1164 non

76 1186 183 1254 teneri
215 1190 313 1252 extra
342 1189 542 1272 provinciam
575 1185 717 1268 patriam
747 1185 969 1270 receptionem
1001 1207 1176 1270 quaerere,
1209 1208 1268 1270 pro
1299 1187 1405 1252 nostri

74 1274 234 1359 temporis
257 1273 514 1342 circumstantiis
537 1296 602 1340 non
625 1274 802 1340 universim
825 1274 1022 1354 admiserim,
1056 1275 1119 1341 nisi
1140 1276 1323 1360 peculiares
1345 1296 1408 1342 ex-

75 1364 224 1431 stiterint
247 1363 468 1430 difficultates.

165 1476 219 1543 An
247 1497 438 1555 ouxasmuu
470 1480 509 1541 2m
538 1477 577 1544 R.
603 1480 630 1545 l.
682 1477 742 1554 Qui
775 1483 876 1545 vovet
911 1499 947 1544 se
978 1478 1064 1545 velle
1098 1477 1287 1562 religiosum
1321 1479 1402 1558 fieri,
1414 1492 1466 1547 295

74 1566 259 1650 generatim
289 1587 354 1632 nou
383 1565 488 1632 solum
519 1567 779 1650 experimentum
810 1567 989 1651 intellegit,
1023 1567 1081 1633 sed
1110 1568 1346 1652 professionem
1370 1572 1405 1635 et

76 1657 180 1722 vitam
211 1659 370 1739 perpetuo
399 1655 433 1720 in
462 1655 621 1737 religione
644 1657 834 1723 ducendam.
880 1656 988 1734 Quare
1011 1657 1194 1739 generatim
1223 1678 1283 1740 pro
1309 1657 1404 1724 libitu

74 1767 133 1811 seu
157 1766 200 1811 ex
223 1743 289 1810 levi
312 1765 412 1810 causa
434 1748 566 1828 postea,
598 1745 626 1810 si
649 1745 712 1810 sibi
734 1745 889 1828 religiosa
912 1746 983 1813 vita
1005 1745 1113 1811 minus
1134 1746 1311 1830 placuerit,
1339 1768 1405 1812 non
1538 1752 1541 1758 '

75 1837 187 1919 potest
216 1833 369 1899 recedere
399 1833 470 1899 sine
499 1833 644 1899 laesione
670 1834 749 1900 voti.
798 1834 845 1900 Ut
874 1834 936 1900 hoo
964 1834 1013 1901 ita
1042 1835 1160 1901 leviter
1189 1836 1259 1900 fieri
1289 1835 1403 1919 possit,

73 1923 220 2007 positiva
242 1922 328 1989 ratio
352 1923 467 1988 adesse
491 1923 606 1999 debet,
638 1943 681 1988 ex
703 1944 768 2006 qua
799 1923 960 1989 iudicetur
982 1923 1196 2007 probabiliter
1218 1928 1332 1991 votnm
1354 1924 1405 1990 in·

74 2012 243 2079 tellectum
275 2032 347 2078 esse
377 2012 418 2077 de
447 2012 517 2077 solo
547 2011 772 2096 experimento
802 2012 975 2089 sumendo,
1006 2016 1106 2095 atque
1136 2017 1311 2080 voventem
1341 2013 1404 2079 sibi

75 2101 219 2167 voluisse
242 2099 430 2166 libertatem
453 2121 587 2166 servare
611 2101 685 2166 dein
708 2100 914 2179 decernendi,
938 2105 1049 2168 utrum
1071 2101 1142 2167 vita
1165 2102 1319 2186 religiosa
1342 2103 1404 2168 sibi

75 2189 252 2257 conveniat
274 2210 386 2256 necne.
433 2188 554 2265 Quodsi
577 2190 659 2255 haec
681 2190 824 2273 positiva
847 2191 943 2257 adest
965 2189 1062 2268 ratio,
1086 2191 1243 2273 obligatio
1267 2191 1404 2258 ulterior

75 2301 140 2345 non
164 2284 217 2346 est
240 2279 396 2363 urgenda.
442 2278 490 2346 of.
515 2279 783 2345 Vermeersch
807 2279 828 2345 l.
854 2300 880 2345 c.
905 2300 936 2345 n.
965 2282 1037 2346 157.

164 2369 258 2434 Alias
282 2378 409 2446 autem,
440 2366 468 2432 si
492 2371 605 2433 votum
629 2368 669 2432 de
692 2368 893 2452 professione
916 2367 1072 2450 religiosa
1094 2373 1183 2446 erat,
1214 2390 1280 2434 non
1302 2389 1404 2450 quae-

73 2459 156 2526 libet
172 2458 349 2523 diffieultas
369 2477 428 2522 seu
448 2456 600 2523 molestia
616 2456 774 2523 novitium
789 2457 898 2524 reddit
912 2457 1060 2536 liberum,
1085 2457 1142 2523 sed
1160 2457 1265 2523 solum
1281 2478 1403 2540 magna

74 2551 108 2614 et
135 2567 271 2701 promis
300 2545 538 2629 inexspectata.
592 2545 623 2612 S.
648 2545 765 2630 Alpb.
795 2546 852 2625 lV,
885 2549 943 2621 72;
980 2548 1035 2614 lb.
1059 2569 1100 2613 m.
1130 2547 1162 2624 Ι,
1193 2549 1275 2620 454;
1306 2547 1402 2613 Ver·

73 2656 233 2702 meersc
285 2657 317 2702 n.
343 2637 417 2702 158.

162 2742 201 2808 R.
228 2745 258 2808 2.
302 2740 423 2807 Similis
447 2739 612 2807 distinctio
635 2740 707 2806 fieri
730 2741 828 2808 debet
850 2763 909 2826 pro
933 2763 1022 2820 casu,
1056 2763 1119 2824 quo
1143 2741 1216 2824 quis
1240 2741 1402 2809 admissus

72 2835 190 2918 postea
220 2831 261 2896 ab
285 2831 398 2895 ordine
422 2829 616 2896 dimittatur.
664 2829 796 2897 Scilicet
817 2830 901 2896 liber
923 2835 1050 2908 manet,
1081 2831 1109 2896 si
1132 2835 1272 2896 voverat
1295 2831 1401 2897 solum

72 2926 243 2989 tentamen
272 2919 444 3002 religiosae
472 2919 578 2996 vitae;
609 2941 673 2984 uon
703 2919 767 2997 ita,
798 2920 826 2985 si
853 2920 946 2986 vovit
975 2941 1033 2985 seu
1057 2920 1206 2985 vovendo
1237 2920 1401 2987 intellexit

72 3012 219 3078 futuram
248 3008 483 3092 professionem
512 3008 601 3074 vitae
631 3007 820 3090 religiosae:
856 3010 889 3075 in
918 3009 1100 3092 posteriore
1130 3030 1208 3074 casu
1240 3030 1298 3092 pro
1331 3030 1398 3093 spe,

72 3121 172 3183 quam
201 3099 301 3164 habet
331 3097 536 3163 admissionis
566 3097 706 3163 iteratae
730 3098 782 3163 vel
814 3097 1019 3163 admissionis
1048 3098 1081 3162 iu
1112 3097 1176 3163 alio
1200 3099 1326 3174 ordine,
1358 3099 1400 3164 ad

72 3209 194 3255 novum
212 3191 381 3254 tentamen
400 3186 584 3252 faciendum
607 3191 747 3252 tenetur.
786 3186 887 3269 quue
904 3187 1046 3252 maxime
1062 3187 1162 3263 valet,
1187 3186 1215 3252 si
1238 3207 1280 3252 ex
1304 3186 1400 3270 culpa

71 3300 133 3344 sua
149 3276 293 3343 novitius
312 3273 379 3356 (vel
394 3276 562 3359 professus
579 3279 730 3341 votorum
747 3275 954 3360 simplicium)
978 3275 1129 3341 dimissus
1145 3275 1260 3351 fuerit;
1285 3296 1399 3340 verum

72 3367 173 3434 etiam
197 3388 256 3431 suo
280 3365 375 3430 modo
406 3370 441 3431 et
470 3385 610 3448 prospe
634 3364 827 3448 aptitudinis
850 3386 928 3430 suae
957 3365 999 3430 ad
1022 3365 1120 3430 alium
1146 3364 1290 3431 ordinem
1314 3365 1399 3431 idem

72 3458 165 3522 valet
187 3455 221 3520 in
245 3475 294 3533 eo,
318 3454 373 3537 qui
396 3454 466 3520 sine
489 3475 550 3519 sua
573 3454 669 3539 culpa
692 3453 876 3522 dimittitur.
927 3455 984 3521 lb.
1008 3477 1048 3521 m.
1072 3454 1149 3520 ibid.

162 3543 303 3610 Facilius
326 3548 437 3610 tamen
467 3542 551 3608 sumi
580 3546 691 3626 potest
721 3564 804 3619 eum,
835 3542 890 3625 qui
918 3542 988 3608 siue
1011 3564 1071 3609 sua
1094 3543 1190 3627 culpa
1213 3541 1399 3622 dimittitur,

71 3656 170 3720 posse
193 3633 419 3716 acquiescere,
451 3654 523 3698 cum
554 3631 682 3698 facilius
711 3631 847 3698 iudicari
875 3631 979 3716 possit
1008 3653 1099 3716 spem
1130 3630 1336 3699 admissionis
1366 3632 1400 3698 in

72 3723 137 3790 alio
162 3723 274 3789 ordine
297 3726 425 3789 tantam
449 3743 514 3787 non
538 3742 620 3800 esse,
645 3726 682 3788 ut
704 3721 749 3787 sit
772 3721 928 3803 obligatio
952 3720 1093 3787 faciendi
1115 3721 1316 3788 tentaminis.

161 3836 216 3902 An
238 3857 429 3914 oneremur
453 3839 502 3903 3¹²¹.
550 3837 588 3902 A.
622 3838 735 3919 Quoad
766 3838 879 3902 Caium
908 3837 947 3902 R.
975 3839 1002 3902 1.
1048 3836 1144 3902 (laius
1173 3857 1238 3901 non
1267 3840 1461 3902 teneturrto

72 3927 219 3993 ordinem
254 3925 478 3991 monachalem
514 3926 657 4008 ingredi,
693 3946 765 3990 cum
801 3946 857 3991 eos
891 3925 1021 3991 ordines
1053 3946 1177 3991 vovens
1212 3925 1399 3991 nullatenus

72 4016 225 4082 videatur
247 4015 279 4080 in
310 4019 420 4080 mente
442 4014 604 4082 habuisse.
651 4014 852 4096 Quamquam
877 4015 963 4080 enim
986 4035 1045 4098 per
1067 4014 1144 4080 talis
1168 4013 1289 4079 ordinis
1313 4015 1399 4079 elec·

71 4106 196 4173 tionem
220 4110 332 4170 votum
357 4104 575 4188 impleret-
598 4103 757 4186 siquidem
781 4103 873 4170 vovit
899 4103 932 4168 in
962 4124 1083 4186 genere
1104 4103 1175 4168 fieri
1199 4103 1397 4185 religiosum,

72 4215 137 4260 uon
160 4193 194 4258 in
217 4193 326 4277 specie
348 4193 537 4276 religiosum
560 4192 682 4257 ordinis
701 4192 892 4258 clericorum
908 4192 1107 4275 regularium
1122 4231 1177 4270 —,
1200 4195 1311 4258 tamen
1333 4212 1397 4255 nou

71 4287 205 4351 tenetur
228 4283 275 4348 sic
296 4282 442 4365 implere.

162 4381 201 4448 R.
227 4383 257 4447 2.
305 4380 339 4447 Si
362 4384 458 4445 extra
481 4379 623 4464 patriam
647 4380 794 4445 exsulem
818 4379 978 4445 exsistere
1000 4399 1060 4461 pro
1083 4376 1160 4443 Caio
1189 4398 1242 4442 res
1265 4375 1399 4459 gravior

73 4471 213 4541 videtur.
238 4469 272 4535 vi
295 4469 365 4536 voti
387 4468 437 4533 sui
461 4470 503 4533 ad
529 4468 562 4533 id
586 4468 723 4550 obligari
746 4467 862 4535 stricto
886 4489 983 4533 sensu
1007 4466 1135 4548 nequit;
1167 4467 1264 4531 debet
1286 4469 1398 4530 tamen

73 4559 273 4644 aliquamdiu
297 4563 506 4642 exspectare,
538 4563 573 4624 et
601 4557 629 4622 si
660 4561 775 4642 postea
798 4557 859 4621 sibi
886 4556 919 4621 iu
942 4557 1050 4640 patria
1073 4555 1201 4620 occasio
1226 4553 1325 4619 fuerit
1348 4553 1397 4617 in·

74 4648 273 4733 gradiendas
294 4647 471 4731 religionis,
495 4646 566 4713 voti
590 4645 746 4730 obligatio
770 4645 947 4712 reviviscit.

1132 4745 1184 4802 10*
