3106 5168
188 277 253 342 334
325 273 367 328 De
385 272 533 327 virtutibus
551 275 580 327 et
597 271 695 328 officiis
713 288 780 340 erga
797 270 928 326 homines.
950 302 981 312 -
1001 271 1053 327 oc
1072 272 1145 328 circs
1162 273 1233 328 benc
1251 276 1378 327 externa.

189 449 365 534 ceptionali
394 450 518 516 veritas
548 449 643 515 huius
672 449 721 514 rei
750 450 791 515 ab
821 447 952 514 Amalia
981 452 1130 515 assertae
1160 448 1310 532 emptrici
1341 453 1515 533 perspecta

188 539 300 606 luerit.
328 577 373 587 -
401 540 438 604 In
463 543 630 622 posterum
653 538 756 620 igitur
776 557 883 620 neque
905 537 1105 604 anastasiae
1134 558 1240 620 neque
1269 537 1341 604 eius
1364 538 1515 604 dominae

189 629 311 713 emptio
335 628 393 693 illa
415 628 636 712 permittenda
658 631 720 694 est.

277 734 316 800 R.
333 736 364 801 4.
406 733 486 799 Post
508 733 634 800 factum
657 732 719 797 bae
743 730 918 815 emptrices
941 730 1116 796 difficulter
1138 728 1270 814 plenam
1292 731 1418 798 babere
1441 753 1514 817 pos·

188 826 265 888 sunt
295 823 343 888 rei
372 822 610 888 certitudinem.
658 821 721 888 Sed
745 821 821 903 quia
851 840 906 885 res
935 820 976 885 ab
1006 817 1100 886 initio
1129 822 1203 885 erat
1225 820 1324 885 valde
1346 827 1512 905 suspecta,

187 932 247 995 pro
276 917 352 979 rata
375 911 462 977 dubii
491 911 604 995 aliqua
633 909 798 977 restitutio
829 907 974 990 (circiter
995 907 1094 974 medii
1116 907 1253 991 valoris)
1283 909 1324 974 iis
1353 909 1513 977 incumbit

188 1020 269 1085 erga
291 1001 381 1067 illam
404 1000 564 1067 familiam
580 999 725 1078 divitem,
750 1019 835 1082 quae
858 998 1011 1063 damnum
1034 1017 1135 1081 passa
1156 1002 1223 1076 est;
1247 997 1380 1064 domina
1403 1005 1513 1066 tamen

187 1094 267 1155 ante
280 1089 492 1156 Anastasiam
515 1093 658 1165 tenetur,
682 1093 752 1155 tum
771 1087 849 1169 quia
870 1088 904 1153 in
927 1087 998 1152 eius
1020 1107 1131 1153 arcam
1154 1090 1261 1153 totum
1284 1087 1414 1153 lucrum
1438 1110 1514 1154 con-

187 1178 301 1255 fluxit,
331 1183 402 1245 tum
425 1178 503 1261 quia
531 1177 691 1244 mandans
721 1183 803 1242 erat.
852 1177 973 1241 Verum
997 1180 1075 1241 ante
1100 1176 1214 1242 ambas
1239 1175 1315 1242 illas
1338 1179 1514 1261 emptrices

186 1270 320 1334 tenetur
341 1267 471 1333 Amalia
494 1267 613 1333 saltem
636 1271 795 1349 quantum
817 1265 939 1332 attinet
962 1264 1003 1330 ad
1034 1265 1175 1348 pretium
1204 1268 1392 1348 receptum;
1424 1287 1513 1351 emp·

186 1356 288 1422 trices
317 1358 358 1423 ad
389 1377 558 1422 excessum
589 1355 712 1421 valoris
743 1375 853 1420 rerum
882 1375 983 1438 supra
1013 1353 1154 1438 pretium
1184 1354 1327 1420 solutum
1357 1355 1513 1438 primarie

186 1450 357 1524 tenentur,
388 1444 519 1511 Amalia
547 1443 748 1510 secundarie.
796 1444 845 1509 De
874 1448 984 1509 cetero
1008 1444 1138 1509 Amalia
1161 1442 1209 1508 illi
1232 1442 1396 1523 familiae,
1428 1445 1513 1529 apud

188 1556 285 1617 quam
303 1554 511 1600 oeconomam
533 1535 613 1616 agit,
637 1538 769 1599 tenetur
784 1532 824 1598 de
840 1541 900 1598 toto
916 1532 1035 1598 damno
1058 1532 1162 1610 illato,
1186 1531 1250 1598 etsi
1273 1533 1361 1598 circa
1385 1539 1512 1617 partem

188 1623 331 1705 aliquam
354 1644 539 1706 regressum
563 1623 685 1688 habeat
703 1622 745 1688 ad
760 1622 950 1705 emptrices3
975 1642 1079 1702 eaque
1103 1642 1168 1685 non
1185 1621 1332 1688 manebit
1354 1622 1390 1687 in
1407 1624 1511 1699 dubio,

188 1712 245 1778 sed
268 1716 359 1778 certa
382 1716 434 1778 est
457 1713 510 1778 vel
533 1712 631 1777 facile
653 1712 794 1777 evadere
818 1716 928 1795 potest
951 1710 991 1776 de
1014 1709 1191 1787 iniustitia,
1222 1710 1357 1794 eiusque
1386 1712 1512 1794 magni·

188 1800 311 1878 tudine,
335 1821 433 1883 quam
458 1822 538 1884 erga
560 1801 719 1866 familiam
742 1800 951 1866 commiserit.

446 2025 706 2093 RRSTITUTIO
730 2026 790 2092 EX
812 2026 953 2092 GULPA
977 2025 1174 2092 IURIDICA
1199 2025 1252 2109 (l).

743 2182 854 2249 Casus.
882 2189 958 2258 (201)

277 2329 365 2398 Aiax,
388 2327 562 2386 adulescens
578 2329 616 2388 20
631 2346 784 2399 annorum,
806 2327 884 2405 patri
898 2328 930 2386 in
945 2327 1092 2402 angustiis
1107 2327 1269 2387 constituto
1283 2328 1372 2389 dicit:
1398 2330 1511 2403 „Pater

187 2407 252 2467 sine
266 2427 312 2466 me
326 2408 484 2467 incendere
499 2408 713 2479 domunculam,
730 2427 787 2483 quo
801 2408 933 2484 recipere
946 2407 1095 2484 possimus
1108 2408 1236 2484 pretium
1251 2411 1507 2470 assecurationis.⁴

188 2487 241 2547 Gui
261 2495 347 2565 pater
368 2487 535 2564 respondit:
568 2487 629 2559 „Ne
649 2507 695 2545 rne
717 2488 753 2546 de
774 2487 833 2546 ista
853 2507 886 2547 re
907 2488 1088 2563 interroges;
1111 2488 1345 2564 necquidquam
1367 2491 1405 2550 de
1426 2511 1462 2551 ea
1481 2510 1510 2549 re

187 2566 264 2626 scire
285 2568 333 2626 vel
360 2568 462 2627 audire
492 2567 585 2626 volo.“
640 2568 723 2639 Quod
744 2567 824 2626 Aiax
852 2567 1002 2645 accipiens
1030 2587 1084 2644 pro
1112 2569 1326 2646 approbatione
1355 2571 1509 2631 consilium

187 2647 367 2723 exsequitur.

187 2751 364 2822 Qusmurun
386 2754 416 2811 1ο
441 2772 516 2828 quae
537 2753 598 2812 sint
623 2753 689 2812 iura
715 2758 745 2811 et
766 2753 964 2829 obligationes
985 2774 1022 2813 ex
1044 2761 1169 2840 paterna
1189 2759 1340 2831 potestate
1362 2757 1509 2816 oriundae.

386 2844 416 2900 2⁰
442 2843 586 2901 debeatne
607 2842 687 2900 Aiax
708 2843 810 2901 eiusve
831 2849 916 2920 pater
936 2843 1103 2902 restituere.

384 2933 415 2991 3⁰
440 2931 508 3007 quid
526 2932 680 2990 dicendum
702 2937 791 3004 esset,
813 2933 839 2990 si
860 2937 1000 3007 ageretur
1014 2933 1049 2990 de
1070 2932 1205 2991 incendio
1221 2933 1324 2992 domus
1347 2935 1473 2995 alienae.

779 3114 914 3180 Salutio.

125 3273 177 3327 660
275 3256 328 3321 Ao
351 3277 542 3332 ousaerruu
570 3262 605 3320 1¹¹¹
632 3256 671 3323 R.
698 3260 726 3321 1.
774 3255 852 3319 Cum
883 3255 916 3319 in
946 3259 1059 3321 nostro
1090 3276 1168 3320 casu
1198 3254 1239 3321 de
1269 3256 1389 3322 damno
1420 3258 1508 3323 illato

186 3350 319 3428 agatur,
345 3345 492 3427 quaestio
518 3345 622 3428 prima
647 3344 686 3409 de
710 3346 849 3428 paterna
872 3348 1039 3427 potestate
1063 3344 1192 3410 videtur
1215 3345 1258 3409 ad
1281 3366 1321 3411 ea
1340 3346 1507 3428 restringi,

186 3456 270 3517 quae
294 3441 468 3500 versantur
492 3434 578 3499 circa
602 3434 722 3499 damna
744 3433 915 3498 inferenda
937 3434 990 3498 vel
1015 3433 1230 3516 impedienda.
1254 3472 1298 3481 —
1329 3433 1367 3499 In
1391 3456 1508 3518 genere

186 3528 296 3588 tamen
320 3523 358 3601 ii,
390 3523 445 3605 qui
467 3529 640 3606 paternam
663 3526 861 3606 potestatem
886 3522 1024 3599 habent,
1056 3523 1176 3588 debent
1206 3543 1317 3587 curam
1346 3544 1449 3606 agere
1477 3528 1508 3588 et

186 3633 344 3696 personae
375 3618 408 3677 et
440 3612 596 3677 bonorum
621 3613 708 3689 eins,
738 3612 771 3676 in
795 3632 891 3693 quem
915 3633 987 3676 eam
1018 3615 1216 3694 potestatem
1246 3612 1378 3679 habent.
1427 3613 1508 3678 Cura

187 3722 345 3785 personae
369 3722 410 3764 ex
436 3704 501 3766 cod.
528 3703 633 3766 Germ.
658 3702 676 3781 ἕ
703 3704 783 3766 1631
817 3701 1045 3783 complectitur
1075 3705 1109 3766 et
1138 3701 1365 3767 educationem
1398 3708 1433 3769 et
1461 3703 1507 3767 in·

186 3789 401 3872 vigilantiam.

274 3896 313 3960 R.
339 3899 368 3961 2.
416 3896 567 3961 Potestas
597 3896 654 3960 illa
683 3900 821 3978 paterna
845 3901 1016 3960 exercetur
1040 3899 1110 3960 toto
1141 3899 1287 3978 tempore
1310 3896 1507 3962 minorenni-

185 3984 275 4061 tatis,
299 3985 319 4049 i.
338 4005 364 4050 e.
389 3985 555 4065 usquead
579 4006 698 4049 annum
716 3987 788 4047 21“ιῃ
813 3985 1019 4067 completum,
1043 3984 1106 4048 nisi
1129 3984 1215 4050 forte
1238 3985 1327 4068 prius
1351 3986 1446 4052 facta
1467 3986 1507 4051 sit

186 4073 348 4154 (iuridica)
365 4073 597 4156 emancipatio:
623 4096 736 4138 varum
752 4095 810 4156 pro
827 4078 938 4139 aetate
955 4073 1086 4138 diversa
1102 4074 1232 4138 diverso
1248 4075 1344 4139 modo
1360 4081 1506 4158 potestas

184 4169 323 4248 paterna
347 4167 398 4228 est
421 4163 612 4228 exercenda.

274 4269 311 4335 R.
330 4272 360 4333 3.
400 4269 543 4333 (lavetur
559 4267 683 4348 legibus
701 4268 848 4332 civilibus
865 4269 963 4334 etiam
981 4288 1145 4349 expresse,
1169 4271 1216 4343 ut,
1242 4268 1294 4349 qui
1318 4268 1352 4332 in
1368 4270 1504 4336 alterum

185 4362 317 4423 tenetur
339 4359 515 4422 secundum
539 4357 645 4438 legem
669 4356 858 4438 invigilare,
890 4359 1043 4421 damnum
1074 4357 1232 4422 resarcire
1256 4358 1392 4436 debeat,
1425 4359 1505 4441 quod

184 4448 239 4512 ille
256 4448 341 4512 alter
356 4446 442 4512 forte
465 4447 628 4512 intulerit:
654 4467 754 4527 aqua
770 4446 969 4527 obligatione
994 4452 1030 4512 ut
1054 4445 1226 4523 eximatur,
1252 4447 1404 4512 diversae
1420 4449 1505 4531 leges

185 4541 336 4602 statuunt
360 4537 504 4608 diversa;
530 4536 599 4601 cod.
623 4536 748 4600 Germ.
773 4535 855 4600 satis
879 4556 982 4618 aeque
999 4535 1086 4612 dicit,
1112 4536 1344 4617 obligationem
1369 4558 1504 4611 cessare,

185 4625 309 4705 siquis
340 4625 542 4708 diligentiam
573 4626 645 4708 lege
675 4624 913 4708 praescriptam
944 4624 1144 4702 adhibuerit,
1175 4625 1228 4689 vel
1259 4647 1322 4690 non
1356 4627 1505 4694 obstante
