3106 5168
434 283 552 338 Peccata
570 287 665 338 contre
682 283 850 352 religionem.
869 313 904 324 -
926 283 1097 356 Superstitio.
1367 289 1430 355 105
1521 264 1529 281 ο

191 457 334 525 Ratione
357 458 456 525 solius
479 458 565 525 modi
590 460 697 526 cultus
721 459 860 527 vitiosus
883 465 944 539 est,
968 462 1096 544 quando
1120 463 1209 527 Deus
1232 461 1350 528 colitur
1372 483 1430 528 seu

102 546 172 613 eius
202 547 311 614 cultus
340 547 521 615 intenditur
552 569 591 614 eo
623 549 735 629 modo,
766 570 830 632 quo
861 548 933 633 ipse
962 571 1027 616 non
1050 551 1123 617 vult
1153 571 1212 616 seu
1235 572 1331 633 quem
1360 551 1431 635 ipae

102 637 276 721 reprobat;
300 638 384 720 quod
408 638 446 705 fit
468 639 528 704 aut
549 659 609 721 per
631 639 755 704 cultum
776 639 899 722 falsum
922 643 980 706 aut
1002 660 1062 723 per
1085 640 1207 706 cultum
1223 642 1429 727 superfluum.

192 742 232 808 R.
257 745 288 809 3.
335 743 525 810 Idololatria
556 743 704 809 formalis
735 764 793 809 seu
826 743 982 827 explicita
1013 765 1144 829 semper
1175 750 1226 812 est
1257 752 1491 829 peccatumaor

102 852 218 914 grave,
242 831 314 897 sive
337 837 389 900 eet
410 831 597 899 idololatria
620 832 791 911 simulate,
815 833 886 897 sive
909 854 989 900 vera
1012 838 1047 901 et
1068 834 1233 918 perfecta,
1258 835 1328 900 sive
1352 857 1431 902 vera

101 925 136 987 et
160 921 365 1004 imperfecta.
408 921 441 987 Si
464 925 575 987 autem
593 921 705 1004 agitur
727 923 767 988 de
790 922 927 1001 actibus,
952 923 1006 1006 qui
1025 923 1182 1007 implicite
1205 926 1239 989 et
1262 925 1431 992 reductive

101 1014 233 1077 tantum
267 1011 307 1076 ad
340 1010 559 1076 idololatriam
588 1010 770 1095 pertinent,
802 1011 873 1077 fieri
901 1020 1016 1098 potest,
1049 1018 1087 1079 ut
1108 1018 1280 1097 peccatum
1311 1015 1431 1080 evadat

102 1099 235 1166 veniale
257 1103 393 1184 proptor
416 1099 580 1167 defectum
610 1099 836 1168 advertentiae
866 1105 900 1168 et
928 1101 1093 1167 hominum
1123 1101 1367 1185 simplicitatem
1397 1106 1431 1169 et

102 1189 293 1255 ruditatem.

194 1278 305 1343 Etiam
329 1277 437 1342 cultus
460 1278 578 1356 falsus,
611 1279 911 1361 quomodocumque
934 1278 1038 1344 falsus
1062 1283 1129 1357 est,
1160 1280 1343 1362 generatim
1368 1280 1431 1347 erit

103 1372 277 1452 peccatum
308 1367 465 1443 mortale;
501 1367 608 1434 cultus
639 1372 770 1435 tantum
803 1368 987 1450 superfluus
1021 1389 1121 1452 saepe
1156 1370 1196 1434 cb
1230 1369 1430 1452 parvitatem

102 1456 264 1523 materiae
287 1458 339 1522 est
361 1455 490 1522 veniale
512 1459 652 1523 tantum.
703 1458 760 1525 Th.
784 1479 825 1524 m.
850 1457 875 1535 I,
900 1458 965 1522 352
985 1478 1057 1540 sqq.

194 1577 248 1635 An
271 1589 462 1646 queremur
486 1573 525 1635 2¹²
548 1569 587 1635 R.
609 1574 638 1637 1.
685 1571 764 1636 Cum
787 1570 916 1637 Iudaeis
939 1592 1030 1636 esum
1058 1570 1135 1653 agni
1157 1571 1322 1656 paschalis
1345 1572 1430 1637 cele-
1440 1580 1493 1636 208

102 1660 201 1725 brare
225 1658 370 1726 estsine
393 1659 489 1724 dubio
513 1661 621 1726 cultus
641 1660 749 1742 foleus
772 1665 806 1726 et
837 1660 986 1742 graviter
1007 1658 1268 1744 peccaminosus‚
1303 1659 1432 1727 etiamsi

103 1770 169 1814 non
193 1747 322 1815 iudaice
344 1754 453 1814 mente
477 1749 669 1814 celebretur.
710 1749 779 1815 Nec
798 1749 973 1832 quidquam
990 1750 1082 1816 valet
1100 1751 1285 1834 exemplum
1301 1748 1431 1830 Christi,

103 1839 181 1921 quia
206 1858 307 1920 usque
331 1836 374 1902 ad
397 1838 546 1904 ultimam
569 1837 682 1904 cenam
705 1838 837 1904 Domini
859 1838 1018 1904 inclusive
1044 1838 1100 1903 ille
1122 1839 1206 1905 ritus
1229 1844 1302 1906 erat
1325 1840 1433 1907 cultus

103 1949 207 2006 verne,
233 1932 349 2010 postea
365 1927 474 2008 aliquo
490 1932 639 2011 tempore
654 1927 775 1994 mansit
790 1926 987 2006 indifferens,
1012 1928 1069 1993 sed
1093 1929 1241 1994 stabilita
1264 1933 1299 1995 et
1314 1929 1433 1996 diffusa

103 2016 285 2082 christiana
307 2015 474 2097 religione,
499 2017 607 2082 evasit
631 2018 737 2083 cultus
761 2015 866 2082 falsus
889 2019 924 2083 et
945 2016 1144 2085 mortiferus,
1180 2019 1354 2084 Anselmus
1370 2017 1432 2102 igi·

103 2111 160 2171 tur
178 2105 240 2169 nisi
258 2104 446 2188 ignorantia
462 2110 649 2183 excusatur,
674 2105 823 2188 graviter
837 2105 997 2189 peccavit.
1032 2106 1135 2171 Immo
1158 2107 1187 2171 si
1210 2111 1288 2174 ante
1311 2108 1432 2174 festum

104 2194 279 2261 Paschatis
301 2194 470 2261 christiani
492 2194 541 2262 ita
563 2195 642 2278 egit,
666 2195 848 2261 certissime
863 2196 1012 2278 graviter
1026 2197 1177 2279 peccavit
1193 2200 1308 2262 contra
1326 2197 1433 2279 legem

104 2283 335 2351 abstinentiae.

195 2381 234 2448 R«.
260 2383 290 2447 2.
337 2381 513 2459 Abstinere
535 2381 569 2446 in
592 2381 749 2447 honorem
772 2381 828 2450 SS.
851 2381 1078 2447 Eucharistiae
1102 2382 1143 2447 ab
1168 2403 1225 2447 eeu
1249 2381 1343 2465 panis
1366 2382 1432 2447 fer-

104 2469 245 2535 mentati
269 2473 321 2536 est
344 2470 451 2537 cultus
473 2470 614 2547 inutilis,
646 2491 751 2552 neque
773 2475 884 2537 tamen
908 2492 962 2536 res
985 2471 1108 2553 gravis.
1132 2509 1174 2518 -
1204 2470 1359 2536 Similiter
1382 2471 1432 2537 dic

104 2559 147 2624 de
170 2580 259 2624 vana
281 2559 479 2626 abstinentia
502 2560 536 2624 in
558 2562 713 2626 honorem
738 2559 770 2626 S.
786 2559 918 2625 Ioannis
936 2561 974 2628 B.
994 2563 1180 2643 assumpta:
1205 2560 1325 2627 talibus
1347 2560 1432 2624 enim

103 2648 239 2732 ineptiis
270 2648 410 2716 Sanctus
442 2670 506 2714 non
539 2650 666 2715 colitur.
713 2648 829 2731 Neque
858 2654 970 2715 temen
1000 2671 1068 2714 rem
1101 2669 1160 2732 pro
1193 2649 1287 2731 gravi
1318 2649 1433 2728 habeo,

105 2758 304 2820 quamquam
318 2759 377 2821 pro
390 2739 512 2804 maiore
524 2738 668 2805 stultitia
682 2743 716 2804 et
729 2739 915 2806 indecentia
926 2760 1024 2821 quam
1036 2739 1270 2803 abstinentiam
1281 2738 1432 2822 priorem.

198 2843 235 2909 R.
256 2846 286 2908 3.
326 2842 480 2908 Lotiones
503 2843 649 2909 iudaicae
672 2843 849 2909 observare
872 2849 910 2910 ut
932 2844 1031 2912 ritum
1054 2844 1243 2926 religiosum
1266 2848 1300 2909 et
1324 2845 1432 2910 aDeo

105 2932 345 3017 praescriptum
371 2969 413 2978 -
444 2937 481 2997 ut
503 2932 678 2997 Anselmus
708 2954 768 2998 sua
798 2932 915 3016 agendi
946 2935 1074 3001 ratione
1096 2935 1228 3000 videtur
1257 2934 1366 2998 facere
1389 2968 1433 2978 —

105 3029 159 3088 est
183 3021 296 3103 utique
319 3022 425 3087 cultus
449 3021 552 3088 falsus
577 3026 610 3087 et
642 3021 839 3088 mortiferus.
886 3023 1133 3088 Examinandus
1156 3029 1267 3089 tamen
1291 3027 1343 3087 est
1364 3021 1433 3086 An·

105 3112 246 3186 selmum
277 3115 452 3192 antequam
486 3132 522 3176 re
553 3110 625 3194 ipsa
656 3112 783 3194 peceati
815 3112 994 3178 subiective
1026 3113 1137 3194 gravis
1171 3113 1352 3177 damnetur.
1400 3109 1432 3176 si

106 3200 289 3265 munditiae
304 3221 414 3277 causa,
439 3200 490 3265 eui
513 3206 665 3265 assuetus
688 3205 748 3277 est,
773 3201 833 3266 has
851 3201 991 3267 lotiones
1007 3206 1097 3282 agat,
1121 3206 1156 3266 et
1178 3200 1432 3282 inquietudinem

106 3288 334 3355 conscientiae·
343 3289 563 3355 involuntarie
579 3293 709 3354 tantum
732 3292 835 3356 sentit
856 3310 994 3373 eamque
1012 3289 1147 3373 spernit,
1173 3289 1300 3372 peccati
1316 3290 1434 3356 saltem

106 3379 222 3461 gravis
245 3398 310 3442 non
332 3379 463 3444 videtur
494 3379 680 3461 arguendus
711 3400 799 3455 esse;
831 3379 969 3444 venialis
991 3384 1102 3444 autem
1133 3382 1267 3462 propter
1290 3378 1435 3462 trepida·

106 3468 232 3534 monem
255 3467 344 3533 illam
368 3488 432 3533 non
456 3468 538 3532 satis
560 3472 716 3551 spretam.

198 3556 302 3622 Immo
333 3556 514 3623 hortandus
546 3556 676 3622 omnino
703 3558 756 3621 vel
786 3557 895 3640 potius
924 3556 1084 3622 iubendus
1113 3560 1218 3634 esset,
1248 3560 1285 3623 ut
1315 3576 1356 3620 ex
1386 3555 1436 3620 in·

108 3646 237 3711 dustria
268 3644 396 3728 aliquas
427 3646 566 3711 lotiones
599 3646 746 3723 omittat,
780 3666 880 3711 eosve
911 3648 1005 3711 aliter
1036 3650 1192 3729 peragat,
1224 3666 1321 3726 quam
1353 3645 1437 3712 ritus

107 3735 257 3801 iudaicus
280 3735 490 3818 praescribit,
516 3757 579 3819 quo
602 3735 780 3819 perieulum
805 3738 1024 3813 removeatur,
1049 3756 1090 3800 ne
1114 3755 1171 3800 eas
1193 3756 1253 3818 pro
1276 3733 1438 3816 religiosis

107 3824 315 3890 caerimoniis
337 3825 468 3891 habeat.

199 3929 253 3994 An
276 3950 467 4006 queramus
491 3933 530 3994 3³²
561 3929 599 3995 R.
627 3934 654 3995 l.
700 3930 751 3995 De
781 3932 971 4012 praecepto.
988 3928 1138 3995 audiendi
1168 3928 1303 3994 Sacrum
1332 3927 1438 3993 fusim
1447 3943 1499 3999 209

108 4023 227 4104 postea
242 4039 349 4085 sermo
366 4019 438 4096 erit,
463 4041 537 4084 cum
551 4019 685 4085 tertium
703 4016 850 4100 decalogi
865 4023 1078 4102 praeceptum
1092 4018 1300 4084 tractabitur.
1331 4017 1437 4083 Debe-

108 4129 183 4173 mus
199 4113 310 4174 autem
332 4108 366 4174 in
390 4130 429 4174 ea
452 4129 487 4173 re
511 4108 615 4193 primo
638 4113 789 4192 spectare
812 4108 918 4189 legem
935 4106 1112 4174 Ecclesiae.
1150 4107 1216 4172 Sub
1232 4107 1295 4172 hac
1310 4106 1438 4172 ratione

109 4199 270 4265 distantia
286 4197 391 4263 bonae
407 4199 519 4264 leucae
543 4220 563 4264 a
582 4198 810 4281 compluribus,
835 4200 934 4278 atque
951 4197 1050 4262 etiam
1067 4217 1087 4261 a
1106 4196 1138 4262 S.
1155 4195 1269 4280 Alph.
1287 4194 1344 4271 ΙΙΙ,
1361 4197 1437 4270 329,

110 4288 252 4354 habetur
274 4287 466 4370 simpliciter
496 4309 555 4370 pro
579 4307 679 4352 causa
703 4290 892 4353 excusante.
939 4285 1046 4362 Quare
1070 4288 1129 4350 sub
1154 4290 1290 4368 peceato
1320 4304 1380 4367 per
1402 4304 1438 4348 se

111 4377 278 4459 urgendus
301 4398 366 4442 non
390 4381 441 4443 est
463 4376 648 4451 AnselmuS,
672 4375 855 4441 laudandus
878 4380 1001 4453 tamen,
1028 4374 1056 4440 si
1079 4375 1210 4457 saepius
1232 4370 1439 4437 nihilominus

112 4466 259 4532 accedat.
300 4466 422 4531 Verum
446 4466 474 4529 si
498 4466 641 4530 adfuerit
665 4465 792 4530 occasio
816 4485 875 4548 pro
900 4463 1018 4546 exiguo
1041 4463 1146 4547 pretio
1171 4461 1318 4537 vehendi,
1342 4461 1440 4541 idque

113 4556 288 4621 Anselmus
307 4555 406 4620 etiam
431 4577 489 4638 pro
514 4555 587 4620 aliis
610 4555 707 4619 rebus
731 4560 765 4620 et
788 4552 929 4634 negotiis
945 4552 1072 4618 levibus
1088 4551 1198 4616 facere
1214 4551 1315 4627 solet3
1339 4548 1439 4614 etiam

112 4644 241 4711 facilius
257 4644 317 4710 sub
334 4649 469 4727 peceato
486 4643 652 4726 urgendus
675 4643 748 4719 erit,
772 4642 891 4707 saltem
914 4663 955 4706 ne
977 4641 1160 4726 frequenter
1180 4662 1201 4705 a
1222 4639 1322 4705 Sacro
1341 4639 1439 4704 absit.
