3106 5168
176 276 240 340 290
312 271 353 325 De
371 270 519 326 virtutibus
538 275 567 325 et
584 269 681 325 officiis
699 287 766 338 erga
783 269 912 325 homines.
935 300 966 309 -
986 269 1037 326 off.
1057 273 1129 327 cirea
1147 272 1217 328 bona
1234 279 1356 329 externa.

266 452 299 529 2)
324 449 561 532 eleemosynae,
585 469 667 530 quas
682 468 766 514 uxor
777 468 842 513 non
859 447 985 512 faciens
1001 448 1196 532 pauperibus
1207 449 1269 515 sibi
1281 450 1495 534 applicuerat,

175 559 213 603 eo
238 538 322 620 quod
345 537 418 621 ipsa
440 537 525 602 inter
547 558 709 621 pauperes
731 558 796 602 non
818 535 963 620 potuerit
985 539 1183 621 computari:
1216 540 1300 604 hano
1323 561 1495 616 summam,

175 627 254 693 dicit
277 625 482 701 Tambnrini,
511 629 624 708 utpote
648 646 731 707 quae
754 624 912 692 manserit
934 624 967 690 in
991 625 1131 692 dominio
1154 627 1234 706 viri,
1258 628 1495 695 restituendam

174 736 247 782 ease
275 715 448 781 heredibus
471 714 532 780 viri
556 715 608 780 vel
628 735 670 781 ex
698 714 858 799 probabili
881 713 943 778 viri
966 714 1136 782 voluntate
1165 717 1362 800 pauperibus
1386 719 1495 785 distri-

173 805 345 871 buendam.
387 800 518 887 [Neque
540 803 593 869 hic
616 804 655 868 de
677 803 790 869 fenore
814 824 921 869 annuo
944 804 1162 887 computando
1185 810 1323 881 constet,
1348 827 1422 872 cum
1447 808 1497 872 vir

173 892 253 958 illud
265 894 451 959 nullatenus
465 896 680 977 percepturus
695 892 820 959 fuisset.
845 891 937 957 Alias
950 892 989 957 de
1001 893 1209 960 restitutione
1221 916 1294 960 curn
1306 895 1495 962 Tambnrini

173 981 378 1048 sentiendum
393 986 445 1048 eet
460 982 493 1046 in
508 981 549 1046 iis
569 981 648 1046 locis
671 983 798 1060 saltem,
823 979 878 1046 ubi
901 981 995 1046 uxori
1018 983 1187 1066 superstiti
1211 1003 1253 1048 ex
1276 984 1370 1049 bonis
1385 985 1494 1051 mariti

172 1071 257 1139 solet
280 1069 453 1155 provideri.
485 1070 549 1136 Ubi
565 1091 644 1136 vero
661 1071 709 1136 ita
724 1091 788 1135 non
810 1071 857 1147 fit,
882 1090 974 1147 uxor,
998 1069 1025 1134 si
1049 1071 1093 1137 sit
1116 1075 1227 1138 aetate
1249 1071 1314 1138 iam
1338 1079 1495 1157 proveeta

173 1164 272 1243 atque
295 1180 353 1243 spe
375 1159 516 1225 habendi
539 1158 624 1224 unde
647 1160 740 1226 vivat
763 1161 884 1236 careat,
908 1158 986 1223 mibi
1003 1159 1132 1226 videtur
1155 1159 1240 1226 inter
1263 1182 1425 1244 pauperes
1444 1184 1494 1227 re-

172 1248 281 1333 putari
310 1270 423 1332 posse:
454 1253 654 1332 quapropter
684 1248 770 1314 cirea
799 1248 888 1313 illam
919 1268 1077 1313 summam
1101 1248 1135 1313 in
1158 1270 1197 1315 eo
1221 1270 1300 1315 casu
1327 1251 1494 1317 restitutio

172 1359 236 1403 non
261 1338 391 1403 videtur
415 1359 487 1403 esse
510 1335 684 1420 urgenda]

262 1429 296 1507 3)
319 1426 488 1504 Pecuniae,
513 1447 594 1508 quas
617 1427 690 1491 loco
714 1425 924 1491 donationum
947 1425 1127 1491 liberalium
1153 1447 1236 1491 uxor
1258 1427 1319 1492 sibi
1338 1429 1493 1512 seposuit,

172 1515 361 1582 Tambnrini
389 1520 486 1600 putat
515 1516 633 1581 saltem
663 1536 728 1579 non
751 1535 863 1579 omnes
885 1513 1058 1579 heredibus
1081 1515 1143 1580 viri
1167 1536 1239 1580 esse
1262 1515 1492 1594 restituendas,

66 1670 70 1674 .
172 1626 244 1669 cum
268 1626 351 1669 uxor
372 1625 437 1669 non
460 1603 559 1670 fuerit
582 1603 749 1669 extraneis
772 1602 915 1668 deterior
937 1608 1036 1685 atque
1059 1603 1107 1670 ita
1131 1604 1240 1686 aliqua
1258 1604 1378 1671 saltem
1395 1607 1491 1674 etiam

171 1693 232 1758 sibi
256 1693 407 1759 videatur
429 1693 574 1777 potuisse
598 1692 719 1758 donare
743 1689 854 1776 [idque
878 1712 916 1756 eo
940 1692 1045 1774 magis
1068 1693 1222 1759 sustineri
1245 1715 1341 1777 posse
1365 1715 1492 1773 censeo,

172 1802 235 1863 quo
265 1781 371 1846 minus
401 1803 443 1847 ex
472 1781 656 1848 hereditate
679 1781 740 1846 viri
765 1782 858 1846 uxori
883 1781 984 1848 fuerit
1012 1782 1199 1865 praevisum
1222 1783 1494 1868 -Quapropter

170 1871 198 1936 si
221 1870 322 1936 nimia
344 1874 430 1947 suut,
455 1891 539 1953 quae
561 1891 644 1935 uxor
666 1870 714 1936 ita
736 1869 797 1935 eibi
821 1868 964 1947 retinuit,
995 1874 1124 1953 partem
1145 1872 1309 1950 restituat,
1333 1873 1492 1955 reliquam

171 1965 298 2043 partem
328 1960 486 2026 retineat:
517 1959 614 2025 facile
644 1959 776 2025 dimidia
805 1979 882 2042 pars
904 1960 958 2024 vel
988 1959 1087 2025 etiam
1119 1960 1206 2026 ultra
1236 1961 1330 2026 uxori
1361 1963 1492 2028 concedi

172 2045 320 2132 poterit].

260 2138 294 2219 4)
310 2136 400 2214 Quae
416 2137 545 2221 parcius
558 2136 697 2203 vivendo
712 2136 774 2202 sibi
789 2136 982 2212 reservavit,
1000 2135 1096 2201 uxori
1111 2138 1286 2203 secundnm
1302 2138 1492 2205 Tambnrini

170 2227 299 2292 cedunt.
332 2223 441 2310 [Circa
464 2246 547 2307 quae
571 2227 725 2291 observo:
750 2226 777 2290 si
801 2246 884 2291 uxor
906 2246 927 2290 a
949 2225 1067 2291 marito
1091 2231 1213 2292 certam
1238 2248 1399 2293 summam
1416 2249 1492 2294 con·

170 2319 326 2381 sueverat
348 2315 510 2398 accipere,
541 2335 638 2396 quarn
661 2321 773 2398 posset
795 2336 854 2398 pro
878 2334 914 2379 se
937 2315 1068 2397 suisque
1091 2315 1274 2398 sumptibus
1296 2317 1491 2399 expendere,

171 2405 302 2469 dubium
331 2425 396 2468 non
426 2408 478 2470 est
509 2425 644 2468 uxorem
682 2404 766 2468 bona
795 2404 852 2468 illa
881 2402 1011 2468 residua
1045 2407 1212 2485 tamquam
1249 2405 1493 2487 parsimonialia

171 2492 313 2559 retinere
343 2513 448 2576 posse.
495 2492 530 2558 Si
559 2497 668 2558 autem
699 2497 822 2558 certam
853 2512 1012 2557 summam
1039 2513 1103 2557 non
1127 2493 1270 2577 accepit,
1301 2494 1354 2559 vir
1376 2495 1491 2561 nihilo·

171 2582 277 2647 minus
301 2586 472 2648 contentus
496 2584 568 2646 erat
589 2581 629 2646 de
645 2602 682 2646 eo
699 2581 785 2664 quod
800 2602 884 2646 uxor
899 2586 1027 2647 tantum
1044 2602 1102 2663 pro
1118 2603 1154 2646 se
1170 2583 1363 2649 insumeret:
1389 2584 1492 2649 mains

172 2670 300 2752 quidem
317 2670 448 2735 dubium
465 2674 525 2746 est,
550 2692 625 2735 num
642 2690 790 2746 uxorea,
815 2670 931 2752 quibus
954 2670 1120 2752 parcebat,
1145 2691 1205 2735 sua
1224 2676 1357 2754 poterat
1372 2671 1490 2738 facere.

171 2760 293 2824 Verum
317 2759 344 2824 si
367 2759 418 2824 vir
447 2759 591 2823 liberalis
618 2758 697 2837 fnit,
729 2759 891 2842 praesumi
918 2763 1028 2842 potest
1057 2781 1128 2823 eum
1161 2781 1225 2825 non
1254 2761 1491 2826 contradixisse

171 2849 224 2913 vel
241 2870 304 2913 non
321 2847 598 2914 contradicturum
622 2848 737 2920 fuisse:
763 2869 801 2914 ac
825 2847 916 2933 proin
941 2848 1097 2929 obligatio
1121 2849 1202 2913 haec
1218 2849 1413 2915 restituendi
1429 2873 1491 2917 non

170 2942 222 3003 est
246 2938 407 3020 urgenda;
430 2936 538 3001 minus
560 2937 659 3003 etiam
683 2937 838 3019 obligatio
863 2939 957 3002 fenus
978 2937 1065 3001 illius
1087 2958 1232 3003 summae
1255 2937 1490 3024 computandi]

260 3029 294 3108 5)
317 3026 407 3103 Quae
430 3046 472 3090 ex
495 3026 625 3109 proprio
649 3027 761 3091 labore
782 3048 865 3092 uxor
887 3027 1015 3091 lucrata
1031 3031 1092 3102 est,
1117 3048 1195 3091 sane
1218 3029 1314 3110 plene
1330 3049 1391 3093 sua
1414 3029 1491 3093 fecit

170 3137 274 3198 eaque
298 3115 406 3180 omnia
429 3115 570 3181 retinere
593 3119 711 3199 potest.

259 3213 343 3277 Hinc
367 3213 621 3278 concludendum
645 3217 696 3278 est
719 3233 855 3277 uxorem
877 3212 974 3295 longe
997 3213 1152 3278 maiorem
1176 3216 1303 3296 partem
1327 3235 1407 3279 sane
1431 3214 1488 3279 sibi

170 3324 266 3385 posse
289 3301 448 3378 retinere;
473 3303 746 3385 computationem
770 3322 848 3366 vero
872 3322 992 3375 eorum,
1018 3323 1100 3383 quae
1117 3301 1177 3365 viri
1201 3302 1384 3380 heredibus,
1410 3325 1491 3386 quae

172 3391 366 3475 pauperibus
390 3390 518 3455 restitui
543 3391 692 3468 debeant,
715 3391 788 3474 ipsa
810 3390 906 3455 facile
929 3390 1101 3456 instituere
1124 3395 1242 3475 potest.

634 3618 743 3685 luuh
766 3618 927 3684 naonis
956 3617 1024 3702 (u).

725 3776 835 3842 Casus.
863 3784 939 3851 (ivo)

259 3917 374 3975 Eulalia
403 3937 476 3975 uxor
503 3917 558 3975 viri
588 3917 673 3975 nimis
703 3917 783 3992 parci
812 3937 846 3976 eo
873 3917 968 3975 inscio
998 3923 1026 3975 et
1054 3917 1148 3975 invito
1177 3917 1320 3992 largiores
1342 3919 1415 3977 facit
1443 3939 1489 3978 ex·

170 4019 278 4076 pensas
300 3998 330 4056 in
350 3999 499 4075 proprium
520 4016 604 4055 usum
626 4017 767 4072 usumque
788 3997 933 4068 familiae;
961 3997 1107 4056 interdum
1130 3998 1216 4056 etiam
1238 3999 1275 4055 ad
1296 3998 1362 4074 pias
1385 4018 1490 4058 causas

171 4082 294 4149 confert,
317 4079 353 4136 ad
375 4097 447 4153 quas
469 4078 606 4136 maritum
628 4078 800 4136 collaturum
822 4098 879 4136 non
902 4078 994 4136 fuisse
1015 4079 1080 4137 scit.

258 4159 387 4218 llelania
408 4178 424 4216 e
446 4158 594 4216 contrario
616 4158 706 4216 habet
727 4159 820 4216 virum
841 4158 1002 4234 prodigum,
1025 4158 1073 4234 qni
1094 4159 1168 4234 quod
1192 4164 1328 4234 superest
1349 4179 1388 4218 ex
1408 4160 1489 4219 luero

171 4240 216 4298 sui
238 4239 346 4298 laboris
369 4240 444 4296 solet
468 4240 538 4296 luxu
561 4258 747 4296 consumere:
777 4258 866 4313 quare
894 4257 968 4296 uxor
990 4240 1112 4309 timeae,
1143 4258 1178 4297 ne
1206 4246 1310 4315 postea
1338 4239 1404 4315 ipsa
1426 4261 1489 4298 curn

170 4322 281 4378 familia
302 4319 454 4396 penuriam
476 4338 603 4394 passura
624 4318 677 4387 sit,
706 4319 858 4394 paullatim
881 4319 944 4376 viro
967 4320 1065 4395 aliqua
1086 4319 1221 4378 subducit
1242 4325 1271 4377 et
1292 4321 1426 4396 seponit,
1449 4322 1490 4379 ita

171 4411 201 4458 ut
221 4402 345 4458 decursu
367 4418 509 4456 annorum
531 4399 683 4472 collegerit
703 4399 862 4456 notabilem
884 4419 1034 4467 summam,
1057 4419 1094 4457 ex
1109 4418 1165 4474 qua
1187 4396 1262 4456 clam
1283 4400 1413 4474 potuerit
1435 4400 1489 4459 sibi

171 4500 292 4555 parvum
315 4498 434 4538 censum
456 4478 614 4536 vitalitium
637 4497 748 4550 emere,
777 4486 915 4554 parentes
943 4488 1064 4553 egentes
1093 4480 1181 4537 etiam
1204 4498 1280 4536 nunc
1309 4481 1405 4556 possit
1427 4484 1489 4539 sub-

171 4562 269 4618 levare
298 4561 429 4633 aliasque
458 4559 660 4633 eleemosynas
688 4560 795 4617 facere.
837 4560 907 4617 Mox
936 4561 1074 4619 defuncto
1103 4560 1208 4618 marito
1236 4579 1268 4618 re
1299 4580 1371 4619 vera
1400 4581 1489 4620 censu

171 4659 223 4697 suo
245 4641 357 4714 indiget
378 4638 489 4712 magis,
512 4639 652 4713 siquidem
674 4639 796 4697 maritus
818 4659 876 4697 non
898 4640 991 4696 solnm
1012 4640 1084 4697 nihil
1106 4641 1237 4716 reliquit,
1260 4640 1371 4699 sedne
1393 4642 1490 4700 onrnia
