3106 5168
169 279 233 343 260
291 273 332 328 De
351 274 499 329 virtutibus
517 276 545 327 et
564 271 661 328 officiis
679 289 745 340 erga
763 271 893 327 homines.
914 302 947 310 -
967 272 1064 327 Officia
1082 272 1155 328 circa
1173 272 1273 327 bouum
1291 273 1375 327 vitae.

170 453 233 519 Sed
257 451 380 517 crimen
403 451 521 536 capitis
544 471 649 535 poena
672 450 806 532 dignum
829 471 894 515 non
918 455 970 517 est
992 449 1209 516 commissum.
1245 449 1385 527 Crimen,
1410 448 1495 532 quod

169 540 375 607 commissum
399 540 458 618 sit,
483 539 623 622 cogitari
646 539 775 621 nequit,
801 539 863 603 nisi
886 540 971 621 quod
995 539 1191 605 acclamanti
1214 559 1409 623 responsum
1432 560 1495 603 non

169 629 223 708 sit,
247 631 301 695 vel
325 629 410 713 quod
432 627 673 695 inoboedientia
697 627 857 711 quasdam
881 627 1053 694 commissa
1076 628 1120 695 sit
1144 628 1383 713 progrediendo
1408 627 1495 695 ultra

169 719 326 786 terminos
349 719 422 802 lege
446 717 641 800 assignatos.
688 718 735 783 At
764 717 844 783 haec
874 716 1000 783 leviora
1023 723 1115 796 sunt,
1147 738 1231 800 6666
1260 721 1402 783 mortem
1433 739 1496 782 non

170 811 346 875 merentur.

110 914 161 970 510
259 907 298 972 R.
330 908 361 973 3.
414 904 632 971 Nihilominus
661 904 810 988 publicae
840 903 1028 970 securitatis
1058 909 1092 970 et
1123 904 1313 986 vigilantiae
1344 903 1497 970 militaris

170 995 256 1062 16116
280 1015 380 1061 causa
402 999 498 1061 tauta
521 1015 594 1061 csse
616 998 743 1077 potest,
769 998 805 1059 ut
828 993 980 1059 iubeatur
1002 991 1111 1070 miles,
1136 998 1310 1077 postquam
1334 994 1498 1059 acclama-

170 1084 257 1150 verit
272 1088 307 1151 et
322 1083 495 1161 monuerit,
525 1104 583 1160 ,ne
599 1083 758 1148 accedens
774 1083 861 1150 ultra
877 1082 1116 1166 progrediatur,
1141 1082 1261 1165 alioqui
1277 1103 1313 1148 66
1329 1082 1497 1167 globulum

171 1173 413 1257 explosurum“,
445 1172 473 1237 si
497 1173 582 1238 alter
604 1172 746 1238 66166111
768 1192 904 1256 661616,
936 1176 1052 1237 666116
1080 1171 1342 1238 inoboedientem
1366 1193 1403 1237 16
1427 1172 1498 1256 1666

171 1261 365 1347 explodere,
389 1262 437 1328 ita
459 1266 570 1328 tamen
595 1265 631 1327 ut
655 1260 847 1327 vulnerandi
871 1260 1001 1343 quidem
1025 1261 1203 1345 periculum
1228 1261 1387 1338 exsistat,
1411 1261 1498 1326 absit

170 1372 289 1437 perse
317 1351 496 1436 periculum
520 1350 696 1416 occidendi.

261 1440 349 1506 Nam
365 1440 418 1523 qui
442 1440 511 1506 tale
533 1439 691 1505 monitum
712 1438 837 1523 spernit
859 1438 1029 1521 iustaeque
1052 1438 1187 1504 iussioni
1202 1442 1254 1505 661
1276 1438 1497 1514 inoboediens

172 1534 309 1614 propter
326 1530 410 1595 hanc
433 1528 717 1606 inoboedientiam,
741 1528 870 1594 ratione
892 1527 968 1592 boni
992 1527 1171 1593 communis
1193 1527 1341 1611 graviter
1357 1527 1497 1612 quidem,

173 1640 238 1684 non
261 1622 373 1684 tamen
396 1639 485 1694 nece,
509 1617 618 1702 puniri
641 1640 661 1683 a
684 1638 836 1701 suprema
860 1616 1057 1683 auctoritate
1080 1621 1200 1700 potest.

263 1723 301 1789 R.
326 1728 357 1789 4.
403 1723 457 1788 Ad
480 1725 615 1788 61161661
639 1726 822 1789 6116111616
853 1743 964 1787 casum
994 1723 1091 1806 plane
1121 1721 1207 1787 idern
1235 1721 1408 1788 dicendum
1439 1727 1498 1788 est.

173 1812 260 1878 Nam
294 1833 336 1878 ex
369 1833 434 1878 una
466 1817 560 1896 parte
593 1811 714 1877 crimen
747 1816 876 1877 tantum
908 1831 973 1875 non
1006 1811 1221 1878 committitur
1253 1813 1294 1877 ab
1327 1812 1498 1890 alterutro,

175 1901 260 1984 quod
290 1921 429 1986 poenam
459 1900 574 1968 mortis
604 1905 785 1975 mereatum
817 1921 859 1965 ex
882 1901 989 1966 altera
1018 1904 1113 1984 parte
1143 1901 1185 1966 ab
1215 1906 1354 1983 utroque
1386 1906 1500 1968 contra

175 1991 283 2073 legem
305 1995 472 2075 peccatur,
497 1995 531 2057 et
554 1990 637 2066 ideo,
662 1994 835 2074 postquam
852 1988 995 2055 monitus
1010 1989 1109 2055 fuerit
1131 2011 1195 2054 non
1219 1990 1325 2055 solum
1341 1991 1382 2056 de
1405 2012 1500 2074 prae·

176 2083 272 2164 cepto
296 2079 494 2146 consistendi
518 2079 575 2144 sed
599 2078 699 2145 etiam
723 2080 762 2145 dc
786 2099 891 2163 poena
914 2082 1078 2158 secutura,
1101 2078 1187 2145 iuste
1209 2079 1298 2149 subit
1320 2078 1499 2163 periculum

177 2168 421 2236 vulnerationis.
445 2207 489 2216 -
517 2168 554 2233 In
577 2189 642 2233 uno
666 2189 743 2234 casu
767 2168 860 2233 miles
884 2173 994 2234 custos
1017 2167 1209 2234 facultatem
1232 2169 1286 2233 vel
1309 2169 1501 2235 mandatum

176 2257 345 2324 occidendi
374 2258 460 2324 iuste
487 2257 651 2341 accipere,
683 2258 829 2339 adeoque
853 2256 1035 2339 lugientem
1063 2256 1181 2323 sistere
1211 2259 1394 2335 nolentem,
1427 2263 1501 2342 post

177 2346 333 2414 monitum
365 2368 401 2413 re
424 2346 496 2431 ipsa
519 2346 667 2412 occidere
689 2351 818 2430 potest,
849 2346 877 2411 si
900 2345 1053 2412 videlicet
1080 2345 1190 2426 agitur
1214 2347 1253 2412 de
1277 2347 1425 2412 ducendo
1450 2347 1501 2412 vel

177 2436 335 2521 capiendo
357 2456 415 2502 reo
439 2438 584 2501 criminis
607 2438 755 2520 copitalia
778 2438 922 2501 convicto.

611 2651 820 2719 CRUENTA
842 2651 1070 2719 DEFENSIO.

735 2803 846 2869 basus.
874 2809 950 2879 (150)

270 2944 368 3018 Hugo,
389 2943 436 3002 vir
456 2943 601 3014 militaris,
622 2943 774 3020 impetitur
795 2945 832 3002 ab
846 2942 964 3003 homine
985 2943 1055 3002 vino
1077 2943 1158 3002 ebrio
1179 2943 1407 3003 611616161661
1430 2950 1503 3002 acto.

179 3023 801 3117 61661666661666116116166116111616
823 3043 894 3084 6666
916 3029 1080 3100 exspectat,
1102 3043 1234 3100 eumque,
1257 3043 1322 3082 cum
1344 3025 1437 3084 nollet
1459 3024 1503 3083 de·

180 3103 490 3258 81816τ11611111110111136
512 3204 530 3242 6
550 3183 696 3242 nebulone
718 3183 912 3242 sollicitatur:
942 3184 990 3259 qui
1012 3203 1077 3241 cum
1098 3182 1128 3241 in
1150 3204 1184 3242 eo
1207 3189 1302 3255 esset,
1330 3189 1362 3243 ut
1382 3184 1443 3243 vim
1465 3184 1504 3242 in·

180 3266 272 3324 ferret
287 3269 392 3323 666116
407 3263 585 3335 castitatem,
608 3264 734 3322 6116116
748 3263 873 3339 virginis
895 3264 931 3322 ad
955 3264 1018 3323 eius
1037 3265 1193 3323 clamorem
1209 3270 1383 3323 accurrente
1405 3265 1503 3323 6161116

181 3345 523 3484 81ο11111611111011111116616
551 3422 697 3498 evigilans
728 3424 809 3482 audit
836 3443 896 3482 uon
923 3424 1025 3498 procul
1048 3443 1065 3481 a
1087 3443 1119 3481 se
1141 3424 1297 3500 strepitum
1319 3424 1504 3483 extrinsecus

182 3505 351 3564 excitatum.
391 3505 499 3579 Surgit,
521 3504 626 3579 arripit
640 3523 732 3574 arma,
754 3503 855 3577 dirigit
875 3504 1038 3580 sclopetum
1059 3504 1089 3562 in
1112 3523 1177 3563 eum
1197 3506 1303 3575 locum,
1325 3506 1404 3565 unde
1426 3504 1506 3563 audit

183 3584 347 3660 strepitum,
370 3585 455 3656 ferit;
478 3603 604 3643 accenso
626 3584 735 3642 lumine
756 3583 872 3642 invenit
884 3584 979 3641 furem
994 3603 1153 3660 pauperem
1168 3602 1232 3642 cnm
1248 3585 1360 3661 aliquot
1380 3586 1505 3662 panibus

182 3665 353 3739 fugiturum,
375 3665 505 3723 letaliter
525 3665 715 3723 vulneratum
737 3670 767 3722 61
787 3663 840 3722 vix
861 3664 1030 3739 spirantem.

184 3769 360 3840 Qounmrun
383 3774 410 3828 1⁰
437 3776 540 3830 contra
561 3789 716 3847 quemnam
737 3789 943 3845 aggressorum
965 3770 1055 3829 liceat
1076 3777 1198 3830 cruenta
1220 3769 1361 3831 defensio.

381 3861 411 3919 2⁰
437 3859 504 3935 quid
527 3859 568 3918 sit
588 3859 775 3918 moderamen
796 3859 965 3935 inculpatae
986 3860 1106 3919 tutelae.

382 3950 412 4007 3⁰
438 3968 512 4024 quae
534 3950 571 4007 ad
593 3949 726 4024 singulos
748 3968 835 4007 casus
858 3948 918 4007 sint
939 3949 1071 4007 dicenda.

780 4131 915 4198 Solutio.

124 4289 175 4342 511
274 4271 327 4336 An
351 4292 542 4348 ouansmuu
568 4276 603 4337 1⁰¹
629 4274 667 4339 R.
695 4278 722 4339 1.
770 4273 891 4338 Contra
915 4294 1005 4351 eum,
1038 4273 1092 4355 qui
1123 4273 1155 4337 in
1186 4279 1315 4352 coest,
1347 4281 1384 4341 61
1408 4277 1508 4341 vitam

186 4382 293 4427 meam
321 4361 441 4428 iniuste
465 4362 690 4444 aggrediatur,
723 4363 821 4427 licere
851 4362 929 4427 mihi
959 4362 1141 4445 generatim
1166 4362 1265 4428 etiam
1297 4369 1449 4442 cruente,
1484 4366 1510 4429 si

188 4472 268 4533 opus
291 4451 349 4527 sit,
374 4472 425 4516 me
449 4450 637 4530 defendere,
663 4457 696 4516 et
719 4452 879 4516 naturalis
903 4453 988 4517 ratio
1013 4458 1046 4518 et
1070 4452 1231 4536 positivae
1255 4454 1346 4535 leges
1370 4455 1508 4531 edicunt,

187 4561 310 4621 eaeque
333 4545 402 4606 tum
427 4540 611 4616 canonicae,
642 4547 712 4606 tum
737 4541 848 4605 civiles
872 4541 946 4621 (Tt.
971 4565 1012 4605 m.
1038 4541 1068 4616 I,
1094 4542 1189 4622 832),
1224 4542 1294 4608 sive
1318 4565 1438 4610 vocare
1462 4544 1510 4608 vis

189 4629 381 4694 occisionem
406 4629 620 4712 aggressoris,
645 4650 729 4712 6666
753 4631 891 4710 accidat,
917 4631 1075 4696 directam
1098 4631 1169 4695 sive
1192 4631 1397 4699 indirectam.
