<?xml version="1.0" encoding="UTF-8"?>
<!DOCTYPE html PUBLIC "-//W3C//DTD XHTML 1.0 Transitional//EN"
    "http://www.w3.org/TR/xhtml1/DTD/xhtml1-transitional.dtd">
<html xmlns="http://www.w3.org/1999/xhtml" xml:lang="en" lang="en">
 <head>
  <title>
</title>
<meta http-equiv="Content-Type" content="text/html;charset=utf-8" />
  <meta name='ocr-system' content='tesseract 3.04.00' />
  <meta name='ocr-capabilities' content='ocr_page ocr_carea ocr_par ocr_line ocrx_word'/>
</head>
<body>
  <div class='ocr_page' id='page_1' title='image "./casusconscienti01lehmgoog_0471.png"; bbox 0 0 3106 5168; ppageno 0'>
   <div class='ocr_carea' id='block_1_1' title="bbox 355 263 1415 336">
    <p class='ocr_par' dir='ltr' id='par_1_1' title="bbox 355 263 1415 336">
     <span class='ocr_line' id='line_1_1' title="bbox 355 263 1415 336; baseline 0.008 -20"><span class='ocrx_word' id='word_1_1' title='bbox 355 263 508 318; x_wconf 84' lang='lat' dir='ltr'><strong>Translatio</strong></span> <span class='ocrx_word' id='word_1_2' title='bbox 525 263 575 317; x_wconf 92' lang='lat' dir='ltr'><strong>iur.</strong></span> <span class='ocrx_word' id='word_1_3' title='bbox 595 282 621 334; x_wconf 92' lang='lat' dir='ltr'><strong>p.</strong></span> <span class='ocrx_word' id='word_1_4' title='bbox 640 267 848 319; x_wconf 83' lang='lat' dir='ltr'><strong>contractus-</strong></span> <span class='ocrx_word' id='word_1_5' title='bbox 868 268 1007 320; x_wconf 71' lang='lat' dir='ltr'><strong>conductio</strong></span> <span class='ocrx_word' id='word_1_6' title='bbox 1024 270 1153 335; x_wconf 66' lang='lat' dir='ltr'><strong>operarii.</strong></span> <span class='ocrx_word' id='word_1_7' title='bbox 1350 271 1415 336; x_wconf 83' lang='grc'><strong>455</strong></span> 
     </span>
    </p>
   </div>
   <div class='ocr_carea' id='block_1_2' title="bbox 92 440 1419 1062">
    <p class='ocr_par' dir='ltr' id='par_1_2' title="bbox 92 440 1419 1062">
     <span class='ocr_line' id='line_1_2' title="bbox 92 440 1418 529; baseline 0.003 -22"><span class='ocrx_word' id='word_1_8' title='bbox 92 440 142 507; x_wconf 88' lang='lat' dir='ltr'><strong>rei</strong></span> <span class='ocrx_word' id='word_1_9' title='bbox 166 444 262 507; x_wconf 89' lang='lat' dir='ltr'><strong>erunt</strong></span> <span class='ocrx_word' id='word_1_10' title='bbox 285 461 395 508; x_wconf 90' lang='lat' dir='ltr'><strong>coram</strong></span> <span class='ocrx_word' id='word_1_11' title='bbox 412 442 482 506; x_wconf 87' lang='lat' dir='ltr'><strong>Deo</strong></span> <span class='ocrx_word' id='word_1_12' title='bbox 497 440 608 506; x_wconf 79' lang='lat' dir='ltr'><strong>laesae</strong></span> <span class='ocrx_word' id='word_1_13' title='bbox 624 441 773 508; x_wconf 88' lang='lat' dir='ltr'><strong>caritatis</strong></span> <span class='ocrx_word' id='word_1_14' title='bbox 796 446 896 523; x_wconf 88' lang='lat' dir='ltr'><strong>atque</strong></span> <span class='ocrx_word' id='word_1_15' title='bbox 913 443 980 509; x_wconf 87' lang='lat' dir='ltr'><strong>dati</strong></span> <span class='ocrx_word' id='word_1_16' title='bbox 1004 443 1159 521; x_wconf 80' lang='lat' dir='ltr'>scandali,</span> <span class='ocrx_word' id='word_1_17' title='bbox 1183 443 1210 508; x_wconf 90' lang='lat' dir='ltr'><strong>si</strong></span> <span class='ocrx_word' id='word_1_18' title='bbox 1234 447 1304 510; x_wconf 79' lang='lat' dir='ltr'><strong>sine</strong></span> <span class='ocrx_word' id='word_1_19' title='bbox 1324 447 1418 529; x_wconf 78' lang='lat' dir='ltr'><strong>pravi</strong></span> 
     </span>
     <span class='ocr_line' id='line_1_3' title="bbox 92 531 1418 618; baseline 0.002 -22"><span class='ocrx_word' id='word_1_20' title='bbox 92 534 222 596; x_wconf 75' lang='lat' dir='ltr'><strong>cannino</strong></span> <span class='ocrx_word' id='word_1_21' title='bbox 237 551 336 595; x_wconf 84' lang='lat' dir='ltr'><strong>caasa</strong></span> <span class='ocrx_word' id='word_1_22' title='bbox 352 548 463 595; x_wconf 87' lang='lat' dir='ltr'><strong>eorum</strong></span> <span class='ocrx_word' id='word_1_23' title='bbox 480 551 681 607; x_wconf 80' lang='lat' dir='ltr'>excessuum,</span> <span class='ocrx_word' id='word_1_24' title='bbox 702 551 783 612; x_wconf 89' lang='lat' dir='ltr'><strong>quos</strong></span> <span class='ocrx_word' id='word_1_25' title='bbox 798 531 967 597; x_wconf 79' lang='lat' dir='ltr'><strong>moraliter</strong></span> <span class='ocrx_word' id='word_1_26' title='bbox 983 538 1073 598; x_wconf 91' lang='lat' dir='ltr'><strong>certo</strong></span> <span class='ocrx_word' id='word_1_27' title='bbox 1088 533 1335 616; x_wconf 82' lang='lat' dir='ltr'><strong>praevidebant,</strong></span> <span class='ocrx_word' id='word_1_28' title='bbox 1358 554 1418 618; x_wconf 89' lang='lat' dir='ltr'><strong>per</strong></span> 
     </span>
     <span class='ocr_line' id='line_1_4' title="bbox 94 618 1418 704; baseline 0.003 -20"><span class='ocrx_word' id='word_1_29' title='bbox 94 618 328 685; x_wconf 80' lang='lat' dir='ltr'><strong>excitationem</strong></span> <span class='ocrx_word' id='word_1_30' title='bbox 352 619 394 685; x_wconf 90' lang='lat' dir='ltr'><strong>ad</strong></span> <span class='ocrx_word' id='word_1_31' title='bbox 414 618 621 702; x_wconf 90' lang='lat' dir='ltr'><strong>deponendos</strong></span> <span class='ocrx_word' id='word_1_32' title='bbox 644 619 783 698; x_wconf 90' lang='lat' dir='ltr'><strong>labores,</strong></span> <span class='ocrx_word' id='word_1_33' title='bbox 808 640 921 686; x_wconf 90' lang='lat' dir='ltr'><strong>ausam</strong></span> <span class='ocrx_word' id='word_1_34' title='bbox 938 620 1106 688; x_wconf 90' lang='lat' dir='ltr'><strong>dederunt.</strong></span> <span class='ocrx_word' id='word_1_35' title='bbox 1146 621 1179 687; x_wconf 86' lang='lat' dir='ltr'><strong>Si</strong></span> <span class='ocrx_word' id='word_1_36' title='bbox 1203 643 1282 687; x_wconf 89' lang='lat' dir='ltr'><strong>vero</strong></span> <span class='ocrx_word' id='word_1_37' title='bbox 1305 622 1418 704; x_wconf 83' lang='lat' dir='ltr'><strong>gravis</strong></span> 
     </span>
     <span class='ocr_line' id='line_1_5' title="bbox 93 708 1418 794; baseline 0.002 -20"><span class='ocrx_word' id='word_1_38' title='bbox 93 729 196 775; x_wconf 91' lang='lat' dir='ltr'><strong>causa</strong></span> <span class='ocrx_word' id='word_1_39' title='bbox 220 712 294 773; x_wconf 89' lang='lat' dir='ltr'><strong>erat</strong></span> <span class='ocrx_word' id='word_1_40' title='bbox 316 708 528 792; x_wconf 88' lang='lat' dir='ltr'><strong>depellendae</strong></span> <span class='ocrx_word' id='word_1_41' title='bbox 551 729 571 773; x_wconf 91' lang='lat' dir='ltr'><strong>a</strong></span> <span class='ocrx_word' id='word_1_42' title='bbox 594 708 802 775; x_wconf 87' lang='lat' dir='ltr'><strong>mult&#39;tudiue</strong></span> <span class='ocrx_word' id='word_1_43' title='bbox 833 709 1054 794; x_wconf 85' lang='lat' dir='ltr'><strong>operariorum</strong></span> <span class='ocrx_word' id='word_1_44' title='bbox 1085 710 1198 793; x_wconf 80' lang='lat' dir='ltr'><strong>gravis</strong></span> <span class='ocrx_word' id='word_1_45' title='bbox 1228 711 1418 790; x_wconf 87' lang='lat' dir='ltr'><strong>iniustitiae,</strong></span> 
     </span>
     <span class='ocr_line' id='line_1_6' title="bbox 94 796 1419 867; baseline 0.003 -5"><span class='ocrx_word' id='word_1_46' title='bbox 94 797 227 862; x_wconf 91' lang='lat' dir='ltr'><strong>mitiora</strong></span> <span class='ocrx_word' id='word_1_47' title='bbox 249 801 359 863; x_wconf 88' lang='lat' dir='ltr'><strong>autern</strong></span> <span class='ocrx_word' id='word_1_48' title='bbox 384 796 490 862; x_wconf 88' lang='lat' dir='ltr'><strong>media</strong></span> <span class='ocrx_word' id='word_1_49' title='bbox 513 797 554 863; x_wconf 89' lang='lat' dir='ltr'><strong>ad</strong></span> <span class='ocrx_word' id='word_1_50' title='bbox 578 797 662 863; x_wconf 89' lang='lat' dir='ltr'><strong>hauc</strong></span> <span class='ocrx_word' id='word_1_51' title='bbox 688 797 881 865; x_wconf 89' lang='lat' dir='ltr'><strong>iniustitiam</strong></span> <span class='ocrx_word' id='word_1_52' title='bbox 905 797 1116 864; x_wconf 82' lang='lat' dir='ltr'><strong>auferendam</strong></span> <span class='ocrx_word' id='word_1_53' title='bbox 1141 799 1264 865; x_wconf 90' lang='lat' dir='ltr'><strong>frustra</strong></span> <span class='ocrx_word' id='word_1_54' title='bbox 1286 799 1419 867; x_wconf 90' lang='lat' dir='ltr'><strong>fueraut</strong></span> 
     </span>
     <span class='ocr_line' id='line_1_7' title="bbox 94 885 1418 972; baseline 0.002 -20"><span class='ocrx_word' id='word_1_55' title='bbox 94 885 243 953; x_wconf 88' lang='lat' dir='ltr'><strong>adhibita</strong></span> <span class='ocrx_word' id='word_1_56' title='bbox 266 885 320 950; x_wconf 90' lang='lat' dir='ltr'><strong>vel</strong></span> <span class='ocrx_word' id='word_1_57' title='bbox 343 885 430 951; x_wconf 92' lang='lat' dir='ltr'><strong>omui</strong></span> <span class='ocrx_word' id='word_1_58' title='bbox 452 907 510 970; x_wconf 91' lang='lat' dir='ltr'><strong>spe</strong></span> <span class='ocrx_word' id='word_1_59' title='bbox 533 906 703 953; x_wconf 84' lang='lat' dir='ltr'>successus</span> <span class='ocrx_word' id='word_1_60' title='bbox 726 892 822 953; x_wconf 89' lang='lat' dir='ltr'><strong>erant</strong></span> <span class='ocrx_word' id='word_1_61' title='bbox 844 887 1019 954; x_wconf 87' lang='lat' dir='ltr'><strong>destituta:</strong></span> <span class='ocrx_word' id='word_1_62' title='bbox 1049 888 1113 972; x_wconf 88' lang='lat' dir='ltr'><strong>ipsi</strong></span> <span class='ocrx_word' id='word_1_63' title='bbox 1143 889 1242 954; x_wconf 87' lang='lat' dir='ltr'><strong>activi</strong></span> <span class='ocrx_word' id='word_1_64' title='bbox 1272 889 1418 955; x_wconf 86' lang='lat' dir='ltr'><strong>scandali</strong></span> 
     </span>
     <span class='ocr_line' id='line_1_8' title="bbox 94 975 1417 1062; baseline 0.002 -21"><span class='ocrx_word' id='word_1_65' title='bbox 94 976 144 1041; x_wconf 89' lang='lat' dir='ltr'><strong>rei</strong></span> <span class='ocrx_word' id='word_1_66' title='bbox 161 996 224 1040; x_wconf 90' lang='lat' dir='ltr'><strong>uon</strong></span> <span class='ocrx_word' id='word_1_67' title='bbox 240 978 328 1052; x_wconf 90' lang='lat' dir='ltr'><strong>sunt,</strong></span> <span class='ocrx_word' id='word_1_68' title='bbox 351 975 410 1039; x_wconf 89' lang='lat' dir='ltr'><strong>sed</strong></span> <span class='ocrx_word' id='word_1_69' title='bbox 430 975 598 1058; x_wconf 89' lang='lat' dir='ltr'><strong>passivum</strong></span> <span class='ocrx_word' id='word_1_70' title='bbox 613 976 801 1041; x_wconf 91' lang='lat' dir='ltr'><strong>scandalum</strong></span> <span class='ocrx_word' id='word_1_71' title='bbox 818 996 860 1040; x_wconf 84' lang='lat' dir='ltr'><strong>ex</strong></span> <span class='ocrx_word' id='word_1_72' title='bbox 876 997 976 1042; x_wconf 88' lang='lat' dir='ltr'><strong>causa</strong></span> <span class='ocrx_word' id='word_1_73' title='bbox 992 977 1166 1043; x_wconf 85' lang='lat' dir='ltr'><strong>sufficienti</strong></span> <span class='ocrx_word' id='word_1_74' title='bbox 1189 977 1417 1062; x_wconf 91' lang='lat' dir='ltr'><strong>permiserunt.</strong></span> 
     </span>
    </p>
   </div>
   <div class='ocr_carea' id='block_1_3' title="bbox 95 1063 1419 1414">
    <p class='ocr_par' dir='ltr' id='par_1_3' title="bbox 95 1063 1419 1414">
     <span class='ocr_line' id='line_1_9' title="bbox 186 1063 1418 1151; baseline 0.003 -23"><span class='ocrx_word' id='word_1_75' title='bbox 186 1063 233 1129; x_wconf 82' lang='lat' dir='ltr'><strong>uf.</strong></span> <span class='ocrx_word' id='word_1_76' title='bbox 258 1063 345 1129; x_wconf 89' lang='lat' dir='ltr'><strong>circa</strong></span> <span class='ocrx_word' id='word_1_77' title='bbox 374 1063 458 1128; x_wconf 90' lang='lat' dir='ltr'><strong>hauc</strong></span> <span class='ocrx_word' id='word_1_78' title='bbox 481 1063 705 1146; x_wconf 88' lang='lat' dir='ltr'><strong>quaestionem</strong></span> <span class='ocrx_word' id='word_1_79' title='bbox 736 1067 776 1130; x_wconf 86' lang='lat' dir='ltr'><strong>de</strong></span> <span class='ocrx_word' id='word_1_80' title='bbox 799 1068 984 1151; x_wconf 71' lang='lat' dir='ltr'><strong>operietitiis</strong></span> <span class='ocrx_word' id='word_1_81' title='bbox 1006 1066 1290 1146; x_wconf 91' lang='lat' dir='ltr'><strong>Vermeersch,</strong></span> <span class='ocrx_word' id='word_1_82' title='bbox 1316 1069 1418 1148; x_wconf 79' lang='lat' dir='ltr'><strong>Quae-</strong></span> 
     </span>
     <span class='ocr_line' id='line_1_10' title="bbox 95 1153 1419 1238; baseline 0.002 -20"><span class='ocrx_word' id='word_1_83' title='bbox 95 1157 212 1219; x_wconf 81' lang='lat' dir='ltr'><strong>stiones</strong></span> <span class='ocrx_word' id='word_1_84' title='bbox 225 1154 264 1218; x_wconf 88' lang='lat' dir='ltr'><strong>de</strong></span> <span class='ocrx_word' id='word_1_85' title='bbox 278 1156 404 1219; x_wconf 77' lang='lat' dir='ltr'><strong>iustitio</strong></span> <span class='ocrx_word' id='word_1_86' title='bbox 419 1173 450 1218; x_wconf 91' lang='lat' dir='ltr'><strong>n.</strong></span> <span class='ocrx_word' id='word_1_87' title='bbox 462 1155 653 1231; x_wconf 81' lang='lat'>473-475;</span> <span class='ocrx_word' id='word_1_88' title='bbox 670 1153 911 1232; x_wconf 87' lang='lat' dir='ltr'><strong>Lebmkuhl,</strong></span> <span class='ocrx_word' id='word_1_89' title='bbox 928 1175 1039 1238; x_wconf 89' lang='lat' dir='ltr'><strong>opusc.</strong></span> <span class='ocrx_word' id='word_1_90' title='bbox 1053 1155 1104 1221; x_wconf 91' lang='lat' dir='ltr'><strong>cui</strong></span> <span class='ocrx_word' id='word_1_91' title='bbox 1119 1156 1235 1221; x_wconf 92' lang='lat' dir='ltr'><strong>titulus</strong></span> <span class='ocrx_word' id='word_1_92' title='bbox 1252 1155 1419 1233; x_wconf 69' lang='lat' dir='ltr'><strong>,Arbeits</strong></span> 
     </span>
     <span class='ocr_line' id='line_1_11' title="bbox 95 1241 1419 1330; baseline 0.002 -22"><span class='ocrx_word' id='word_1_93' title='bbox 95 1248 233 1324; x_wconf 85' lang='lat' dir='ltr'><strong>vertrag</strong></span> <span class='ocrx_word' id='word_1_94' title='bbox 255 1243 322 1307; x_wconf 90' lang='lat' dir='ltr'><strong>und</strong></span> <span class='ocrx_word' id='word_1_95' title='bbox 341 1241 468 1307; x_wconf 82' lang='lat' dir='ltr'><strong>Strike⁴‘</strong></span> <span class='ocrx_word' id='word_1_96' title='bbox 503 1241 575 1322; x_wconf 90' lang='lat' dir='ltr'><strong>(seu</strong></span> <span class='ocrx_word' id='word_1_97' title='bbox 598 1243 706 1324; x_wconf 85' lang='lat' dir='ltr'><strong>gallic.</strong></span> <span class='ocrx_word' id='word_1_98' title='bbox 730 1263 815 1310; x_wconf 86' lang='lat' dir='ltr'><strong>vers.</strong></span> <span class='ocrx_word' id='word_1_99' title='bbox 851 1243 915 1322; x_wconf 86' lang='lat' dir='ltr'><strong>,Le</strong></span> <span class='ocrx_word' id='word_1_100' title='bbox 945 1247 1076 1312; x_wconf 90' lang='lat' dir='ltr'><strong>contrat</strong></span> <span class='ocrx_word' id='word_1_101' title='bbox 1106 1248 1199 1311; x_wconf 87' lang='lat' dir='ltr'><strong>entre</strong></span> <span class='ocrx_word' id='word_1_102' title='bbox 1225 1249 1362 1330; x_wconf 85' lang='lat' dir='ltr'><strong>patrone</strong></span> <span class='ocrx_word' id='word_1_103' title='bbox 1385 1249 1419 1311; x_wconf 92' lang='lat' dir='ltr'><strong>et</strong></span> 
     </span>
     <span class='ocr_line' id='line_1_12' title="bbox 96 1331 566 1414; baseline -0.004 -17"><span class='ocrx_word' id='word_1_104' title='bbox 96 1331 247 1397; x_wconf 86' lang='lat' dir='ltr'><strong>ouvriers</strong></span> <span class='ocrx_word' id='word_1_105' title='bbox 270 1335 305 1396; x_wconf 91' lang='lat' dir='ltr'><strong>et</strong></span> <span class='ocrx_word' id='word_1_106' title='bbox 330 1331 378 1396; x_wconf 91' lang='lat' dir='ltr'><strong>les</strong></span> <span class='ocrx_word' id='word_1_107' title='bbox 401 1333 566 1414; x_wconf 80' lang='lat' dir='ltr'><strong>greves“).</strong></span> 
     </span>
    </p>
   </div>
   <div class='ocr_carea' id='block_1_4' title="bbox 95 1436 1422 2039">
    <p class='ocr_par' dir='ltr' id='par_1_4' title="bbox 95 1436 1421 1698">
     <span class='ocr_line' id='line_1_13' title="bbox 187 1436 1419 1521; baseline 0.002 -20"><span class='ocrx_word' id='word_1_108' title='bbox 187 1437 226 1503; x_wconf 88' lang='lat' dir='ltr'><strong>R.</strong></span> <span class='ocrx_word' id='word_1_109' title='bbox 257 1441 287 1502; x_wconf 87' lang='lat'><strong>4.</strong></span> <span class='ocrx_word' id='word_1_110' title='bbox 338 1436 430 1513; x_wconf 87' lang='lat' dir='ltr'><strong>Quod</strong></span> <span class='ocrx_word' id='word_1_111' title='bbox 461 1437 503 1502; x_wconf 89' lang='lat' dir='ltr'><strong>ad</strong></span> <span class='ocrx_word' id='word_1_112' title='bbox 536 1436 698 1520; x_wconf 87' lang='lat' dir='ltr'><strong>publicam</strong></span> <span class='ocrx_word' id='word_1_113' title='bbox 730 1436 897 1521; x_wconf 86' lang='lat' dir='ltr'><strong>penuriam</strong></span> <span class='ocrx_word' id='word_1_114' title='bbox 932 1443 1031 1520; x_wconf 92' lang='lat' dir='ltr'><strong>atque</strong></span> <span class='ocrx_word' id='word_1_115' title='bbox 1065 1459 1234 1504; x_wconf 90' lang='lat' dir='ltr'><strong>commuue</strong></span> <span class='ocrx_word' id='word_1_116' title='bbox 1266 1439 1419 1504; x_wconf 89' lang='lat' dir='ltr'><strong>damnum</strong></span> 
     </span>
     <span class='ocr_line' id='line_1_14' title="bbox 95 1525 1421 1611; baseline 0.003 -21"><span class='ocrx_word' id='word_1_117' title='bbox 95 1530 244 1611; x_wconf 86' lang='lat' dir='ltr'><strong>spectat,</strong></span> <span class='ocrx_word' id='word_1_118' title='bbox 275 1525 415 1591; x_wconf 81' lang='lat' dir='ltr'><strong>Catilina</strong></span> <span class='ocrx_word' id='word_1_119' title='bbox 438 1529 472 1591; x_wconf 94' lang='lat' dir='ltr'><strong>et</strong></span> <span class='ocrx_word' id='word_1_120' title='bbox 495 1525 619 1590; x_wconf 87' lang='lat' dir='ltr'><strong>Marius</strong></span> <span class='ocrx_word' id='word_1_121' title='bbox 643 1525 741 1591; x_wconf 89' lang='lat' dir='ltr'><strong>aliive</strong></span> <span class='ocrx_word' id='word_1_122' title='bbox 764 1526 894 1592; x_wconf 87' lang='lat' dir='ltr'><strong>sodales</strong></span> <span class='ocrx_word' id='word_1_123' title='bbox 917 1547 959 1592; x_wconf 86' lang='lat' dir='ltr'><strong>ex</strong></span> <span class='ocrx_word' id='word_1_124' title='bbox 982 1528 1044 1592; x_wconf 90' lang='lat' dir='ltr'><strong>hac</strong></span> <span class='ocrx_word' id='word_1_125' title='bbox 1071 1531 1166 1611; x_wconf 87' lang='lat' dir='ltr'><strong>parte</strong></span> <span class='ocrx_word' id='word_1_126' title='bbox 1188 1527 1235 1593; x_wconf 88' lang='lat' dir='ltr'><strong>rei</strong></span> <span class='ocrx_word' id='word_1_127' title='bbox 1263 1532 1339 1592; x_wconf 88' lang='lat' dir='ltr'><strong>sunt</strong></span> <span class='ocrx_word' id='word_1_128' title='bbox 1362 1532 1421 1594; x_wconf 92' lang='lat' dir='ltr'><strong>aut</strong></span> 
     </span>
     <span class='ocr_line' id='line_1_15' title="bbox 96 1614 1067 1698; baseline 0 -17"><span class='ocrx_word' id='word_1_129' title='bbox 96 1636 162 1681; x_wconf 91' lang='lat' dir='ltr'><strong>non</strong></span> <span class='ocrx_word' id='word_1_130' title='bbox 185 1614 243 1693; x_wconf 89' lang='lat' dir='ltr'><strong>rei,</strong></span> <span class='ocrx_word' id='word_1_131' title='bbox 267 1619 365 1698; x_wconf 92' lang='lat' dir='ltr'><strong>prout</strong></span> <span class='ocrx_word' id='word_1_132' title='bbox 387 1614 514 1680; x_wconf 90' lang='lat' dir='ltr'><strong>iustitia</strong></span> <span class='ocrx_word' id='word_1_133' title='bbox 538 1614 719 1680; x_wconf 79' lang='lat' dir='ltr'><strong>caucasiis</strong></span> <span class='ocrx_word' id='word_1_134' title='bbox 743 1614 847 1681; x_wconf 87' lang='lat' dir='ltr'><strong>defuit</strong></span> <span class='ocrx_word' id='word_1_135' title='bbox 871 1619 929 1681; x_wconf 92' lang='lat' dir='ltr'><strong>aut</strong></span> <span class='ocrx_word' id='word_1_136' title='bbox 952 1616 1067 1682; x_wconf 91' lang='lat' dir='ltr'><strong>adfuit.</strong></span> 
     </span>
    </p>

    <p class='ocr_par' dir='ltr' id='par_1_5' title="bbox 97 1703 1422 2039">
     <span class='ocr_line' id='line_1_16' title="bbox 187 1703 1421 1787; baseline 0.001 -19"><span class='ocrx_word' id='word_1_137' title='bbox 187 1705 241 1768; x_wconf 84' lang='lat' dir='ltr'><strong>Ex</strong></span> <span class='ocrx_word' id='word_1_138' title='bbox 264 1703 359 1770; x_wconf 90' lang='lat' dir='ltr'><strong>dictis</strong></span> <span class='ocrx_word' id='word_1_139' title='bbox 386 1703 481 1768; x_wconf 88' lang='lat' dir='ltr'><strong>facile</strong></span> <span class='ocrx_word' id='word_1_140' title='bbox 505 1703 685 1784; x_wconf 82' lang='lat' dir='ltr'><strong>colligitur,</strong></span> <span class='ocrx_word' id='word_1_141' title='bbox 718 1703 794 1787; x_wconf 92' lang='lat' dir='ltr'><strong>quid</strong></span> <span class='ocrx_word' id='word_1_142' title='bbox 818 1703 1036 1770; x_wconf 87' lang='lat' dir='ltr'><strong>confessarius</strong></span> <span class='ocrx_word' id='word_1_143' title='bbox 1059 1705 1203 1770; x_wconf 90' lang='lat' dir='ltr'><strong>iudicare</strong></span> <span class='ocrx_word' id='word_1_144' title='bbox 1227 1705 1361 1784; x_wconf 90' lang='lat' dir='ltr'><strong>debeat,</strong></span> <span class='ocrx_word' id='word_1_145' title='bbox 1392 1704 1421 1770; x_wconf 91' lang='lat' dir='ltr'><strong>si</strong></span> 
     </span>
     <span class='ocr_line' id='line_1_17' title="bbox 97 1792 1422 1875; baseline 0 -16"><span class='ocrx_word' id='word_1_146' title='bbox 97 1793 239 1859; x_wconf 80' lang='lat' dir='ltr'><strong>Catilina</strong></span> <span class='ocrx_word' id='word_1_147' title='bbox 262 1793 314 1857; x_wconf 89' lang='lat' dir='ltr'><strong>vel</strong></span> <span class='ocrx_word' id='word_1_148' title='bbox 339 1792 462 1857; x_wconf 89' lang='lat' dir='ltr'><strong>Marius</strong></span> <span class='ocrx_word' id='word_1_149' title='bbox 491 1792 646 1858; x_wconf 89' lang='lat' dir='ltr'><strong>tribunali</strong></span> <span class='ocrx_word' id='word_1_150' title='bbox 677 1792 897 1875; x_wconf 90' lang='lat' dir='ltr'><strong>paenitentiae</strong></span> <span class='ocrx_word' id='word_1_151' title='bbox 927 1814 963 1859; x_wconf 90' lang='lat' dir='ltr'><strong>se</strong></span> <span class='ocrx_word' id='word_1_152' title='bbox 993 1794 1121 1860; x_wconf 85' lang='lat' dir='ltr'><strong>sistant.</strong></span> <span class='ocrx_word' id='word_1_153' title='bbox 1149 1794 1340 1859; x_wconf 90' lang='lat' dir='ltr'><strong>—Verum</strong></span> <span class='ocrx_word' id='word_1_154' title='bbox 1370 1793 1422 1860; x_wconf 92' lang='lat' dir='ltr'><strong>in·</strong></span> 
     </span>
     <span class='ocr_line' id='line_1_18' title="bbox 97 1881 1422 1967; baseline 0.002 -21"><span class='ocrx_word' id='word_1_155' title='bbox 97 1883 266 1964; x_wconf 85' lang='lat' dir='ltr'><strong>vestigare</strong></span> <span class='ocrx_word' id='word_1_156' title='bbox 289 1882 388 1948; x_wconf 90' lang='lat' dir='ltr'><strong>etiarn</strong></span> <span class='ocrx_word' id='word_1_157' title='bbox 413 1881 519 1960; x_wconf 92' lang='lat' dir='ltr'><strong>debet,</strong></span> <span class='ocrx_word' id='word_1_158' title='bbox 544 1881 704 1963; x_wconf 92' lang='lat' dir='ltr'><strong>quomodo</strong></span> <span class='ocrx_word' id='word_1_159' title='bbox 728 1881 873 1948; x_wconf 87' lang='lat' dir='ltr'><strong>sentiant</strong></span> <span class='ocrx_word' id='word_1_160' title='bbox 896 1882 982 1949; x_wconf 90' lang='lat' dir='ltr'><strong>circa</strong></span> <span class='ocrx_word' id='word_1_161' title='bbox 1005 1883 1108 1948; x_wconf 89' lang='lat' dir='ltr'><strong>falsas</strong></span> <span class='ocrx_word' id='word_1_162' title='bbox 1138 1888 1171 1949; x_wconf 90' lang='lat' dir='ltr'><strong>et</strong></span> <span class='ocrx_word' id='word_1_163' title='bbox 1198 1883 1422 1967; x_wconf 85' lang='lat' dir='ltr'><strong>reprobandas</strong></span> 
     </span>
     <span class='ocr_line' id='line_1_19' title="bbox 98 1970 1285 2039; baseline 0.003 -3"><span class='ocrx_word' id='word_1_164' title='bbox 98 1971 339 2037; x_wconf 88' lang='lat' dir='ltr'><strong>socialistarum</strong></span> <span class='ocrx_word' id='word_1_165' title='bbox 364 1970 539 2037; x_wconf 90' lang='lat' dir='ltr'><strong>doctrinas.</strong></span> <span class='ocrx_word' id='word_1_166' title='bbox 588 1970 650 2036; x_wconf 85' lang='lat' dir='ltr'><strong>Sed</strong></span> <span class='ocrx_word' id='word_1_167' title='bbox 673 1971 754 2035; x_wconf 90' lang='lat' dir='ltr'><strong>haec</strong></span> <span class='ocrx_word' id='word_1_168' title='bbox 777 1970 872 2036; x_wconf 91' lang='lat' dir='ltr'><strong>huius</strong></span> <span class='ocrx_word' id='word_1_169' title='bbox 895 1971 958 2036; x_wconf 90' lang='lat' dir='ltr'><strong>loci</strong></span> <span class='ocrx_word' id='word_1_170' title='bbox 981 1993 1046 2037; x_wconf 91' lang='lat' dir='ltr'><strong>nou</strong></span> <span class='ocrx_word' id='word_1_171' title='bbox 1069 1977 1121 2039; x_wconf 88' lang='lat' dir='ltr'><strong>est</strong></span> <span class='ocrx_word' id='word_1_172' title='bbox 1142 1993 1285 2039; x_wconf 90' lang='lat' dir='ltr'><strong>monere.</strong></span> 
     </span>
    </p>
   </div>
   <div class='ocr_carea' id='block_1_5' title="bbox 336 2177 1184 2399">
    <p class='ocr_par' dir='ltr' id='par_1_6' title="bbox 336 2177 1184 2399">
     <span class='ocr_line' id='line_1_20' title="bbox 336 2177 1184 2260; baseline 0 -14"><span class='ocrx_word' id='word_1_173' title='bbox 336 2179 546 2246; x_wconf 82' lang='lat' dir='ltr'><strong>OPERARII</strong></span> <span class='ocrx_word' id='word_1_174' title='bbox 569 2179 815 2256; x_wconf 81' lang='lat' dir='ltr'>EORUMQUE</span> <span class='ocrx_word' id='word_1_175' title='bbox 839 2178 1087 2245; x_wconf 82' lang='lat' dir='ltr'>CONDUCTIO</span> <span class='ocrx_word' id='word_1_176' title='bbox 1115 2177 1184 2260; x_wconf 89' lang='grc' dir='ltr'>(Ι).</span> 
     </span>
     <span class='ocr_line' id='line_1_21' title="bbox 656 2323 870 2399; baseline -0.019 -10"><span class='ocrx_word' id='word_1_177' title='bbox 656 2323 766 2391; x_wconf 74' lang='lat' dir='ltr'><strong>Casus.</strong></span> <span class='ocrx_word' id='word_1_178' title='bbox 794 2331 870 2399; x_wconf 78' lang='lat'>(279)</span> 
     </span>
    </p>
   </div>
   <div class='ocr_carea' id='block_1_6' title="bbox 99 2464 1424 3459">
    <p class='ocr_par' dir='ltr' id='par_1_7' title="bbox 99 2464 1424 3264">
     <span class='ocr_line' id='line_1_22' title="bbox 190 2464 1422 2542; baseline -0.001 -17"><span class='ocrx_word' id='word_1_179' title='bbox 190 2466 282 2536; x_wconf 87' lang='lat' dir='ltr'><strong>Sulla,</strong></span> <span class='ocrx_word' id='word_1_180' title='bbox 297 2465 425 2524; x_wconf 90' lang='lat' dir='ltr'><strong>director</strong></span> <span class='ocrx_word' id='word_1_181' title='bbox 435 2465 588 2524; x_wconf 89' lang='lat' dir='ltr'><strong>societatis</strong></span> <span class='ocrx_word' id='word_1_182' title='bbox 603 2485 778 2542; x_wconf 87' lang='lat' dir='ltr'><strong>anonymae,</strong></span> <span class='ocrx_word' id='word_1_183' title='bbox 793 2464 935 2542; x_wconf 87' lang='lat' dir='ltr'><strong>imprimis</strong></span> <span class='ocrx_word' id='word_1_184' title='bbox 949 2465 1023 2524; x_wconf 91' lang='lat' dir='ltr'><strong>inid</strong></span> <span class='ocrx_word' id='word_1_185' title='bbox 1038 2465 1189 2536; x_wconf 86' lang='lat' dir='ltr'><strong>incumbit,</strong></span> <span class='ocrx_word' id='word_1_186' title='bbox 1206 2471 1239 2525; x_wconf 89' lang='lat' dir='ltr'><strong>ut</strong></span> <span class='ocrx_word' id='word_1_187' title='bbox 1248 2464 1422 2542; x_wconf 88' lang='lat' dir='ltr'><strong>perrsditus</strong></span> 
     </span>
     <span class='ocr_line' id='line_1_23' title="bbox 101 2545 1423 2622; baseline -0.001 -17"><span class='ocrx_word' id='word_1_188' title='bbox 101 2565 217 2606; x_wconf 86' lang='lat' dir='ltr'><strong>annuos</strong></span> <span class='ocrx_word' id='word_1_189' title='bbox 239 2546 353 2622; x_wconf 88' lang='lat' dir='ltr'><strong>amplos</strong></span> <span class='ocrx_word' id='word_1_190' title='bbox 375 2546 528 2604; x_wconf 86' lang='lat' dir='ltr'><strong>societatis</strong></span> <span class='ocrx_word' id='word_1_191' title='bbox 550 2546 785 2605; x_wconf 86' lang='lat' dir='ltr'><strong>aestimationem</strong></span> <span class='ocrx_word' id='word_1_192' title='bbox 808 2565 950 2622; x_wconf 88' lang='lat' dir='ltr'><strong>suumque</strong></span> <span class='ocrx_word' id='word_1_193' title='bbox 970 2547 1083 2606; x_wconf 92' lang='lat' dir='ltr'><strong>lucrum</strong></span> <span class='ocrx_word' id='word_1_194' title='bbox 1099 2551 1216 2621; x_wconf 84' lang='lat' dir='ltr'><strong>augeat.</strong></span> <span class='ocrx_word' id='word_1_195' title='bbox 1252 2545 1336 2617; x_wconf 79' lang='lat' dir='ltr'><strong>Quod</strong></span> <span class='ocrx_word' id='word_1_196' title='bbox 1357 2565 1423 2604; x_wconf 93' lang='lat' dir='ltr'><strong>cum</strong></span> 
     </span>
     <span class='ocr_line' id='line_1_24' title="bbox 99 2625 1423 2702; baseline -0.001 -17"><span class='ocrx_word' id='word_1_197' title='bbox 99 2626 241 2686; x_wconf 86' lang='lat' dir='ltr'><strong>marcium</strong></span> <span class='ocrx_word' id='word_1_198' title='bbox 255 2625 485 2686; x_wconf 87' lang='lat' dir='ltr'><strong>deterioratione</strong></span> <span class='ocrx_word' id='word_1_199' title='bbox 506 2632 594 2700; x_wconf 87' lang='lat' dir='ltr'><strong>atque</strong></span> <span class='ocrx_word' id='word_1_200' title='bbox 615 2627 702 2702; x_wconf 90' lang='lat' dir='ltr'><strong>pretii</strong></span> <span class='ocrx_word' id='word_1_201' title='bbox 725 2625 889 2685; x_wconf 85' lang='lat' dir='ltr'><strong>elevatione</strong></span> <span class='ocrx_word' id='word_1_202' title='bbox 904 2631 1076 2685; x_wconf 89' lang='lat' dir='ltr'><strong>constanter</strong></span> <span class='ocrx_word' id='word_1_203' title='bbox 1095 2626 1213 2685; x_wconf 88' lang='lat' dir='ltr'><strong>efficere</strong></span> <span class='ocrx_word' id='word_1_204' title='bbox 1234 2631 1370 2702; x_wconf 88' lang='lat' dir='ltr'><strong>nequeat,</strong></span> <span class='ocrx_word' id='word_1_205' title='bbox 1391 2626 1423 2685; x_wconf 91' lang='lat' dir='ltr'><strong>in</strong></span> 
     </span>
     <span class='ocr_line' id='line_1_25' title="bbox 100 2706 1424 2783; baseline 0.002 -18"><span class='ocrx_word' id='word_1_206' title='bbox 100 2706 130 2765; x_wconf 90' lang='lat' dir='ltr'><strong>id</strong></span> <span class='ocrx_word' id='word_1_207' title='bbox 151 2707 280 2766; x_wconf 90' lang='lat' dir='ltr'><strong>animum</strong></span> <span class='ocrx_word' id='word_1_208' title='bbox 301 2706 443 2776; x_wconf 88' lang='lat' dir='ltr'><strong>intendit,</strong></span> <span class='ocrx_word' id='word_1_209' title='bbox 472 2711 505 2764; x_wconf 91' lang='lat' dir='ltr'><strong>ut</strong></span> <span class='ocrx_word' id='word_1_210' title='bbox 525 2724 581 2782; x_wconf 90' lang='lat' dir='ltr'><strong>quo</strong></span> <span class='ocrx_word' id='word_1_211' title='bbox 602 2706 714 2765; x_wconf 91' lang='lat' dir='ltr'><strong>minore</strong></span> <span class='ocrx_word' id='word_1_212' title='bbox 735 2706 830 2782; x_wconf 89' lang='lat' dir='ltr'><strong>possit</strong></span> <span class='ocrx_word' id='word_1_213' title='bbox 853 2707 987 2766; x_wconf 89' lang='lat' dir='ltr'><strong>mercede</strong></span> <span class='ocrx_word' id='word_1_214' title='bbox 1007 2706 1159 2783; x_wconf 87' lang='lat' dir='ltr'><strong>operarios</strong></span> <span class='ocrx_word' id='word_1_215' title='bbox 1180 2706 1334 2765; x_wconf 85' lang='lat' dir='ltr'><strong>conducat.</strong></span> <span class='ocrx_word' id='word_1_216' title='bbox 1376 2706 1424 2767; x_wconf 86' lang='lat' dir='ltr'><strong>Ita</strong></span> 
     </span>
     <span class='ocr_line' id='line_1_26' title="bbox 100 2786 1422 2864; baseline 0 -18"><span class='ocrx_word' id='word_1_217' title='bbox 100 2787 150 2858; x_wconf 89' lang='lat' dir='ltr'><strong>fit,</strong></span> <span class='ocrx_word' id='word_1_218' title='bbox 179 2793 227 2859; x_wconf 87' lang='lat' dir='ltr'><strong>ut,</strong></span> <span class='ocrx_word' id='word_1_219' title='bbox 257 2806 321 2845; x_wconf 90' lang='lat' dir='ltr'><strong>cum</strong></span> <span class='ocrx_word' id='word_1_220' title='bbox 343 2787 543 2863; x_wconf 89' lang='lat' dir='ltr'><strong>operariorum</strong></span> <span class='ocrx_word' id='word_1_221' title='bbox 565 2786 645 2846; x_wconf 89' lang='lat' dir='ltr'><strong>adsit</strong></span> <span class='ocrx_word' id='word_1_222' title='bbox 665 2786 766 2863; x_wconf 87' lang='lat' dir='ltr'><strong>eopia,</strong></span> <span class='ocrx_word' id='word_1_223' title='bbox 794 2787 871 2861; x_wconf 90' lang='lat' dir='ltr'><strong>iique</strong></span> <span class='ocrx_word' id='word_1_224' title='bbox 892 2787 1000 2845; x_wconf 87' lang='lat' dir='ltr'><strong>misera</strong></span> <span class='ocrx_word' id='word_1_225' title='bbox 1022 2788 1156 2846; x_wconf 89' lang='lat' dir='ltr'><strong>mercede</strong></span> <span class='ocrx_word' id='word_1_226' title='bbox 1177 2789 1290 2864; x_wconf 81' lang='lat' dir='ltr'><strong>aliquid</strong></span> <span class='ocrx_word' id='word_1_227' title='bbox 1314 2786 1422 2846; x_wconf 88' lang='lat' dir='ltr'><strong>lucrari</strong></span> 
     </span>
     <span class='ocr_line' id='line_1_27' title="bbox 100 2866 1423 2944; baseline 0 -19"><span class='ocrx_word' id='word_1_228' title='bbox 100 2867 207 2926; x_wconf 90' lang='lat' dir='ltr'><strong>malint</strong></span> <span class='ocrx_word' id='word_1_229' title='bbox 233 2886 319 2942; x_wconf 89' lang='lat' dir='ltr'><strong>quarn</strong></span> <span class='ocrx_word' id='word_1_230' title='bbox 344 2867 495 2944; x_wconf 85' lang='lat' dir='ltr'><strong>postulata</strong></span> <span class='ocrx_word' id='word_1_231' title='bbox 516 2867 650 2925; x_wconf 90' lang='lat' dir='ltr'><strong>mercede</strong></span> <span class='ocrx_word' id='word_1_232' title='bbox 677 2866 787 2926; x_wconf 87' lang='lat' dir='ltr'><strong>maiore</strong></span> <span class='ocrx_word' id='word_1_233' title='bbox 817 2867 936 2942; x_wconf 89' lang='lat' dir='ltr'><strong>penitus</strong></span> <span class='ocrx_word' id='word_1_234' title='bbox 958 2867 1091 2938; x_wconf 84' lang='lat' dir='ltr'><strong>excludi,</strong></span> <span class='ocrx_word' id='word_1_235' title='bbox 1121 2866 1202 2925; x_wconf 85' lang='lat' dir='ltr'><strong>Sulla</strong></span> <span class='ocrx_word' id='word_1_236' title='bbox 1224 2867 1423 2942; x_wconf 89' lang='lat' dir='ltr'><strong>operariorum</strong></span> 
     </span>
     <span class='ocr_line' id='line_1_28' title="bbox 100 2946 1422 3023; baseline -0.002 -17"><span class='ocrx_word' id='word_1_237' title='bbox 100 2947 212 3006; x_wconf 88' lang='lat' dir='ltr'><strong>habeat</strong></span> <span class='ocrx_word' id='word_1_238' title='bbox 232 2947 442 3006; x_wconf 87' lang='lat' dir='ltr'><strong>abundantiam</strong></span> <span class='ocrx_word' id='word_1_239' title='bbox 464 2954 551 3023; x_wconf 87' lang='lat' dir='ltr'><strong>atque</strong></span> <span class='ocrx_word' id='word_1_240' title='bbox 572 2947 660 3006; x_wconf 88' lang='lat' dir='ltr'><strong>facile</strong></span> <span class='ocrx_word' id='word_1_241' title='bbox 682 2948 792 3006; x_wconf 88' lang='lat' dir='ltr'><strong>habere</strong></span> <span class='ocrx_word' id='word_1_242' title='bbox 819 2947 929 3023; x_wconf 90' lang='lat' dir='ltr'><strong>possit,</strong></span> <span class='ocrx_word' id='word_1_243' title='bbox 957 2946 1007 3022; x_wconf 87' lang='lat' dir='ltr'><strong>qui</strong></span> <span class='ocrx_word' id='word_1_244' title='bbox 1035 2946 1167 3005; x_wconf 88' lang='lat' dir='ltr'><strong>contenti</strong></span> <span class='ocrx_word' id='word_1_245' title='bbox 1194 2951 1264 3005; x_wconf 91' lang='lat' dir='ltr'><strong>sunt</strong></span> <span class='ocrx_word' id='word_1_246' title='bbox 1285 2965 1320 3005; x_wconf 93' lang='lat' dir='ltr'><strong>eo</strong></span> <span class='ocrx_word' id='word_1_247' title='bbox 1341 2948 1422 3010; x_wconf 85' lang='lat' dir='ltr'><strong>lucro</strong></span> 
     </span>
     <span class='ocr_line' id='line_1_29' title="bbox 101 3025 1423 3103; baseline -0.002 -17"><span class='ocrx_word' id='word_1_248' title='bbox 101 3027 221 3098; x_wconf 89' lang='lat' dir='ltr'><strong>diurno,</strong></span> <span class='ocrx_word' id='word_1_249' title='bbox 249 3029 325 3103; x_wconf 93' lang='lat' dir='ltr'><strong>quod</strong></span> <span class='ocrx_word' id='word_1_250' title='bbox 354 3026 411 3086; x_wconf 91' lang='lat' dir='ltr'><strong>sibi</strong></span> <span class='ocrx_word' id='word_1_251' title='bbox 438 3027 510 3086; x_wconf 90' lang='lat' dir='ltr'><strong>solis</strong></span> <span class='ocrx_word' id='word_1_252' title='bbox 539 3028 575 3085; x_wconf 91' lang='lat' dir='ltr'><strong>ad</strong></span> <span class='ocrx_word' id='word_1_253' title='bbox 603 3027 709 3085; x_wconf 85' lang='lat' dir='ltr'><strong>misere</strong></span> <span class='ocrx_word' id='word_1_254' title='bbox 731 3027 888 3085; x_wconf 76' lang='lat' dir='ltr'><strong>vivendum</strong></span> <span class='ocrx_word' id='word_1_255' title='bbox 917 3025 1054 3085; x_wconf 87' lang='lat' dir='ltr'><strong>sufficiat.</strong></span> <span class='ocrx_word' id='word_1_256' title='bbox 1096 3025 1197 3101; x_wconf 90' lang='lat' dir='ltr'><strong>Neque</strong></span> <span class='ocrx_word' id='word_1_257' title='bbox 1220 3025 1255 3084; x_wconf 91' lang='lat' dir='ltr'><strong>de</strong></span> <span class='ocrx_word' id='word_1_258' title='bbox 1284 3027 1341 3084; x_wconf 90' lang='lat' dir='ltr'><strong>bac</strong></span> <span class='ocrx_word' id='word_1_259' title='bbox 1368 3045 1423 3085; x_wconf 87' lang='lat' dir='ltr'><strong>sua</strong></span> 
     </span>
     <span class='ocr_line' id='line_1_30' title="bbox 100 3105 1424 3183; baseline -0.002 -17"><span class='ocrx_word' id='word_1_260' title='bbox 100 3106 208 3183; x_wconf 84' lang='lat' dir='ltr'><strong>agendi</strong></span> <span class='ocrx_word' id='word_1_261' title='bbox 229 3107 345 3166; x_wconf 90' lang='lat' dir='ltr'><strong>ratione</strong></span> <span class='ocrx_word' id='word_1_262' title='bbox 360 3107 442 3166; x_wconf 84' lang='lat' dir='ltr'><strong>Sulla</strong></span> <span class='ocrx_word' id='word_1_263' title='bbox 457 3107 592 3166; x_wconf 87' lang='lat' dir='ltr'><strong>stimulos</strong></span> <span class='ocrx_word' id='word_1_264' title='bbox 608 3107 808 3166; x_wconf 89' lang='lat' dir='ltr'><strong>conscientiae</strong></span> <span class='ocrx_word' id='word_1_265' title='bbox 829 3106 928 3177; x_wconf 90' lang='lat' dir='ltr'><strong>sentit,</strong></span> <span class='ocrx_word' id='word_1_266' title='bbox 951 3126 1044 3181; x_wconf 89' lang='lat' dir='ltr'><strong>neque</strong></span> <span class='ocrx_word' id='word_1_267' title='bbox 1065 3105 1096 3164; x_wconf 92' lang='lat' dir='ltr'><strong>in</strong></span> <span class='ocrx_word' id='word_1_268' title='bbox 1117 3126 1215 3164; x_wconf 91' lang='lat' dir='ltr'><strong>annua</strong></span> <span class='ocrx_word' id='word_1_269' title='bbox 1237 3105 1424 3165; x_wconf 87' lang='lat' dir='ltr'><strong>confessione</strong></span> 
     </span>
     <span class='ocr_line' id='line_1_31' title="bbox 101 3187 358 3264; baseline 0 -18"><span class='ocrx_word' id='word_1_270' title='bbox 101 3188 258 3264; x_wconf 86' lang='lat' dir='ltr'><strong>quidquam</strong></span> <span class='ocrx_word' id='word_1_271' title='bbox 280 3187 358 3246; x_wconf 88' lang='lat' dir='ltr'><strong>dicit.</strong></span> 
     </span>
    </p>

    <p class='ocr_par' dir='ltr' id='par_1_8' title="bbox 102 3292 1050 3459">
     <span class='ocr_line' id='line_1_32' title="bbox 102 3292 1022 3370; baseline 0 -18"><span class='ocrx_word' id='word_1_272' title='bbox 102 3293 280 3363; x_wconf 78' lang='lat' dir='ltr'><strong>Quasmrun</strong></span> <span class='ocrx_word' id='word_1_273' title='bbox 301 3295 330 3352; x_wconf 86' lang='lat'><strong>1⁰</strong></span> <span class='ocrx_word' id='word_1_274' title='bbox 356 3313 469 3352; x_wconf 88' lang='lat' dir='ltr'><strong>merces</strong></span> <span class='ocrx_word' id='word_1_275' title='bbox 490 3293 689 3370; x_wconf 85' lang='lat' dir='ltr'><strong>operariorum</strong></span> <span class='ocrx_word' id='word_1_276' title='bbox 711 3312 854 3369; x_wconf 89' lang='lat' dir='ltr'><strong>quaenam</strong></span> <span class='ocrx_word' id='word_1_277' title='bbox 876 3292 916 3351; x_wconf 91' lang='lat' dir='ltr'><strong>sit</strong></span> <span class='ocrx_word' id='word_1_278' title='bbox 935 3293 1022 3352; x_wconf 87' lang='lat' dir='ltr'><strong>iusta.</strong></span> 
     </span>
     <span class='ocr_line' id='line_1_33' title="bbox 301 3381 1050 3459; baseline -0.001 -18"><span class='ocrx_word' id='word_1_279' title='bbox 301 3383 331 3440; x_wconf 77' lang='lat'><strong>2⁰</strong></span> <span class='ocrx_word' id='word_1_280' title='bbox 356 3383 490 3459; x_wconf 89' lang='lat' dir='ltr'><strong>possitne</strong></span> <span class='ocrx_word' id='word_1_281' title='bbox 512 3382 593 3440; x_wconf 83' lang='lat' dir='ltr'><strong>Sulla</strong></span> <span class='ocrx_word' id='word_1_282' title='bbox 615 3387 696 3440; x_wconf 92' lang='lat' dir='ltr'><strong>tutus</strong></span> <span class='ocrx_word' id='word_1_283' title='bbox 719 3401 785 3440; x_wconf 88' lang='lat' dir='ltr'><strong>esse</strong></span> <span class='ocrx_word' id='word_1_284' title='bbox 806 3381 837 3439; x_wconf 93' lang='lat' dir='ltr'><strong>in</strong></span> <span class='ocrx_word' id='word_1_285' title='bbox 859 3381 1050 3440; x_wconf 88' lang='lat' dir='ltr'><strong>conscientia.</strong></span> 
     </span>
    </p>
   </div>
   <div class='ocr_carea' id='block_1_7' title="bbox 301 3469 1331 3547">
    <p class='ocr_par' dir='ltr' id='par_1_9' title="bbox 301 3469 1331 3547">
     <span class='ocr_line' id='line_1_34' title="bbox 301 3469 1331 3547; baseline -0.004 -17"><span class='ocrx_word' id='word_1_286' title='bbox 301 3473 331 3530; x_wconf 79' lang='lat'><strong>3⁰</strong></span> <span class='ocrx_word' id='word_1_287' title='bbox 357 3471 393 3530; x_wconf 89' lang='lat' dir='ltr'><strong>ad</strong></span> <span class='ocrx_word' id='word_1_288' title='bbox 415 3472 482 3547; x_wconf 90' lang='lat' dir='ltr'><strong>quid</strong></span> <span class='ocrx_word' id='word_1_289' title='bbox 504 3476 642 3530; x_wconf 89' lang='lat' dir='ltr'><strong>teneatur</strong></span> <span class='ocrx_word' id='word_1_290' title='bbox 662 3471 757 3546; x_wconf 90' lang='lat' dir='ltr'><strong>quoad</strong></span> <span class='ocrx_word' id='word_1_291' title='bbox 778 3471 979 3547; x_wconf 84' lang='lat' dir='ltr'><strong>praeteritum,</strong></span> <span class='ocrx_word' id='word_1_292' title='bbox 1002 3470 1038 3528; x_wconf 89' lang='lat' dir='ltr'><strong>ad</strong></span> <span class='ocrx_word' id='word_1_293' title='bbox 1060 3469 1129 3545; x_wconf 92' lang='lat' dir='ltr'><strong>quid</strong></span> <span class='ocrx_word' id='word_1_294' title='bbox 1150 3489 1203 3546; x_wconf 92' lang='lat' dir='ltr'><strong>pro</strong></span> <span class='ocrx_word' id='word_1_295' title='bbox 1225 3470 1331 3527; x_wconf 91' lang='lat' dir='ltr'><strong>futuro.</strong></span> 
     </span>
    </p>
   </div>
   <div class='ocr_carea' id='block_1_8' title="bbox 696 3651 833 3719">
    <p class='ocr_par' dir='ltr' id='par_1_10' title="bbox 696 3651 833 3719">
     <span class='ocr_line' id='line_1_35' title="bbox 696 3651 833 3719; baseline -0.007 0"><span class='ocrx_word' id='word_1_296' title='bbox 696 3651 833 3719; x_wconf 82' lang='lat' dir='ltr'><strong>Salutio.</strong></span> 
     </span>
    </p>
   </div>
   <div class='ocr_carea' id='block_1_9' title="bbox 102 3791 1488 4043">
    <p class='ocr_par' dir='ltr' id='par_1_11' title="bbox 102 3791 1488 4043">
     <span class='ocr_line' id='line_1_36' title="bbox 192 3791 1488 3876; baseline -0.004 -14"><span class='ocrx_word' id='word_1_297' title='bbox 192 3796 246 3862; x_wconf 85' lang='lat' dir='ltr'><strong>Au</strong></span> <span class='ocrx_word' id='word_1_298' title='bbox 261 3815 452 3872; x_wconf 78' lang='lat' dir='ltr'><strong>ouaasrrun</strong></span> <span class='ocrx_word' id='word_1_299' title='bbox 471 3796 507 3857; x_wconf 83' lang='lat'>1¹¹²</span> <span class='ocrx_word' id='word_1_300' title='bbox 531 3794 568 3859; x_wconf 89' lang='lat' dir='ltr'><strong>R.</strong></span> <span class='ocrx_word' id='word_1_301' title='bbox 586 3796 613 3860; x_wconf 88' lang='lat'><strong>1.</strong></span> <span class='ocrx_word' id='word_1_302' title='bbox 654 3794 702 3858; x_wconf 91' lang='lat' dir='ltr'><strong>De</strong></span> <span class='ocrx_word' id='word_1_303' title='bbox 725 3792 875 3858; x_wconf 89' lang='lat' dir='ltr'><strong>mercede</strong></span> <span class='ocrx_word' id='word_1_304' title='bbox 899 3792 1121 3876; x_wconf 89' lang='lat' dir='ltr'><strong>operariorum</strong></span> <span class='ocrx_word' id='word_1_305' title='bbox 1145 3791 1277 3874; x_wconf 88' lang='lat' dir='ltr'><strong>eiusque</strong></span> <span class='ocrx_word' id='word_1_306' title='bbox 1300 3791 1488 3858; x_wconf 82' lang='lat' dir='ltr'><strong>iustitiaaoo</strong></span> 
     </span>
     <span class='ocr_line' id='line_1_37' title="bbox 102 3880 1426 4040; baseline -0.006 -87"><span class='ocrx_word' id='word_1_307' title='bbox 102 3889 135 3953; x_wconf 93' lang='lat' dir='ltr'><strong>in</strong></span> <span class='ocrx_word' id='word_1_308' title='bbox 170 3886 277 3971; x_wconf 88' lang='lat' dir='ltr'><strong>priore</strong></span> <span class='ocrx_word' id='word_1_309' title='bbox 307 3905 388 4040; x_wconf 41' lang='lat' dir='ltr'><strong>lcasu</strong></span> <span class='ocrx_word' id='word_1_310' title='bbox 419 3883 484 3948; x_wconf 90' lang='lat' dir='ltr'><strong>iam</strong></span> <span class='ocrx_word' id='word_1_311' title='bbox 517 3882 685 3965; x_wconf 89' lang='lat' dir='ltr'><strong>complura</strong></span> <span class='ocrx_word' id='word_1_312' title='bbox 717 3882 805 3947; x_wconf 89' lang='lat' dir='ltr'><strong>dicta</strong></span> <span class='ocrx_word' id='word_1_313' title='bbox 836 3886 929 3948; x_wconf 92' lang='lat' dir='ltr'><strong>suut:</strong></span> <span class='ocrx_word' id='word_1_314' title='bbox 962 3902 1062 3965; x_wconf 90' lang='lat' dir='ltr'><strong>quae,</strong></span> <span class='ocrx_word' id='word_1_315' title='bbox 1096 3902 1234 3965; x_wconf 87' lang='lat' dir='ltr'><strong>quaeso,</strong></span> <span class='ocrx_word' id='word_1_316' title='bbox 1267 3880 1426 3964; x_wconf 83' lang='lat' dir='ltr'><strong>benignus</strong></span> 
     </span>
     <span class='ocr_line' id='line_1_38' title="bbox 102 3978 367 4043; baseline -0.011 0"><span class='ocrx_word' id='word_1_317' title='bbox 102 3978 208 4043; x_wconf 88' lang='lat' dir='ltr'><strong>lector</strong></span> <span class='ocrx_word' id='word_1_318' title='bbox 230 3995 340 4040; x_wconf 84' lang='lat' dir='ltr'><strong>rocoa</strong></span> <span class='ocrx_word' id='word_1_319' title='bbox 359 4026 367 4040; x_wconf 90' lang='lat'><em>.</em></span> 
     </span>
    </p>
   </div>
   <div class='ocr_carea' id='block_1_10' title="bbox 102 4075 1427 4702">
    <p class='ocr_par' dir='ltr' id='par_1_12' title="bbox 102 4075 1427 4702">
     <span class='ocr_line' id='line_1_39' title="bbox 193 4075 1427 4160; baseline -0.006 -13"><span class='ocrx_word' id='word_1_320' title='bbox 193 4082 232 4147; x_wconf 83' lang='lat' dir='ltr'><strong>a.</strong></span> <span class='ocrx_word' id='word_1_321' title='bbox 257 4084 287 4146; x_wconf 86' lang='lat'><strong>2.</strong></span> <span class='ocrx_word' id='word_1_322' title='bbox 334 4080 370 4144; x_wconf 90' lang='lat' dir='ltr'><strong>Iu</strong></span> <span class='ocrx_word' id='word_1_323' title='bbox 401 4077 578 4160; x_wconf 81' lang='lat' dir='ltr'><strong>Encyclica</strong></span> <span class='ocrx_word' id='word_1_324' title='bbox 611 4079 749 4158; x_wconf 82' lang='lat' dir='ltr'><strong>,Rerum</strong></span> <span class='ocrx_word' id='word_1_325' title='bbox 780 4076 954 4142; x_wconf 80' lang='lat' dir='ltr'><strong>nouoram“</strong></span> <span class='ocrx_word' id='word_1_326' title='bbox 987 4077 1017 4142; x_wconf 93' lang='lat' dir='ltr'><strong>d.</strong></span> <span class='ocrx_word' id='word_1_327' title='bbox 1043 4077 1072 4143; x_wconf 91' lang='lat' dir='ltr'><strong>d.</strong></span> <span class='ocrx_word' id='word_1_328' title='bbox 1107 4079 1146 4141; x_wconf 84' lang='lat'><strong>15</strong></span> <span class='ocrx_word' id='word_1_329' title='bbox 1175 4075 1251 4141; x_wconf 89' lang='lat' dir='ltr'><strong>Maii</strong></span> <span class='ocrx_word' id='word_1_330' title='bbox 1279 4078 1361 4141; x_wconf 87' lang='lat'>1891</span> <span class='ocrx_word' id='word_1_331' title='bbox 1388 4076 1427 4140; x_wconf 84' lang='lat' dir='ltr'><strong>de</strong></span> 
     </span>
     <span class='ocr_line' id='line_1_40' title="bbox 102 4163 1425 4255; baseline -0.009 -17"><span class='ocrx_word' id='word_1_332' title='bbox 102 4173 286 4238; x_wconf 80' lang='lat' dir='ltr'><strong>condicione</strong></span> <span class='ocrx_word' id='word_1_333' title='bbox 301 4170 446 4255; x_wconf 77' lang='lat' dir='ltr'><strong>opificum</strong></span> <span class='ocrx_word' id='word_1_334' title='bbox 470 4167 535 4232; x_wconf 90' lang='lat' dir='ltr'><strong>Leo</strong></span> <span class='ocrx_word' id='word_1_335' title='bbox 551 4166 629 4230; x_wconf 90' lang='lat' dir='ltr'><strong>Xlll</strong></span> <span class='ocrx_word' id='word_1_336' title='bbox 646 4167 685 4230; x_wconf 93' lang='lat' dir='ltr'><strong>de</strong></span> <span class='ocrx_word' id='word_1_337' title='bbox 709 4166 771 4230; x_wconf 90' lang='lat' dir='ltr'><strong>hac</strong></span> <span class='ocrx_word' id='word_1_338' title='bbox 789 4187 826 4231; x_wconf 91' lang='lat' dir='ltr'><strong>re</strong></span> <span class='ocrx_word' id='word_1_339' title='bbox 845 4167 982 4247; x_wconf 91' lang='lat' dir='ltr'><strong>loquens</strong></span> <span class='ocrx_word' id='word_1_340' title='bbox 1005 4166 1060 4238; x_wconf 75' lang='lat' dir='ltr'><strong>ita,</strong></span> <span class='ocrx_word' id='word_1_341' title='bbox 1069 4165 1163 4230; x_wconf 89' lang='lat' dir='ltr'><strong>dicit:</strong></span> <span class='ocrx_word' id='word_1_342' title='bbox 1192 4164 1291 4242; x_wconf 84' lang='lat' dir='ltr'><strong>,Esto</strong></span> <span class='ocrx_word' id='word_1_343' title='bbox 1315 4163 1425 4244; x_wconf 89' lang='lat' dir='ltr'><strong>igitur,</strong></span> 
     </span>
     <span class='ocr_line' id='line_1_41' title="bbox 102 4250 1427 4343; baseline -0.008 -17"><span class='ocrx_word' id='word_1_344' title='bbox 102 4267 142 4327; x_wconf 92' lang='lat' dir='ltr'><strong>ut</strong></span> <span class='ocrx_word' id='word_1_345' title='bbox 165 4259 276 4343; x_wconf 84' lang='lat' dir='ltr'><strong>opifex</strong></span> <span class='ocrx_word' id='word_1_346' title='bbox 300 4263 399 4339; x_wconf 90' lang='lat' dir='ltr'><strong>atque</strong></span> <span class='ocrx_word' id='word_1_347' title='bbox 423 4257 520 4321; x_wconf 91' lang='lat' dir='ltr'><strong>herus</strong></span> <span class='ocrx_word' id='word_1_348' title='bbox 543 4255 644 4320; x_wconf 91' lang='lat' dir='ltr'><strong>libere</strong></span> <span class='ocrx_word' id='word_1_349' title='bbox 664 4256 696 4319; x_wconf 91' lang='lat' dir='ltr'><strong>in</strong></span> <span class='ocrx_word' id='word_1_350' title='bbox 712 4255 798 4319; x_wconf 92' lang='lat' dir='ltr'><strong>idem</strong></span> <span class='ocrx_word' id='word_1_351' title='bbox 814 4255 980 4338; x_wconf 90' lang='lat' dir='ltr'><strong>placitum,</strong></span> <span class='ocrx_word' id='word_1_352' title='bbox 1006 4276 1044 4320; x_wconf 89' lang='lat' dir='ltr'><strong>ac</strong></span> <span class='ocrx_word' id='word_1_353' title='bbox 1060 4253 1250 4319; x_wconf 89' lang='lat' dir='ltr'><strong>nominatim</strong></span> <span class='ocrx_word' id='word_1_354' title='bbox 1265 4252 1298 4316; x_wconf 92' lang='lat' dir='ltr'><strong>in</strong></span> <span class='ocrx_word' id='word_1_355' title='bbox 1315 4250 1427 4316; x_wconf 89' lang='lat' dir='ltr'><strong>salarii</strong></span> 
     </span>
     <span class='ocr_line' id='line_1_42' title="bbox 103 4340 1425 4427; baseline -0.009 -12"><span class='ocrx_word' id='word_1_356' title='bbox 103 4348 234 4415; x_wconf 89' lang='lat' dir='ltr'><strong>modum</strong></span> <span class='ocrx_word' id='word_1_357' title='bbox 252 4345 490 4413; x_wconf 86' lang='lat' dir='ltr'><strong>consenserint:</strong></span> <span class='ocrx_word' id='word_1_358' title='bbox 516 4345 629 4409; x_wconf 86' lang='lat' dir='ltr'><strong>subest</strong></span> <span class='ocrx_word' id='word_1_359' title='bbox 652 4349 762 4410; x_wconf 90' lang='lat' dir='ltr'><strong>tamen</strong></span> <span class='ocrx_word' id='word_1_360' title='bbox 778 4365 907 4427; x_wconf 90' lang='lat' dir='ltr'><strong>semper</strong></span> <span class='ocrx_word' id='word_1_361' title='bbox 922 4343 1043 4426; x_wconf 90' lang='lat' dir='ltr'><strong>aliquid</strong></span> <span class='ocrx_word' id='word_1_362' title='bbox 1067 4365 1109 4407; x_wconf 87' lang='lat' dir='ltr'><strong>ex</strong></span> <span class='ocrx_word' id='word_1_363' title='bbox 1127 4341 1254 4408; x_wconf 89' lang='lat' dir='ltr'><strong>iustitia</strong></span> <span class='ocrx_word' id='word_1_364' title='bbox 1272 4340 1425 4418; x_wconf 91' lang='lat' dir='ltr'><strong>naturali,</strong></span> 
     </span>
     <span class='ocr_line' id='line_1_43' title="bbox 103 4428 1427 4521; baseline -0.008 -17"><span class='ocrx_word' id='word_1_365' title='bbox 103 4439 202 4521; x_wconf 90' lang='lat' dir='ltr'><strong>idque</strong></span> <span class='ocrx_word' id='word_1_366' title='bbox 225 4437 328 4503; x_wconf 90' lang='lat' dir='ltr'><strong>libera</strong></span> <span class='ocrx_word' id='word_1_367' title='bbox 344 4434 576 4520; x_wconf 82' lang='lat' dir='ltr'><strong>paciscentium</strong></span> <span class='ocrx_word' id='word_1_368' title='bbox 595 4434 766 4498; x_wconf 91' lang='lat' dir='ltr'><strong>voluntate</strong></span> <span class='ocrx_word' id='word_1_369' title='bbox 786 4433 892 4498; x_wconf 85' lang='lat' dir='ltr'><strong>nraius</strong></span> <span class='ocrx_word' id='word_1_370' title='bbox 915 4437 949 4499; x_wconf 91' lang='lat' dir='ltr'><strong>et</strong></span> <span class='ocrx_word' id='word_1_371' title='bbox 972 4432 1146 4514; x_wconf 88' lang='lat' dir='ltr'><strong>antiquius,</strong></span> <span class='ocrx_word' id='word_1_372' title='bbox 1170 4429 1295 4495; x_wconf 89' lang='lat' dir='ltr'><strong>scilicet</strong></span> <span class='ocrx_word' id='word_1_373' title='bbox 1310 4428 1427 4494; x_wconf 90' lang='lat' dir='ltr'><strong>alendo</strong></span> 
     </span>
     <span class='ocr_line' id='line_1_44' title="bbox 102 4517 1427 4613; baseline -0.009 -19"><span class='ocrx_word' id='word_1_374' title='bbox 102 4526 227 4613; x_wconf 88' lang='lat' dir='ltr'><strong>opifici,</strong></span> <span class='ocrx_word' id='word_1_375' title='bbox 258 4525 346 4606; x_wconf 84' lang='lat' dir='ltr'><strong>frugi</strong></span> <span class='ocrx_word' id='word_1_376' title='bbox 370 4524 498 4606; x_wconf 88' lang='lat' dir='ltr'><strong>quidem</strong></span> <span class='ocrx_word' id='word_1_377' title='bbox 523 4527 557 4588; x_wconf 90' lang='lat' dir='ltr'><strong>et</strong></span> <span class='ocrx_word' id='word_1_378' title='bbox 579 4523 661 4587; x_wconf 90' lang='lat' dir='ltr'><strong>bene</strong></span> <span class='ocrx_word' id='word_1_379' title='bbox 684 4527 828 4599; x_wconf 89' lang='lat' dir='ltr'><strong>morato,</strong></span> <span class='ocrx_word' id='word_1_380' title='bbox 859 4522 944 4587; x_wconf 89' lang='lat' dir='ltr'><strong>haud</strong></span> <span class='ocrx_word' id='word_1_381' title='bbox 969 4521 1125 4604; x_wconf 89' lang='lat' dir='ltr'><strong>imparem</strong></span> <span class='ocrx_word' id='word_1_382' title='bbox 1150 4540 1221 4585; x_wconf 87' lang='lat' dir='ltr'><strong>esse</strong></span> <span class='ocrx_word' id='word_1_383' title='bbox 1245 4517 1427 4583; x_wconf 88' lang='lat' dir='ltr'><strong>mercedem</strong></span> 
     </span>
     <span class='ocr_line' id='line_1_45' title="bbox 103 4606 1427 4702; baseline -0.008 -20"><span class='ocrx_word' id='word_1_384' title='bbox 103 4621 267 4702; x_wconf 90' lang='lat' dir='ltr'><strong>oportere.</strong></span> <span class='ocrx_word' id='word_1_385' title='bbox 323 4612 444 4692; x_wconf 83' lang='lat' dir='ltr'><strong>Quodsi</strong></span> <span class='ocrx_word' id='word_1_386' title='bbox 475 4611 672 4678; x_wconf 89' lang='lat' dir='ltr'><strong>necessitate</strong></span> <span class='ocrx_word' id='word_1_387' title='bbox 696 4610 807 4694; x_wconf 83' lang='lat' dir='ltr'><strong>opifex</strong></span> <span class='ocrx_word' id='word_1_388' title='bbox 830 4615 963 4676; x_wconf 89' lang='lat' dir='ltr'><strong>coactus</strong></span> <span class='ocrx_word' id='word_1_389' title='bbox 994 4614 1052 4675; x_wconf 90' lang='lat' dir='ltr'><strong>aut</strong></span> <span class='ocrx_word' id='word_1_390' title='bbox 1081 4608 1158 4675; x_wconf 91' lang='lat' dir='ltr'><strong>mali</strong></span> <span class='ocrx_word' id='word_1_391' title='bbox 1189 4606 1307 4692; x_wconf 90' lang='lat' dir='ltr'><strong>peioris</strong></span> <span class='ocrx_word' id='word_1_392' title='bbox 1337 4611 1427 4673; x_wconf 91' lang='lat' dir='ltr'><strong>metu</strong></span> 
     </span>
    </p>
   </div>
   <div class='ocr_carea' id='block_1_11' title="bbox 0 0 1573 5168">
    <p class='ocr_par' dir='ltr' id='par_1_13' title="bbox 0 0 1573 5168">
     <span class='ocr_line' id='line_1_46' title="bbox 0 0 1573 5168; baseline 0 0"><span class='ocrx_word' id='word_1_393' title='bbox 0 0 1573 5168; x_wconf 95' lang='lat' dir='ltr'><strong> </strong></span> 
     </span>
    </p>
   </div>
  </div>
 </body>
</html>
