3106 5168
310 279 465 333 'translatio
483 281 535 333 iur.
554 297 580 349 p.
599 283 755 333 contractus
772 308 809 318 —
826 282 941 332 corditio
960 281 1066 348 eiusque
1084 281 1206 346 defectae.
1354 283 1418 347 441

187 456 226 522 R.
252 459 282 521 3.
329 457 416 521 Nam
439 457 465 520 si
490 455 539 521 ita
562 455 667 537 egerit
689 454 850 531 venditor,
875 458 911 521 ut
928 457 1032 520 dolose
1053 455 1233 522 occultaret
1257 455 1419 522 defectum

93 545 150 610 vel
187 545 411 628 interrogatus
449 546 661 628 responderet
693 565 809 626 equum
842 544 929 609 omni
962 544 1091 611 defectu
1130 565 1203 609 esse
1233 544 1420 619 immunem,

94 633 281 788 {luagmgsse
286 633 337 699 ius
359 634 460 699 habet
489 635 530 699 ad
558 633 805 699 rescindendum
834 637 1038 699 contractum
1070 634 1193 698 autad
1218 633 1347 716 plenam
1371 634 1420 698 in·

119 744 206 787 emur
281 744 325 790 m.

605 861 820 949 VENDITIO
843 862 912 944 (ll).

654 1002 764 1068 Casus.
792 1007 869 1076 (270)

187 1143 365 1214 Dioscorus,
394 1147 590 1201 mercaturam
612 1161 704 1218 agens
725 1142 757 1200 in
777 1142 973 1213 victualibus,
996 1142 1044 1201 lac
1065 1161 1142 1218 aqua
1163 1142 1283 1212 miscet,
1307 1143 1421 1203 farinae

93 1223 234 1282 triticeae
256 1222 344 1281 aliam
367 1242 404 1281 ex
420 1222 498 1280 fabis
519 1223 630 1280 factam
651 1221 741 1292 addit,
764 1223 859 1281 oleum
881 1241 919 1281 ex
939 1222 1064 1281 nucibus
1086 1241 1259 1299 expressum
1281 1243 1334 1299 pro
1356 1223 1421 1283 oleo

93 1303 242 1362 olivarum
263 1302 380 1373 vendit,
410 1307 497 1378 atque
524 1302 567 1360 ita
595 1302 670 1360 alias
697 1321 746 1361 res
775 1303 941 1361 adulterare
970 1302 1046 1361 solet
1066 1303 1114 1361 vel
1142 1303 1259 1361 nomine
1280 1304 1421 1363 ementito

93 1383 208 1442 vendit.
256 1383 432 1460 Increpatus
459 1402 477 1439 a
505 1382 688 1441 confessario
717 1382 789 1440 dicit
816 1401 849 1441 sc
876 1383 921 1441 ita
947 1402 1036 1458 agore
1065 1382 1185 1453 debers,
1217 1388 1250 1442 ut
1277 1383 1422 1443 modicum

93 1465 211 1521 lucrum
232 1463 351 1534 habeat,
373 1481 467 1538 neque
489 1462 563 1521 alios
584 1462 754 1521 venditores
776 1482 795 1520 a
816 1463 961 1522 similibus
982 1463 1095 1522 artibus
1117 1462 1275 1522 abstinere.

93 1568 276 1638 Qusnmrua
297 1569 326 1625 1ο
344 1585 419 1705 (llio
441 1567 593 1658 qualisque
622 1567 768 1626 iniustitia
789 1567 990 1627 committatur
1012 1587 1183 1644 perrarum
1204 1569 1351 1628 venalium
1374 1570 1422 1628 ad·

352 1667 371 1705 u
398 1656 568 1706 arationem.

297 1739 328 1794 2⁰
352 1735 486 1812 possitne
508 1735 643 1794 Dioscori
665 1735 772 1811 agendi
794 1736 871 1795 ratio
893 1737 1030 1795 excusari
1052 1742 1082 1796 et
1102 1737 1242 1814 permitti.

692 1918 827 1985 Salutio.

186 2063 239 2128 Au
263 2081 455 2137 ouansmun
482 2064 518 2124 1¹¹²
541 2059 580 2124 R.
609 2063 635 2125 1.
668 2060 831 2143 Imprimis
854 2061 1002 2142 graviter
1025 2032 1140 2128 contra
1163 2061 1321 2130 iustitiam
1346 2077 1484 2147 pec-870

94 2156 193 2219 catur
208 2154 318 2216 nocivo
342 2148 584 2215 adulteratione
607 2169 725 2225 rerum,
750 2169 834 2231 quae
850 2149 890 2214 ad
907 2150 1030 2216 victum
1046 2151 1229 2235 pertineut3
1253 2152 1305 2216 vel
1323 2152 1423 2218 etiam

94 2263 153 2318 ea,
186 2261 270 2322 quae
300 2241 396 2303 finem
428 2238 474 2303 rei
499 2243 612 2303 notum
635 2239 835 2321 pessumdat.
882 2239 984 2304 Immo
1007 2239 1041 2304 iu
1071 2240 1129 2305 tali
1154 2239 1273 2323 agendi
1296 2241 1423 2306 ratione

94 2331 183 2397 aliae
207 2328 354 2394 malitiae
376 2331 515 2410 possunt
538 2326 704 2404 accedere,
728 2347 759 2392 v.
784 2349 816 2409 g.
841 2328 1006 2410 sacrilegii
1029 2330 1165 2408 malitia,
1190 2329 1218 2394 si
1242 2334 1362 2412 agatur
1384 2330 1424 2395 de

93 2417 339 2486 adulteratione
361 2416 430 2480 vini
454 2416 494 2480 ad
519 2436 612 2479 usum
629 2416 749 2481 Missae
766 2416 931 2494 destinati,
956 2438 1021 2500 qua
1044 2439 1140 2484 sacra
1163 2418 1249 2485 actio
1272 2418 1425 2501 liturgica

92 2511 155 2574 fiat
178 2507 234 2572 vel
256 2505 402 2571 invalida
425 2506 478 2569 vel
502 2504 600 2569 dubia
622 2504 676 2569 vel
700 2504 799 2571 etiam
823 2509 999 2588 utcumque
1023 2509 1171 2589 graviter
1193 2507 1317 2575 illicita.

185 2612 225 2678 R.
251 2614 281 2678 2.
327 2610 445 2693 Neque
475 2609 516 2675 ab
546 2608 709 2676 iniustitia
739 2631 798 2694 pro
829 2631 936 2675 rerum
968 2610 1161 2678 diversitate
1191 2611 1343 2695 graviore
1373 2613 1426 2678 vel

94 2703 221 2768 leviore
252 2700 402 2766 excusari
433 2703 544 2782 potest
575 2699 784 2777 adulteratio,
810 2700 873 2765 etsi
897 2721 960 2764 non
992 2701 1122 2786 proprie
1153 2702 1285 2778 nociva,
1315 2706 1426 2768 tamen

94 2793 167 2857 eius
192 2790 249 2867 rei,
274 2809 358 2872 quae
382 2809 538 2871 expresse
560 2810 643 2871 pura
658 2789 845 2871 postulatur
862 2794 896 2854 et
911 2810 970 2872 pro
985 2811 1068 2873 pura
1084 2811 1239 2875 expresse
1263 2792 1425 2858 venditur.

95 2883 134 2946 In
160 2880 277 2963 quibus
302 2878 431 2943 casibus
455 2898 514 2962 per
537 2898 572 2942 se
597 2881 800 2942 contractum
824 2877 935 2942 licebit
958 2879 1152 2944 rescindere.

188 2986 226 3052 R.
253 2988 283 3051 3.
330 2984 367 3048 lu
400 2983 474 3049 aliis
507 2983 636 3048 casibus
669 3004 722 3048 res
757 2983 826 3048 fere
860 2983 1027 3048 reducitur
1061 2985 1103 3050 ad
1131 2989 1230 3071 pretii
1258 2989 1423 3051 iusi-itiam.

95 3077 259 3142 Iniustum
284 3073 437 3139 videlicet
461 3077 512 3139 est
536 3072 668 3154 exigere
692 3073 743 3137 vel
768 3072 913 3155 recipere
936 3077 1066 3139 tanturn
1096 3095 1156 3157 pro
1179 3096 1215 3139 re
1238 3075 1425 3142 adulterata

96 3170 133 3231 et
157 3164 291 3240 viliore,
324 3162 438 3244 quanti
469 3162 580 3227 valcat
610 3183 663 3226 res
686 3183 779 3244 pura.
826 3161 860 3226 si
890 3161 991 3243 igitur
1013 3163 1152 3245 pretium
1177 3163 1424 3246 proportionata

96 3253 299 3328 diminuitur,
325 3253 382 3316 vix
405 3251 493 3316 aliud
508 3254 624 3327 restat,
649 3271 746 3331 quarn
770 3253 807 3316 ut
822 3249 974 3316 videatur
988 3272 1064 3315 num
1089 3253 1290 3335 emptoribus
1313 3253 1425 3334 gravis

96 3348 230 3410 creetur
261 3340 465 3424 displicentia
489 3340 541 3404 vel
566 3338 768 3404 mendacium
793 3339 862 3404 veri
885 3339 1024 3405 nominis
1054 3341 1286 3409 committatur.
1333 3341 1424 3419 Quod

97 3455 165 3498 non
189 3429 374 3497 necessario
404 3429 516 3503 adest;
547 3450 621 3494 uam
656 3428 816 3493 communi
846 3449 906 3493 usu
930 3429 1128 3494 ordinarium
1152 3430 1198 3495 rei
1223 3452 1341 3496 nomen
1364 3431 1424 3495 im·

96 3520 233 3607 ponitur
256 3519 355 3586 etiam
380 3517 427 3583 rei
452 3539 523 3582 cum
547 3518 653 3584 altera
676 3517 878 3599 aliquantum
903 3518 1036 3585 mixtae.
1068 3518 1275 3604 Quapropter
1297 3520 1325 3584 si
1340 3520 1424 3585 mix·

97 3612 146 3679 tio
171 3632 235 3675 non
260 3614 312 3675 est
335 3606 488 3673 notabilis
511 3627 616 3690 neque
641 3607 798 3689 pretium,
829 3606 927 3671 etiam
958 3607 1072 3674 habita
1094 3608 1223 3674 ratione
1246 3609 1424 3686 mixtionis,

97 3701 190 3766 ultra
213 3718 400 3764 mensuram
424 3697 560 3762 iustam:
586 3696 618 3760 iu
642 3696 731 3760 hisce
748 3695 877 3760 casibus
899 3700 996 3761 extra
1019 3698 1274 3781 suppositionem
1299 3698 1331 3764 in
1347 3699 1386 3765 R.
1406 3703 1422 3763 1

97 3794 133 3856 et
158 3789 197 3855 R.
223 3790 243 3852 2
267 3787 391 3853 factum
415 3806 468 3850 res
492 3784 619 3850 facilius
642 3784 823 3851 transmitti
845 3788 965 3868 potest.

191 3876 238 3942 Cf.
265 3877 296 3942 S.
321 3874 514 3941 Antonin.
547 3896 577 3957 p.
603 3876 639 3951 2,
668 3874 719 3939 tit.
746 3877 774 3950 1,
800 3896 826 3938 c.
855 3876 905 3950 17,
930 3872 948 3955 ἓ
972 3877 1009 3949 4,
1040 3874 1072 3941 S.
1097 3876 1214 3961 Alph.
1245 3877 1310 3955 ΙΙΙ,
1343 3879 1423 3953 82ος

98 3966 257 4034 Noldin
281 3965 323 4042 ΙΙ,
348 3986 378 4030 n.
405 3966 486 4038 579;
516 3964 571 4028 Tb.
596 3985 635 4027 m.
661 3963 686 4038 Ι,
713 3966 807 4029 1112.

192 4072 232 4137 R.
258 4074 289 4137 4.
335 4070 423 4150 Lege
454 4067 582 4149 quidem
613 4067 756 4150 positiva
786 4067 1043 4134 adulteratioues
1072 4069 1104 4133 in
1136 4071 1233 4135 rebus
1264 4071 1424 4137 cotidiano

99 4161 176 4228 usui
201 4160 344 4226 omnium
370 4157 543 4222 destinatis
573 4157 747 4237 aliquando
778 4156 926 4221 severius
956 4157 1169 4240 prohibentur
1199 4164 1298 4241 atque
1320 4179 1426 4242 poena

98 4249 198 4334 gravi
228 4249 416 4334 puniuntur.
471 4245 561 4322 Quod
591 4249 703 4310 tamen
733 4266 796 4309 nou
826 4245 978 4328 impedit,
1009 4247 1085 4328 quin
1116 4269 1175 4330 pro
1207 4247 1425 4314 conscientiae

100 4342 174 4406 foro
198 4339 335 4421 regulae
358 4336 454 4401 modo
485 4336 583 4399 datae
606 4334 752 4398 adhiberi
775 4334 919 4417 possint,
951 4339 1126 4416 autequam
1152 4337 1309 4402 eiusmodi
1333 4336 1425 4401 adul-

98 4427 233 4498 terandi
256 4449 311 4493 ars
335 4425 506 4490 adfurum
531 4428 702 4489 externum
726 4423 915 4488 deducatur.

192 4543 246 4608 An
262 4560 454 4618 uunasrruu
471 4541 510 4603 2¹¹²
526 4539 564 4603 R.
584 4540 612 4602 1.
645 4537 735 4613 Quod
759 4536 799 4600 ad
824 4537 876 4602 lac
891 4537 1021 4614 attinet,
1045 4538 1078 4602 id
1095 4541 1311 4606 communiter
1327 4539 1485 4610 babeta‘fl

99 4633 246 4718 pretium
269 4631 302 4695 iu
327 4630 398 4694 foro
430 4632 547 4692 fixum:
579 4626 664 4707 quod
695 4646 774 4689 sane
804 4626 964 4690 statuitur
994 4647 1052 4708 pro
1083 4628 1171 4694 lacte
1203 4651 1293 4715 puro.
1340 4628 1427 4706 Qua·
