3106 5168
173 857 252 940 DE
283 857 656 942 MORALITATE
686 854 928 941 AOTUUM
961 857 1342 943 HUMANORUM.

391 1068 532 1136 ACTUS
556 1068 735 1135 HUMANI
759 1067 1124 1136 INDIFFERENTES.

662 1217 773 1284 Casus.
801 1225 859 1295 (13)

184 1339 279 1399 Iulius
301 1340 450 1400 studiosus
472 1341 585 1399 audivit
605 1360 665 1400 non
681 1341 744 1400 dari
763 1346 850 1400 actus
871 1341 1073 1400 indifferentes
1094 1341 1123 1400 in
1139 1341 1298 1412 individuo,
1321 1360 1423 1401 omnes

92 1439 161 1479 csse
184 1426 237 1479 aut
257 1422 360 1490 bonos,
383 1421 408 1479 si
429 1420 459 1479 in
474 1421 571 1479 Deum
592 1426 625 1480 ut
639 1421 772 1480 ultimum
786 1422 874 1480 finem
888 1421 1020 1491 tendant,
1043 1425 1094 1480 ant
1109 1421 1212 1492 malos,
1237 1421 1334 1479 sibae
1349 1422 1422 1480 rela-

92 1500 175 1560 tione
198 1505 336 1572 careant3
357 1520 451 1576 nequo
466 1501 633 1577 opinionem
648 1500 826 1560 contrariam
847 1501 1003 1578 quidquam
1024 1501 1136 1573 iuvare,
1158 1507 1191 1559 ut
1212 1501 1277 1577 quis
1298 1521 1336 1560 ex
1357 1520 1422 1560 con·

92 1580 222 1640 scientia
244 1600 299 1640 sua
319 1580 483 1640 subiective
504 1580 707 1640 indifferenter
728 1601 817 1656 agero
838 1581 940 1657 possit.
976 1582 1073 1653 Quare
1095 1582 1131 1640 de
1151 1581 1312 1641 innumeris
1333 1581 1422 1640 actio

93 1661 181 1720 nibus
204 1666 234 1720 et
255 1661 464 1720 omissionibus
484 1666 634 1738 tamquam
657 1662 692 1719 de
714 1661 845 1738 peccatis
867 1662 1003 1737 angitur,
1030 1661 1107 1738 quod
1131 1661 1246 1720 scilicet
1266 1661 1303 1719 ad
1324 1661 1423 1736 ignem

94 1739 274 1812 accesserit,
295 1743 344 1800 vel
365 1740 551 1816 refrigerium
572 1742 749 1817 quaesierit,
772 1761 838 1799 cum
858 1743 1012 1818 voluptate
1033 1742 1141 1812 ederit,
1167 1762 1219 1818 pro
1239 1741 1423 1801 recreatione

94 1821 291 1880 ambulaverit
312 1825 343 1880 et
362 1822 475 1891 luserit,
498 1821 613 1880 divinas
635 1821 847 1899 inspirationes
862 1821 899 1880 ad
914 1822 1091 1898 perfectiora
1110 1822 1285 1896 neglexerit,
1308 1821 1422 1898 dispen-

95 1901 212 1960 satione
227 1901 474 1976 quadragesimali
496 1921 567 1960 usus
586 1903 633 1972 sit,
657 1922 722 1960 cum
743 1904 818 1961 bene
840 1902 968 1978 potuerit
989 1922 1024 1960 ea
1044 1921 1103 1960 non
1125 1904 1176 1972 uti,
1199 1902 1275 1978 quod
1296 1902 1424 1960 noluerit

95 1981 198 2040 diebus
225 1981 343 2040 feriatis
369 2001 456 2041 sacro
477 1981 622 2041 interesse
646 2001 741 2059 neque
763 1983 865 2041 diebus
890 1982 977 2041 festis
1004 1982 1131 2056 longiori
1152 1982 1296 2041 sermoni:
1326 1983 1424 2041 omnio

95 2062 172 2121 enim
193 2062 270 2120 baec
290 2080 349 2120 non
371 2062 513 2121 eiusmodi
534 2081 610 2135 esse,
632 2068 666 2121 ut
685 2063 716 2121 in
738 2063 878 2122 honorem
899 2062 954 2120 Dei
975 2062 1107 2122 tendant.

96 2165 273 2237 Quanarrua
296 2171 324 2225 1⁰
349 2166 447 2226 sintne
468 2172 554 2226 actus
575 2167 605 2226 in
627 2167 778 2227 individuo
799 2168 1011 2227 indifferentes.

294 2258 324 2314 2⁰
348 2255 504 2333 possintne
521 2255 625 2315 saltem
647 2263 769 2333 propter
788 2256 983 2316 subiectivam
1002 2257 1226 2332 persuasionem
1245 2256 1289 2316 ita
1308 2276 1383 2316 esse.

294 2346 324 2403 3ο
349 2345 418 2420 quid
439 2345 475 2403 de
495 2344 564 2403 Iulii
585 2344 745 2420 angoribus
767 2346 929 2404 dicendum.

693 2500 829 2567 Solotio.

184 2624 517 2702 aequimanum
550 2626 588 2692 R.
642 2625 797 2702 Quaestio
830 2625 911 2690 haec
943 2624 1099 2707 restringi
1132 2624 1230 2692 debet
1262 2625 1302 2690 ad
1336 2626 1467 2691 solostt

97 2719 190 2781 actus
213 2735 292 2780 vere
314 2715 474 2780 humanos
505 2736 562 2780 seu
586 2715 801 2792 deliberatos;
833 2736 908 2780 nam
933 2719 1026 2780 actus
1050 2713 1188 2779 hominis
1212 2719 1340 2781 tantum
1365 2737 1423 2780 seu

97 2802 345 2881 indeliberatoS,
377 2803 440 2870 etsi
470 2825 510 2870 ex
541 2803 650 2887 specie
674 2824 734 2868 sua
757 2803 834 2868 mali
857 2803 940 2879 sint,
971 2804 1004 2867 in
1034 2803 1199 2869 individuo
1223 2804 1327 2869 malos
1351 2825 1423 2869 esse

98 2892 245 2958 desinere
268 2893 401 2958 evidens
426 2897 493 2970 est,
525 2893 600 2974 quia
632 2892 674 2958 ad
701 2893 916 2959 subiectivam
940 2892 1162 2958 moralitatem
1186 2894 1239 2957 vel
1263 2893 1422 2958 malitiam

99 2981 282 3047 necessario
306 2981 483 3064 requiritur
505 2982 659 3047 voluntas
683 2982 873 3048 deliberata.

183 3071 391 3137 Deliberatos
415 3075 510 3136 actus
533 3071 712 3136 subiective
736 3092 912 3153 numquam
937 3091 1009 3135 esse
1039 3070 1086 3136 ita
1115 3069 1354 3147 indifferentes,
1385 3075 1422 3136 ut

97 3180 153 3225 nec
177 3159 251 3224 boni
276 3181 335 3225 uec
359 3160 437 3225 mali
461 3160 542 3235 sint,
574 3164 607 3225 et
631 3160 812 3225 auctoritas
842 3164 876 3225 et
899 3159 983 3225 ratio
1007 3160 1133 3224 suadet.
1181 3159 1315 3240 Negant
1338 3161 1423 3225 hanc

98 3254 227 3315 actuum
251 3247 464 3314 bumanorum
492 3249 744 3313 indifferentiam
769 3250 800 3316 S.
826 3249 1002 3314 Thomas
1024 3247 1169 3330 Aquin.
1194 3248 1241 3327 (S.
1267 3250 1308 3315 rt.
1337 3251 1365 3326 1,
1390 3251 1420 3327 2,

97 3358 124 3418 q.
141 3339 192 3414 18,
211 3358 240 3404 a.
259 3338 293 3421 9)
317 3360 389 3403 cum
413 3342 486 3403 tota
509 3339 577 3403 eius
601 3339 722 3415 schola,
749 3339 949 3403 recentiores
966 3359 1062 3419 quam
1087 3337 1216 3421 plurimi
1240 3336 1286 3419 (S.
1304 3338 1420 3421 Alph.

97 3425 134 3504 Π,
160 3428 228 3508 44),
254 3426 316 3493 etsi
339 3427 525 3509 gravissimi
543 3431 694 3493 auctores
718 3426 918 3492 contrarium
942 3430 1087 3504 teneant,
1112 3429 1149 3491 ut
1173 3427 1324 3493 Scotus
1348 3449 1421 3492 cum

97 3515 178 3593 suis,
211 3515 347 3593 Elbel,
373 3515 563 3598 Vasquez
593 3520 655 3582 etc.
703 3516 817 3593 Rati0,
847 3537 904 3581 cur
929 3516 1081 3598 neganda
1110 3516 1170 3592 sit,
1202 3515 1348 3582 breviter
1371 3519 1423 3581 est

96 3603 191 3671 haec:
216 3606 321 3671 Actus
339 3604 537 3670 deliberatus
554 3626 595 3670 ex
611 3604 744 3671 notione
760 3627 820 3671 sua
835 3607 873 3672 fit
889 3626 962 3670 cum
979 3605 1165 3686 cognitione
1181 3606 1264 3671 finis.
1298 3604 1422 3670 Verum

96 3693 167 3759 finis
190 3694 247 3758 ille
271 3693 325 3775 qui
348 3693 545 3772 intenditur,
577 3699 635 3761 aut
664 3694 784 3759 rationi
808 3695 959 3777 congruit
982 3697 1081 3776 atque
1106 3694 1186 3760 adeo
1211 3715 1284 3759 cum
1307 3694 1421 3759 ultimo

96 3784 158 3848 fine
182 3782 236 3865 qui
254 3784 343 3848 Deus
366 3787 418 3848 est
441 3784 655 3861 connectitur,
681 3787 739 3848 aut
762 3783 914 3848 rationali
938 3788 1076 3849 naturae
1100 3804 1163 3847 non
1188 3783 1348 3865 congruit.
1385 3784 1421 3847 In

96 3873 202 3955 priore
233 3893 310 3937 casu
340 3872 509 3939 moraliter
539 3873 643 3938 bonus
674 3878 725 3939 est
754 3871 808 3953 (ea
832 3872 916 3938 enim
941 3876 993 3938 est
1021 3871 1179 3939 bonitatis
1206 3872 1339 3936 moralis
1364 3872 1421 3937 de·

96 3961 208 4039 finitio,
233 3965 271 4026 ut
294 3962 468 4027 conveniet
491 3983 564 4027 cum
588 3966 707 4027 natura
730 3961 884 4026 rationali
908 3981 972 4043 qua
995 3961 1055 4027 tali
1079 3965 1113 4027 et
1136 3961 1177 4026 ad
1197 3962 1300 4026 Deum
1324 3962 1420 4026 redu-

95 4051 212 4133 catur),
237 4050 269 4114 in
294 4051 476 4134 posteriore
500 4071 578 4116 casu
601 4051 771 4118 moraliter
793 4050 909 4116 malus.
960 4051 1016 4115 Tb.
1041 4073 1082 4115 m.
1107 4049 1131 4127 I,
1157 4052 1198 4114 38
1216 4071 1263 4132 sq.

183 4167 236 4228 An
267 4183 457 4239 Quassrruu
488 4167 528 4228 2¹¹¹
557 4165 596 4229 R.
644 4163 846 4246 Quamquam
876 4167 954 4230 sunt
984 4163 1038 4246 qui
1070 4184 1128 4246 per
1151 4184 1186 4228 se
1215 4164 1344 4246 quidem
1370 4165 1419 4228 in·
1430 4175 1464 4227 45

96 4251 312 4317 differentiam
345 4256 477 4318 actuum
509 4253 724 4318 humanorum
756 4258 897 4334 negent,
931 4274 990 4337 per
1013 4252 1164 4318 accidens
1187 4257 1314 4330 autem,
1345 4252 1364 4316 i.
1391 4274 1418 4318 e.

94 4344 229 4426 propter
253 4341 485 4407 conscientiam
516 4342 692 4408 secundum
724 4341 820 4408 aliam
852 4342 1036 4427 opinionem
1064 4341 1239 4407 formatam
1265 4362 1337 4406 eam
1361 4361 1418 4404 ex·

94 4430 210 4496 sistere
235 4450 331 4514 posse
354 4429 537 4508 fateantur,
567 4431 621 4496 alii
645 4436 773 4509 tamen,
804 4431 901 4514 idque
925 4431 1060 4508 restire,
1093 4430 1125 4495 id
1149 4430 1255 4513 ipsum
1279 4432 1417 4511 negant:

95 4542 167 4586 nam
184 4520 272 4586 actio
289 4518 408 4601 aliqua,
434 4541 472 4585 ec
489 4520 558 4604 ipso
575 4522 659 4603 quod
677 4526 895 4604 cognoscatur
918 4526 955 4586 ut
971 4518 1250 4585 non-conveniens
1264 4517 1417 4583 rationali
