3106 5168
167 286 233 349 342
308 281 350 336 De
367 282 516 337 virtutihus
534 285 563 338 et
580 283 677 338 officiis
696 301 761 353 erga
779 283 909 337 homines.
930 311 963 320 -
983 281 1034 336 Off.
1053 282 1126 337 circa
1145 282 1214 337 bona
1231 285 1355 337 externa.

166 462 202 526 et
225 458 483 526 damnificandae
507 460 643 538 alienae,
668 461 763 526 simul
786 460 959 537 concurrit,
985 459 1070 526 actio
1086 480 1150 525 non
1175 460 1325 543 arguitur
1347 481 1421 527 esse
1443 459 1493 525 in·

167 547 256 613 iusta
279 569 322 612 ex
344 549 525 632 posteriore
547 549 604 615 illa
627 570 732 633 prava
755 549 946 615 intentione.

257 645 295 711 11.
321 647 351 711 3,
397 645 540 712 Intentio
563 646 722 712 inferendi
753 646 863 712 damni
886 645 985 712 etiam
1016 646 1081 711 alio
1111 646 1206 712 modo
1239 646 1402 712 interdum
1428 666 1492 711 non

167 733 298 816 quidem
321 734 451 799 efficere
473 738 593 819 potest,
618 740 655 801 ut
679 735 766 802 actio
789 735 900 817 aliqua
922 735 966 801 sit
988 757 1086 801 conec
1103 735 1221 811 damni,
1246 740 1357 801 tamen
1382 739 1493 802 osten·

168 822 245 888 dere
274 843 347 888 eam
378 843 451 888 esse
473 824 507 889 in
531 824 620 889 hisce
642 824 897 891 circumstantiis
920 844 977 889 seu
1001 827 1136 907 propter
1157 824 1313 907 specialia
1337 823 1494 890 adiuncta

167 911 248 988 eius,
272 911 327 993 qui
351 912 504 978 damnum
528 913 670 997 patitur.
703 913 798 978 huius
829 912 938 978 damni
968 933 1180 990 concausam,
1215 933 1287 978 cum
1311 913 1396 978 alias
1419 933 1492 978 esse

167 999 272 1083 possit
295 1000 366 1066 sola
389 1001 517 1067 occasio
541 1001 595 1067 vel
618 1023 778 1067 summum
802 1023 902 1067 causa
923 1021 982 1084 per
997 1002 1160 1080 accidens,
1184 1022 1267 1085 quae
1283 1023 1357 1067 cum
1373 1002 1492 1067 damno

167 1088 319 1172 coniungi
341 1089 446 1173 possit
469 1091 527 1156 sed
550 1112 613 1156 non
638 1091 753 1158 soleat.

257 1186 295 1252 R.
321 1192 352 1252 4.
398 1187 542 1255 Intentio
566 1187 742 1270 aliquando
765 1187 888 1253 directe
908 1188 1040 1252 efficere
1063 1191 1182 1271 potest,
1208 1192 1244 1254 ut
1267 1188 1382 1253 eadem
1406 1187 1493 1254 actio

168 1275 384 1341 materialiter
407 1281 558 1360 spectata
581 1277 676 1342 modo
700 1276 744 1342 sit
766 1276 904 1354 iniusta,
935 1276 1031 1342 modo
1062 1296 1126 1341 non
1149 1276 1279 1342 iniusta.
1326 1277 1380 1342 Sic
1404 1299 1435 1344 ν.
1460 1298 1491 1359 g.

167 1363 223 1446 qui
246 1364 356 1432 aufert
379 1386 447 1430 rem
463 1365 603 1431 alienam
620 1386 659 1430 ea
674 1365 866 1450 intentione,
891 1367 928 1430 ut
950 1385 1022 1429 eam
1046 1369 1214 1446 tamquam
1237 1386 1329 1430 suam
1346 1372 1492 1450 usurpet,

168 1453 290 1519 iniuste
313 1453 384 1537 agit
406 1453 563 1529 furando;
588 1456 641 1537 qui
666 1475 738 1520 eam
763 1453 888 1532 aufert,
922 1457 959 1519 ut
982 1474 1054 1519 eam
1078 1453 1206 1518 domino
1229 1454 1345 1519 melius
1369 1459 1490 1531 servet,

168 1561 234 1606 non
256 1542 328 1624 agit
349 1542 486 1620 iniuste;
517 1563 622 1625 neque
644 1543 763 1609 iniuste
787 1542 873 1624 agit,
907 1542 962 1625 qui
985 1541 1095 1608 aufert
1118 1563 1189 1608 eam
1214 1563 1256 1607 ex
1279 1547 1492 1627 praesumpta

167 1630 288 1696 domini
311 1630 453 1709 licentia,
478 1635 515 1698 ut
538 1652 578 1697 ea
600 1653 659 1715 pro
683 1633 889 1698 commodata
911 1635 1034 1697 utatur.

256 1727 295 1794 R.
321 1731 351 1794 5.
397 1729 500 1807 Alias,
524 1729 551 1795 si
575 1728 662 1795 actio
685 1734 825 1795 externa
846 1730 1028 1811 formaliter
1051 1749 1115 1793 non
1130 1732 1278 1794 mutatur
1300 1749 1359 1812 per
1382 1728 1490 1795 inten-

167 1815 299 1894 tionem,
324 1819 395 1884 sola
417 1818 555 1883 intentio
580 1817 689 1884 damni
705 1818 802 1883 alieni
826 1838 890 1883 non
913 1817 1003 1896 facit,
1028 1822 1065 1884 ut
1086 1818 1172 1883 actio
1188 1817 1385 1894 voluntaria,
1411 1818 1491 1883 alio·

168 1905 244 1988 quin
268 1928 333 1971 non
356 1906 488 1984 iniusta,
512 1909 572 1973 fiat
594 1907 725 1973 iniusta.

105 2019 158 2073 675
257 2012 309 2077 An
332 2033 523 2088 ouansmun
546 2015 584 2076 2²²
609 2013 647 2078 11.
674 2016 702 2078 1.
749 2012 867 2078 Petrus
890 2032 926 2076 re
948 2032 1029 2076 vera
1052 2011 1175 2078 furtum
1201 2011 1363 2078 commisit
1387 2033 1491 2095 neque

166 2121 308 2183 unquam
333 2102 416 2166 hanc
439 2101 569 2166 furandi
593 2106 734 2166 mentem
759 2100 919 2185 deposuit.
966 2101 1062 2165 Actio
1092 2103 1203 2166 autem
1227 2100 1351 2166 furtiva
1374 2105 1427 2167 est
1450 2122 1492 2166 ex

166 2210 239 2255 sese
262 2190 435 2268 damnosa,
469 2194 503 2255 et
535 2190 588 2255 fur
620 2191 660 2256 de
693 2190 780 2255 omni
813 2189 931 2256 damno
964 2189 1049 2271 quod
1073 2189 1182 2271 aliquo
1205 2189 1301 2254 modo
1325 2190 1491 2273 provideri

166 2283 299 2362 poterat
321 2279 450 2344 domino
474 2284 615 2345 tenetur.
662 2278 769 2357 Quare
793 2277 924 2344 dubium
949 2299 1014 2343 non
1037 2282 1098 2356 est,
1123 2278 1199 2359 quin
1216 2282 1370 2344 teneatur
1387 2280 1490 2345 amico

166 2367 369 2450 horologium
400 2367 511 2433 eiusve
534 2368 680 2434 valorem
703 2367 894 2444 restituere,
925 2367 987 2432 etsi
1020 2367 1081 2432 sibi
1104 2388 1189 2433 novo
1212 2367 1301 2433 furto
1325 2368 1490 2433 sublatum

167 2456 226 2531 sit3
258 2478 334 2522 nam
358 2457 486 2522 actione
510 2478 570 2523 sua
593 2457 718 2523 furtiva
740 2477 823 2521 onus
845 2454 1064 2523 restitutionis
1086 2455 1120 2521 in
1143 2477 1179 2521 se
1201 2455 1363 2539 suscepit,
1398 2457 1491 2539 qnid·

167 2545 244 2628 quid
267 2549 383 2628 postea
400 2546 564 2612 evenerit.

255 2643 294 2707 R.
319 2645 349 2708 2.
396 2643 518 2708 Paulus
540 2663 605 2708 non
628 2641 743 2708 habuit
767 2642 909 2707 animum
933 2642 1073 2708 furandi.
1104 2642 1142 2707 In
1166 2663 1202 2707 se
1225 2641 1355 2725 quidem
1376 2647 1492 2709 contra

167 2731 370 2797 voluntatem
395 2731 515 2796 domini
538 2752 607 2796 rem
630 2731 770 2796 alienam
801 2730 979 2814 assumpsit
1004 2768 1043 2776 —
1068 2731 1152 2813 quod
1184 2735 1235 2797 est
1258 2735 1374 2797 contra
1398 2732 1491 2798 iusti·

166 2819 257 2886 tiam.
296 2820 419 2885 Verum
443 2820 506 2886 ioci
529 2842 628 2886 causa
651 2820 699 2886 ita
722 2840 822 2902 agere
846 2840 917 2884 cum
941 2819 1123 2886 intentione
1147 2841 1223 2884 mox
1246 2820 1403 2885 reddendi
1428 2841 1490 2886 non

168 2913 219 2974 est
241 2910 338 2992 pleno
362 2930 459 2974 sensu
482 2930 540 2975 seu
563 2909 709 2992 perfecte
732 2909 888 2974 iniustum
913 2930 1017 2990 neque
1041 2912 1194 2974 censetur
1221 2909 1306 2975 actio
1324 2910 1489 2975 damnoso.

167 2998 274 3076 Quare
299 2998 418 3064 Paulus
443 3020 506 3063 non
531 3002 663 3065 tenetur
686 2997 870 3075 restituere,
902 2997 929 3061 si
952 2998 1089 3063 fortuito
1113 2998 1190 3062 illae
1214 3018 1266 3061 res
1289 2997 1350 3061 sibi
1376 3019 1396 3064 a
1419 2999 1491 3063 fure

168 3088 377 3153 auferantur:
411 3088 523 3153 debuit
546 3092 656 3152 tamen
687 3108 740 3151 res
763 3087 887 3151 alienas
911 3086 958 3151 ita
989 3091 1085 3152 caute
1109 3085 1289 3163 custodire,
1323 3087 1410 3152 sicut
1434 3088 1491 3152 ho-

167 3176 270 3241 mines
304 3177 519 3242 communiter
550 3197 602 3241 res
641 3197 718 3241 suas
751 3175 956 3251 custodiunt;
982 3197 1091 3260 *secus
1124 3175 1164 3239 de
1194 3175 1312 3240 damno
1348 3179 1489 3241 tenetur.

167 3266 260 3331 Alias
290 3271 399 3331 autem
430 3286 534 3348 neque
557 3265 627 3331 eius
650 3264 805 3340 intenti0,
840 3286 904 3346 qua
927 3264 1069 3331 voluerit
1091 3285 1154 3329 non
1180 3265 1284 3329 amico
1308 3264 1367 3328 sed
1392 3265 1490 3330 Petro

167 3355 267 3419 libros
290 3355 431 3429 tradere,
456 3376 524 3419 rem
548 3358 655 3419 mutat
671 3375 729 3437 pro
746 3353 858 3428 Paulo,
883 3353 1042 3434 siquidem
1065 3352 1223 3419 furtivum
1240 3353 1328 3419 Petri
1346 3355 1489 3419 animum

167 3444 334 3525 ignoravit
366 3449 464 3525 atque
497 3443 606 3508 omnia
637 3443 765 3507 iocandi
797 3463 897 3507 causa
928 3441 1066 3525 peregit.
1113 3441 1233 3518 Quodsi
1256 3442 1356 3507 Petro
1390 3443 1490 3508 lihros

167 3532 374 3609 tradidisset,
406 3539 505 3614 atque
528 3532 582 3597 ille
606 3553 662 3597 eos
685 3531 793 3597 animo
817 3531 939 3597 furtivo
964 3531 1161 3615 accepisset,
1195 3531 1298 3596 abeo
1323 3538 1489 3598 momento

167 3620 285 3686 Petrus
309 3620 438 3685 omnino
462 3643 520 3704 pro
544 3621 636 3685 libris
660 3641 778 3686 cavere
802 3620 977 3685 debuisset.

104 3747 158 3801 ote
257 3736 309 3799 An
339 3756 529 3811 9911911911
554 3737 593 3800 3¹·
623 3735 662 3801 R.
690 3738 718 3800 1.
765 3735 867 3799 Plane
899 3755 952 3797 res
986 3737 1114 3799 mutata
1147 3740 1244 3800 esset.
1291 3733 1378 3798 Nam
1413 3735 1440 3800 si
1473 3756 1491 3799 a

167 3823 265 3889 Petro
290 3824 487 3907 accepisset,
519 3824 552 3888 in
576 3845 615 3889 eo
639 3844 716 3888 casu
741 3824 861 3888 Paulus
885 3822 1075 3888 retinuisset
1099 3823 1198 3887 libros
1230 3822 1360 3887 nomine
1384 3823 1489 3892 Petri:

167 3913 187 3979 i.
213 3934 240 3979 e.
274 3913 462 3979 retinuisset
493 3913 592 3978 lihros
623 3914 775 3996 frcrtioos,
809 3911 871 3977 etsi
904 3912 974 3994 ipse
1008 3913 1093 3976 bona
1125 3912 1189 3976 fide
1221 3933 1276 3976 eos
1307 3913 1489 3978 retinuerit.

167 4002 373 4085 Quapropter
396 4003 428 4065 in
453 4023 490 4067 ec
515 4023 591 4066 casu
617 4024 679 4066 nou
697 4002 818 4066 Paulus
839 4001 978 4083 quidem,
1003 4001 1061 4064 sed
1079 4001 1195 4066 Petrus
1219 4000 1319 4066 etiam
1336 4002 1490 4067 librorum

167 4091 312 4157 valorem
336 4092 439 4156 amico
464 4092 592 4155 omnino
617 4090 791 4156 restituere
815 4090 957 4154 deberet.

258 4189 296 4255 R.
322 4192 351 4255 2.
399 4189 431 4255 Si
455 4211 533 4253 vero
558 4189 692 4263 Petrus,
725 4210 797 4252 cum
822 4209 842 4252 a
868 4187 969 4251 Paulo
1001 4187 1313 4270 deprehenderetur,
1348 4188 1490 4252 animum

168 4283 346 4356 mutasset,
378 4282 477 4360 atque
501 4300 537 4342 re
561 4299 640 4342 vera
664 4298 727 4340 non
752 4277 816 4340 iam
849 4277 988 4341 furando
1012 4277 1069 4340 sed
1093 4276 1153 4340 ioci
1186 4297 1284 4341 causa
1308 4298 1347 4342 ea
1372 4285 1489 4352 mente,

168 4371 205 4432 ut
228 4368 325 4450 paulo
349 4372 424 4451 pest
447 4388 500 4431 res
524 4367 627 4431 amico
652 4365 821 4441 redderet,
853 4387 908 4431 eas
933 4387 1041 4430 secum
1066 4366 1213 4442 tulisset,
1244 4386 1350 4446 neque
1375 4367 1490 4432 Petrus

169 4456 210 4519 ad
235 4456 410 4537 quidquam
433 4461 618 4527 teneretur:
644 4455 700 4519 sed
725 4454 847 4519 amicus
864 4456 1016 4520 damnum
1041 4459 1209 4534 tamquam
1225 4455 1400 4520 fortuitum
1423 4455 1489 4540 pati

171 4545 319 4611 deberet:
345 4545 406 4610 nisi
430 4545 526 4621 forte,
551 4545 651 4609 read
676 4544 813 4608 iudicem
838 4545 957 4620 delata,
982 4543 1124 4626 positiva
1148 4544 1312 4608 sententia
1336 4566 1419 4610 onus
1441 4565 1489 4609 re·

170 4632 350 4699 st'tutionis
373 4634 528 4717 imposita
552 4638 648 4699 esset.
696 4632 787 4709 Quod
812 4655 876 4697 non
901 4637 952 4697 est
974 4633 1139 4698 iniustum.
