3106 5168
152 291 298 347 censurae.
314 321 344 330 -
358 291 536 346 Exeommun.
549 290 655 346 absara
667 307 769 362 poenae
781 290 809 344 in
822 293 1023 345 mercimoniam
1035 309 1096 344 cum
1107 295 1178 346 miae.
1191 294 1303 361 ειίριηά.
1352 295 1416 359 539

93 466 166 545 via,
190 486 361 532 censuram
383 486 448 531 non
471 464 608 541 incurri,
635 464 777 530 maxime
800 486 874 531 cum
896 466 1053 531 reducere
1076 486 1135 549 per
1158 467 1295 532 eandem
1317 467 1416 546 viam,

93 555 255 637 qusquis
279 554 421 632 venerit,
453 554 576 620 nullam
606 554 727 621 habeat
748 554 976 638 apparentiam
999 574 1073 619 curn
1096 554 1267 622 retinendi.
1313 556 1416 622 lmmo

93 644 123 709 si
146 644 235 728 prior
258 644 413 709 feminam
438 664 501 731 non
525 642 701 709 comitatus
723 648 827 721 esset,
858 644 916 709 sed
940 664 1011 708 eam
1036 643 1237 710 selummodo
1266 644 1417 713 iussisset

94 733 201 812 exne,
233 733 295 799 etsi
319 733 431 798 eadem
456 732 527 810 via,
558 753 623 815 qua
645 732 806 811 venisset,
837 732 870 797 in
900 732 988 797 nullo
1012 752 1090 798 casu
1120 752 1221 800 causa
1249 738 1338 800 esset
1367 735 1417 799 in·

93 822 275 888 currendae
299 841 465 899 censurae,
490 820 553 887 etsi
576 821 631 886 via
653 820 750 903 longe
773 821 923 888 breviore
947 820 1037 887 exire
1060 820 1231 904 potuisset.

184 909 219 992 3)
248 911 350 976 Paulo
380 910 477 975 aliter
506 909 712 976 iudicandum
742 914 793 976 eet
818 911 858 976 de
887 931 943 989 eo,
975 909 1029 993 qui
1058 909 1126 976 alia
1154 909 1226 989 via,
1257 932 1322 994 qua
1344 910 1417 993 quis

94 1004 251 1077 venerat,
284 1020 358 1064 eum
390 998 525 1065 reducit.
572 999 609 1063 ld
640 998 726 1064 enim
758 999 820 1064 hac
851 1000 922 1065 sola
953 998 1080 1064 ratione
1113 999 1263 1065 excusari
1295 1004 1415 1083 potest,

94 1089 182 1171 quod
211 1088 378 1171 ingressus
402 1087 498 1153 citius
527 1108 584 1152 seu
614 1088 765 1154 breviore
788 1087 842 1154 via
865 1087 956 1153 exire
985 1087 1144 1154 iubeatur.
1191 1088 1329 1154 Namsi
1358 1110 1417 1174 per

92 1177 168 1243 loca
190 1177 375 1255 deducitur,
405 1177 439 1241 in
463 1176 578 1259 quibus
601 1176 745 1242 visendis
774 1198 861 1243 nova
890 1181 925 1243 et
954 1175 1104 1261 specialis
1134 1176 1219 1244 ratio
1247 1178 1417 1244 clausurae

93 1267 223 1344 obstat,
254 1266 286 1330 in
316 1266 377 1331 hac
406 1265 479 1348 ipsa
502 1266 694 1331 deductione
723 1286 782 1349 per
804 1287 892 1332 nova
913 1267 986 1331 loca
1012 1265 1152 1331 habetur
1174 1267 1334 1350 quaedam
1358 1267 1416 1333 ad-

93 1354 223 1432 missio;
248 1355 434 1421 admittitur
457 1354 541 1420 enirn
558 1375 676 1420 revera
691 1355 733 1420 ad
752 1355 833 1421 haec
857 1377 938 1421 noea
960 1354 1042 1433 loca,
1066 1375 1137 1419 curn
1161 1354 1200 1433 is,
1225 1355 1279 1437 qui
1303 1356 1417 1421 eadem

94 1464 161 1526 qua
184 1448 320 1509 venerat
343 1443 398 1508 via
421 1442 604 1526 egreditur,
628 1443 670 1509 ad
694 1464 781 1509 nova
802 1443 876 1510 loca
899 1464 963 1509 non
987 1443 1190 1510 admittatur.
1237 1443 1347 1526 Atque
1370 1444 1417 1510 ita

94 1554 133 1598 re
158 1553 236 1599 vera
267 1533 351 1599 alter
373 1533 429 1597 ille
451 1531 624 1614 religiosus
648 1532 778 1598 videtur
800 1533 879 1598 mihi
902 1533 1000 1616 plane
1022 1533 1129 1615 legem
1152 1533 1323 1598 clausurae
1347 1533 1417 1599 vio-

93 1622 183 1687 lasse
213 1627 263 1700 et,
293 1643 330 1687 re
360 1621 520 1688 obiective
548 1621 770 1699 considerata,
802 1621 1170 1688 excommunicationem
1194 1622 1345 1705 papalem
1368 1620 1418 1686 in-

94 1710 245 1777 currisse.
292 1710 411 1777 Utrum
442 1711 607 1776 subiectior
635 1710 838 1793 peccaverit,
869 1731 911 1775 an
941 1715 1076 1794 propter
1105 1710 1323 1778 conscientiae
1351 1710 1418 1777 dic-

95 1804 209 1865 tamen
239 1821 259 1865 a
289 1803 424 1883 peccato
455 1803 489 1865 et
519 1804 756 1881 consequenter
778 1820 799 1866 a
822 1819 960 1865 censura
989 1798 1140 1864 immunis
1170 1799 1345 1879 manserit,
1377 1799 1418 1865 ab

95 1888 168 1972 ipso
192 1889 409 1954 examinando
433 1888 516 1954 sumi
540 1888 646 1954 debet.

301 2103 572 2170 MEROATURA
596 2102 687 2169 0οΜ
710 2101 954 2169 STIPENDIIS
977 2102 1213 2170 MISSARUM.

653 2251 763 2318 Casus.
790 2258 866 2328 (317)

184 2393 353 2468 Ieigardus‚
384 2393 531 2469 parochus
552 2410 678 2467 magnae
698 2391 796 2462 urbis,
825 2391 925 2451 oblata
946 2389 1052 2467 recipit
1076 2392 1169 2451 multa
1189 2393 1346 2452 missarum
1368 2392 1418 2451 sti·

94 2473 219 2551 pendia,
247 2492 320 2549 quas
341 2473 405 2549 ipse
426 2472 528 2548 nequit
554 2473 724 2550 persolvere
745 2472 869 2547 aliisque
891 2472 1074 2530 committere
1095 2472 1189 2532 debet.
1229 2473 1278 2532 Ita
1299 2473 1419 2547 collegit

96 2555 176 2615 1000
197 2573 251 2614 mo.
273 2573 326 2630 pro
349 2556 406 2612 300
428 2553 544 2623 missis,
574 2571 697 2628 quarum
718 2552 866 2630 stipendia
887 2556 974 2611 orant
992 2552 1079 2611 modo
1101 2553 1135 2626 5,
1164 2553 1249 2612 modo
1270 2554 1305 2625 3,
1332 2553 1418 2612 modo

96 2636 154 2703 1¹1,
183 2653 238 2693 mc.
288 2634 359 2693 Cum
389 2653 443 2710 pro
474 2633 599 2708 singulis
628 2632 728 2692 missis
758 2632 898 2710 stipendii
927 2631 1160 2708 magnitudinem
1190 2653 1250 2693 non
1279 2639 1419 2693 accurate

95 2713 262 2785 notaverit,
292 2713 448 2772 committit
474 2719 536 2772 tum
563 2713 625 2772 suis
652 2712 789 2785 vicariis,
820 2718 881 2772 tum
905 2713 1057 2772 extraneis
1085 2713 1290 2774 sacerdotibus
1310 2714 1419 2774 missas

96 2794 167 2853 illae
194 2794 314 2853 solvens
342 2814 395 2870 pro
417 2794 542 2869 singulis
564 2795 582 2852 2
603 2813 673 2852 ma:
702 2812 778 2869 quae
806 2793 954 2868 stipendia
976 2792 1103 2852 libenter
1124 2793 1325 2870 accipiuntur,
1355 2814 1419 2853 cum

97 2880 242 2934 consueta
272 2879 344 2932 terra
375 2874 552 2933 dioecesana
584 2874 624 2932 sit
655 2877 710 2944 l¹l2
743 2892 817 2944 mc,
852 2875 939 2932 immo
969 2873 1000 2931 in
1030 2874 1203 2948 quibusdam
1234 2874 1326 2944 locis,
1362 2893 1419 2948 quo

97 2954 199 3025 mittit,
224 2956 239 3013 1
262 2972 316 3014 mc.

189 3033 289 3105 Alias,
319 3052 383 3092 cum
411 3033 475 3109 ipse
502 3033 669 3092 moderator
690 3032 730 3092 sit
749 3032 913 3091 libellorum
934 3031 1151 3108 periodicorum
1172 3052 1280 3108 eosque
1302 3031 1420 3104 vendat,

98 3115 299 3190 compluribus
314 3114 527 3180 sacerdotibus,
549 3112 598 3188 qui
619 3112 648 3171 id
663 3116 776 3188 optant,
799 3113 850 3171 dat
871 3113 986 3172 libellos
1004 3117 1034 3172 et
1048 3112 1205 3171 committit
1218 3113 1326 3172 missas
1345 3112 1421 3172 cele·

98 3196 239 3265 brandas,
261 3195 385 3254 retentis
407 3192 561 3268 stipendiis
583 3212 636 3268 pro
656 3193 751 3269 pretio
772 3192 921 3252 librorum.
958 3192 995 3250 In
1016 3192 1161 3267 computis
1180 3192 1325 3252 faciendis
1347 3191 1420 3251 nihil

99 3274 215 3350 quidem
232 3274 360 3333 detrahit
376 3294 394 3332 a
408 3272 563 3350 stipendiis
585 3272 726 3349 acceptis,
748 3292 858 3342 verum,
881 3273 906 3332 si
926 3272 1042 3348 quando
1057 3272 1109 3331 dat
1128 3273 1242 3332 maiora
1262 3271 1421 3349 stipendia,

99 3374 160 3414 non
181 3354 256 3414 facit
279 3354 366 3430 pretii
394 3354 535 3412 librorum
556 3353 755 3412 reductionem
778 3372 857 3424 eam,
886 3372 971 3428 quam
994 3352 1122 3428 alioquin
1144 3353 1313 3428 plerumque
1334 3351 1420 3423 facit;

99 3454 195 3511 neque
221 3440 322 3493 tamen
349 3434 379 3492 id
407 3440 531 3511 apparet
556 3435 587 3492 in
613 3433 779 3492 rationibus
807 3432 942 3509 scriptis,
972 3451 1036 3491 cum
1064 3432 1105 3490 ibi
1132 3453 1191 3491 non
1218 3432 1262 3492 ita
1283 3438 1422 3492 accurate

99 3514 199 3574 emnia
221 3515 359 3583 adnotet,
388 3514 440 3574 sed
461 3515 555 3574 solum
576 3514 689 3573 scribat
718 3516 747 3585 1)
768 3513 907 3572 librorum
928 3513 1053 3589 pretium
1074 3513 1214 3588 vulgare,
1243 3513 1273 3587 2)
1296 3512 1422 3590 pretium

99 3595 263 3666 reductum,
288 3598 318 3669 3)
339 3614 490 3654 numerum
511 3593 677 3653 missarum.

100 3701 280 3772 Quaernrma
301 3701 330 3758 1ο
356 3719 431 3776 quae
452 3699 513 3759 sint
533 3703 647 3759 statuta
662 3698 742 3757 circa
762 3697 981 3756 mercimonium
1004 3716 1069 3756 cum
1084 3697 1241 3774 stipendiis
1258 3698 1422 3759 missarum.

300 3790 330 3848 2⁰
355 3788 549 3848 incurreritne
560 3787 713 3862 Isigardus
728 3806 780 3846 sue
794 3786 901 3862 agendi
914 3786 1030 3846 ratione
1045 3785 1279 3846 ecclesiasticam
1289 3807 1423 3866 poenam.

695 3967 830 4035 Salutio.

192 4104 244 4169 An
268 4124 459 4180 eunnsrrun
477 4108 513 4168 lm
536 4102 575 4170 R.
596 4106 624 4169 1.
671 4101 759 4167 Ante
782 4102 891 4168 omnia
913 4100 1041 4167 attendi
1064 4102 1160 4166 debet
1182 4100 1291 4166 bullae
1315 4103 1422 4186 Apoat.
1433 4110 1480 4167 105

102 4196 196 4261 Sed-ia
226 4216 287 4260 ser.
313 4193 361 4271 II,
392 4197 454 4260 art.
482 4194 538 4256 12:
576 4191 792 4273 ,Colligentes
821 4192 1047 4274 eleemosynas
1076 4189 1207 4255 maioris
1237 4189 1335 4272 pretii
1364 4210 1423 4272 pro

102 4283 210 4349 missis
234 4287 268 4349 et
291 4283 391 4349 exiis
414 4282 539 4347 lucrum
564 4284 745 4363 captantes,
770 4279 995 4346 faciendo‘eas
1018 4278 1176 4345 celebrari
1199 4279 1231 4343 in
1254 4277 1346 4356 locis,
1370 4277 1424 4342 ubi

102 4373 274 4437 missarum
299 4371 462 4455 stipendia
483 4370 616 4435 minoris
640 4368 737 4452 pretii
760 4389 832 4434 esse
855 4370 990 4434 solent.“
1038 4367 1130 4445 Quod
1152 4388 1216 4432 non
1240 4366 1424 4432 necessario

103 4461 243 4527 involvit
265 4460 544 4526 transmissionem
567 4459 601 4524 in
617 4459 700 4524 alias
715 4457 876 4540 regiones,
912 4456 998 4522 Nam
1021 4456 1050 4521 si
1072 4456 1126 4533 ibi,
1151 4455 1204 4520 ubi
1227 4455 1424 4539 stipendium

103 4555 273 4633 acceptum
297 4554 364 4628 est,
396 4558 574 4617 consumam
604 4547 798 4631 stipendium
824 4547 867 4612 sit
889 4544 1023 4611 minoris
1046 4550 1163 4623 taxas,
1194 4543 1316 4610 sufficit
1344 4563 1424 4609 sane

104 4641 146 4706 ad
169 4639 394 4705 incurrendam
419 4659 599 4716 censuram,
623 4641 661 4703 ut
684 4637 797 4702 eodem
819 4635 874 4700 illo
898 4634 970 4701 loco
988 4634 1089 4701 missa
1111 4633 1306 4699 celebranda
1328 4631 1426 4701 alteri
