3106 5168
460 298 557 354 Status
575 298 734 367 religiosus:
752 302 863 368 vocatio,
881 301 1025 354 obstacula.
1342 303 1405 368 149

78 475 166 540 eirca
199 473 364 539 mandata.
395 512 440 521 —
471 473 689 540 Nihilominus
721 474 781 539 sub
813 478 1025 560 praeceptum
1057 476 1174 541 cadere
1206 480 1316 560 potest
1347 497 1407 562 per

78 563 245 641 accidens,
276 566 314 627 ut
345 562 486 627 medium
508 563 661 647 propriae
683 563 816 642 salutis,
847 564 875 629 si
898 564 1052 630 videlicet
1074 565 1192 647 aliquis
1215 566 1408 648 cognoverit

78 656 204 719 statum
227 650 415 734 religiosum
439 651 569 717 unicum
592 652 653 717 sibi
672 673 745 718 osse
768 653 919 730 medium,
943 675 1006 736 quo
1030 654 1195 721 abstineat
1218 675 1239 719 a
1261 655 1407 738 peccatis

78 741 237 824 gravibus
267 744 301 806 et
323 760 472 806 securam
496 741 613 807 reddat
635 746 805 809 aeternam
828 763 921 808 suam
945 742 1095 809 salutem.
1140 741 1232 820 Quod
1256 746 1406 811 absolute

78 831 211 914 quidem
227 829 447 895 necessarium
462 829 604 895 medium
619 851 683 896 non
700 835 761 910 est,
786 852 858 896 cnm
874 831 981 897 media
996 831 1064 898 alia
1079 852 1143 897 uon
1160 831 1277 911 desint,
1302 837 1338 899 at
1353 854 1406 898 re·

78 921 182 986 lative
206 922 240 985 et
256 918 450 984 disiunctive
473 918 691 985 necessarium
708 919 883 1002 aliquando
900 920 1041 986 evadere
1061 924 1181 1005 potest.
1214 921 1301 986 Fieri
1320 922 1406 1008 enim

78 1012 200 1093 potest,
225 1013 262 1075 ut
277 1007 395 1089 aliquis
410 1029 446 1073 se
461 1007 509 1074 ita
525 1008 663 1074 debilem
680 1009 880 1094 experiatur,
897 1012 934 1075 ut
949 1009 991 1075 ad
1007 1009 1266 1076 conservandum
1281 1014 1407 1077 statum

78 1097 209 1180 gratiae
228 1097 388 1163 alterutro
411 1097 574 1180 indigeat:
600 1102 658 1165 aut
672 1098 901 1180 segregatione
917 1120 938 1164 a
952 1100 1083 1165 saeculo
1099 1120 1159 1184 per
1173 1099 1358 1182 ingressum
1373 1099 1407 1165 in

79 1187 273 1271 religionem
297 1192 354 1252 aut
377 1207 438 1251 usu
461 1185 640 1252 mediorum
664 1187 761 1269 longe
785 1187 1012 1253 difficiliorum.
1061 1187 1150 1266 Quae
1173 1188 1202 1253 si
1224 1210 1260 1254 se
1283 1189 1407 1255 adhibi·

79 1282 189 1342 turum
207 1297 280 1340 esse
295 1275 365 1358 ipse
382 1275 545 1360 desperat,
569 1275 635 1341 iam
659 1279 711 1341 est
732 1276 766 1342 in
788 1275 829 1341 iis
848 1275 1111 1357 circumstantiis,
1135 1277 1168 1342 in
1186 1277 1301 1359 quibus
1317 1278 1408 1345 vitae

79 1365 255 1448 religiosae
279 1364 395 1430 electio
420 1365 463 1430 sit
487 1365 628 1430 medium
651 1365 821 1431 moraliter
843 1365 1080 1445 necessarium,
1105 1366 1189 1450 quod
1218 1366 1290 1432 siue
1312 1366 1408 1449 gravi

79 1454 270 1522 temeritate
300 1453 407 1520 omitti
438 1475 502 1519 uon
532 1454 646 1538 possit.
670 1493 714 1502 —
743 1454 847 1520 Immo
870 1455 1023 1538 quilibet,
1048 1454 1102 1538 qui
1131 1476 1286 1538 magnum
1308 1456 1410 1523 habet

79 1544 211 1627 gratiae
234 1541 364 1608 divinae
387 1542 570 1626 impulsum,
595 1543 817 1610 temeritatem
840 1565 997 1627 magnam
1013 1543 1189 1611 committit
1204 1545 1409 1611 vocationem

80 1632 377 1789 aglegerpdogmeo
412 1632 497 1714 quod
531 1653 568 1697 se
602 1633 709 1717 ipsum
740 1632 874 1718 speciali
907 1634 968 1699 Dei
1001 1633 1206 1718 protectione
1238 1634 1408 1701 destituat.

133 1746 207 1788 .m.
249 1771 256 1799 ‚
348 1772 356 1787 .

170 1828 209 1894 R.
235 1830 265 1894 2.
304 1827 426 1891 Verum
457 1847 529 1891 oum
552 1826 622 1903 ille,
653 1826 708 1908 qui
732 1827 939 1894 vocatiouem
962 1849 1026 1893 non
1049 1827 1208 1910 sequitur,
1240 1828 1302 1893 sibi
1334 1850 1409 1911 per·

79 1917 220 1983 suadere
243 1916 348 1982 soleat
378 1915 438 1980 sibi
462 1915 565 1980 vitam
588 1916 777 1997 religiosam
807 1916 1025 1982 necessarium
1057 1918 1198 1983 medium
1227 1939 1292 1983 uon
1325 1938 1408 1997 esse,

79 2007 179 2089 idque
201 2026 261 2088 pro
285 2003 477 2088 superandis
499 2004 637 2087 singulis
660 2005 817 2088 peccandi
840 2006 993 2089 periculis
1010 2026 1123 2073 verum
1146 2007 1207 2074 sit:
1230 2029 1295 2072 nou
1312 2007 1410 2072 facile

80 2095 178 2161 alicui
202 2094 287 2159 huuc
303 2093 485 2159 vocationis
508 2093 693 2175 neglectum
717 2093 749 2158 in
773 2115 877 2177 grave
891 2101 1064 2179 peccatum
1080 2099 1211 2162 vertere
1225 2116 1409 2181 possumus,

80 2186 143 2251 etsi
168 2183 348 2251 timendum
379 2182 438 2260 sit,
470 2205 511 2247 ne
541 2184 711 2266 neglectus
740 2183 795 2248 ille
825 2184 1001 2250 multorum
1025 2190 1236 2270 peccatorum
1258 2185 1410 2268 gravium

80 2294 163 2340 ansa
186 2276 303 2357 postea
326 2271 436 2339 fuerit.
487 2272 543 2337 lb.
568 2295 608 2338 m.
633 2272 709 2340 ibid.

170 2398 224 2463 An
247 2417 438 2474 ouansmnu
463 2399 501 2460 2¹⁰
526 2396 563 2462 R.
588 2400 615 2464 1.
663 2396 822 2474 Quoniam
845 2397 993 2464 Christus
1016 2397 1175 2464 Dominus
1202 2403 1271 2466 tam
1294 2401 1472 2481 aperto299

80 2489 122 2554 ad
153 2485 387 2572 perfectionem
419 2486 643 2568 evangelicam
673 2485 844 2563 invitavit,
875 2508 988 2552 omnes
1014 2487 1190 2553 Christiani
1219 2487 1408 2570 religionem

80 2577 209 2660 ingredi
232 2580 379 2658 possunt,
404 2575 460 2657 qui
483 2575 553 2658 apti
576 2575 787 2641 inveniuntur
810 2576 978 2658 vitamque
1001 2576 1188 2659 religiosam
1211 2577 1329 2642 ducere
1352 2597 1409 2642 seu

80 2672 162 2733 vota
184 2685 319 2731 servare
342 2664 450 2747 parati
474 2670 551 2732 sunt
574 2686 679 2747 neque
703 2665 776 2730 aliis
799 2665 1052 2749 obligationibus
1076 2665 1272 2732 detinentur.

170 2771 210 2839 R.
235 2774 264 2838 2.
312 2770 542 2836 Excluduntur
564 2770 634 2835 iure
658 2770 728 2836 sive
751 2772 895 2837 naturali
919 2772 988 2838 sive
1012 2772 1184 2839 canonico:

173 2869 205 2951 1)
236 2868 358 2952 defectu
382 2869 554 2933 libertatis:
584 2868 672 2933 servi
698 2868 829 2952 proprie
853 2868 948 2947 dicti;
979 2869 1185 2935 matrimonio
1208 2868 1311 2936 iuncti
1334 2872 1410 2952 post

78 2957 323 3023 matrimonium
340 2962 609 3035 consummatum,
635 2958 695 3022 nisi
716 2958 821 3024 altera
845 2980 922 3042 pars
941 2958 1125 3025 consentiat
1141 2960 1194 3024 vel
1217 2959 1268 3024 ius
1292 2958 1410 3023 amise-

78 3048 140 3124 rit;
166 3046 309 3131 episcopi
332 3047 403 3111 sine
427 3066 587 3111 consensu
611 3046 642 3112 S.
663 3046 848 3125 Pontificis;

171 3137 205 3218 2)
227 3138 352 3201 ratione
370 3138 527 3200 iustiliae:
548 3135 572 3200 ii
592 3136 645 3218 qui
667 3136 784 3202 debitis
800 3136 912 3202 multis
928 3158 971 3201 ex
987 3137 1083 3220 culpa
1098 3157 1159 3202 sua
1174 3135 1306 3218 gravati
1322 3139 1409 3213 suut,

79 3226 140 3291 nisi
167 3225 290 3291 sintin
313 3225 457 3308 periculo
481 3224 614 3300 salutis;
638 3225 661 3289 ii
685 3226 739 3307 qui
762 3226 945 3292 rationibus
967 3225 1142 3292 reddendis
1165 3246 1208 3290 ex
1230 3227 1325 3307 gesto
1349 3223 1410 3290 ali·

78 3336 143 3397 quo
168 3334 303 3380 munere
325 3320 403 3380 sunt
426 3314 568 3390 obnoxii,
594 3315 746 3397 quamdiu
770 3315 916 3380 rationes
939 3337 1003 3380 non
1026 3314 1244 3389 reddiderint:

169 3403 204 3485 3)
236 3407 359 3469 ratione
388 3405 515 3488 pietalis
544 3403 618 3480 filii,
650 3404 704 3485 qui
733 3409 889 3487 parentes
918 3425 995 3469 suos
1024 3404 1057 3468 in
1087 3404 1183 3487 gravi
1213 3403 1410 3469 necessitate

78 3494 205 3577 positos
235 3492 333 3558 aliter
355 3491 469 3557 invare
493 3497 674 3574 nequeunt,
699 3492 752 3557 vel
777 3493 830 3575 qui
861 3493 943 3557 alios
966 3493 1165 3577 propinquos
1193 3514 1236 3558 ex
1259 3495 1409 3559 extrema

78 3583 279 3649 necessitate
302 3580 427 3664 eripere
452 3581 571 3647 debent
601 3603 705 3663 neque
737 3581 770 3646 iu
801 3581 959 3664 religione
988 3586 1142 3666 possunt;
1173 3581 1278 3664 magis
1309 3581 1408 3647 etiam

77 3671 508 3828 parenteslpgtiopggcurae
531 3671 680 3736 filiorum.
732 3671 787 3738 Th.
814 3695 853 3736 m.
878 3671 903 3749 Ι,
928 3674 1003 3738 513.
1029 3673 1110 3748 514;
1135 3671 1409 3737 Vermeersoh

92 3783 152 3828 .c.
178 3782 209 3827 u.
301 3798 344 3808 -
416 3812 423 3825 .

169 3860 200 3926 S.
226 3858 420 3934 Thomas,
445 3860 577 3924 Sammo
601 3859 688 3923 theol.
715 3860 745 3935 2,
771 3861 801 3933 2,
826 3878 856 3940 q.
880 3859 958 3936 189,
983 3861 1046 3925 art.
1067 3860 1087 3923 6
1117 3857 1326 3935 ,Parentes“,
1350 3857 1408 3935 ait,

81 3949 224 4027 ,habent
246 3947 407 4013 rationem
430 3946 589 4031 principii,
613 3947 646 4011 iu
668 3948 825 4028 quantum
842 3945 1041 4012 huiusmodi:
1066 3952 1101 4014 et
1123 3946 1196 4011 ideo
1220 3968 1279 4030 per
1301 3967 1337 4013 se
1362 3948 1409 4013 eis

78 4035 242 4112 convenit,
267 4040 305 4101 ut
328 4036 466 4101 filiorum
491 4057 601 4101 curam
625 4035 776 4101 habeant.
813 4036 858 4101 Et
881 4040 1015 4120 propter
1037 4036 1098 4101 hoc
1122 4058 1186 4101 non
1210 4036 1289 4101 licet
1312 4036 1408 4101 alicui

77 4127 162 4192 filios
185 4125 318 4191 habenti
342 4124 531 4207 religionem
563 4125 705 4206 ingredi,
739 4125 868 4190 omnino
891 4125 1126 4209 praetermissa
1156 4146 1235 4190 cura
1257 4125 1406 4202 filiorum,

77 4217 97 4282 i.
123 4238 151 4284 e.
176 4237 249 4280 nou,
272 4214 403 4298 proviso
427 4213 569 4296 qualiter
599 4213 729 4279 educari
753 4215 888 4297 possint.
915 4267 921 4280 .
947 4268 983 4280 ..
1020 4214 1085 4279 Per
1114 4215 1265 4280 accidens
1296 4218 1406 4278 tamen

77 4305 269 4389 parentibus
293 4303 462 4380 convenit,
494 4308 531 4368 ut
560 4324 581 4367 a
603 4303 678 4368 filiis
702 4303 908 4381 adiuventur,
939 4304 972 4368 in
997 4309 1153 4385 quantum
1178 4304 1302 4368 scilicet
1330 4304 1406 4365 sunt

77 4397 110 4460 in
134 4393 333 4460 necessitate
357 4393 466 4475 aliqua
491 4392 671 4458 constituti.
708 4393 753 4457 Et
774 4392 848 4457 ideo
872 4393 1041 4457 dicendum
1066 4397 1126 4469 est,
1152 4394 1238 4474 quod
1260 4389 1405 4475 parenti·

78 4485 137 4551 bus
159 4485 193 4550 iu
218 4482 416 4549 necessitate
433 4481 677 4558 exsistentibus,
701 4481 749 4548 ita
767 4483 853 4564 quod
871 4482 911 4546 iis
931 4481 1098 4546 commode
1117 4480 1215 4547 aliter
1229 4501 1325 4563 quarn
1348 4501 1406 4562 per

78 4572 268 4658 obsequium
292 4571 431 4636 filiorum
455 4571 619 4635 subveniri
643 4592 707 4635 uon
731 4571 845 4655 possit,
876 4592 941 4635 non
964 4570 1043 4635 licet
1065 4570 1149 4646 filiis,
1175 4567 1405 4653 praetermisso

79 4670 251 4748 parentum
268 4659 433 4741 obsequio,
458 4659 649 4741 religionem
665 4659 799 4726 intrare.
835 4660 869 4724 Si
885 4680 964 4724 vero
988 4679 1052 4722 non
1071 4659 1137 4725 sint
1160 4659 1193 4723 iu
1216 4657 1274 4723 tali
1292 4676 1406 4722 neces·
1461 4727 1466 4739 Ι
