3106 5168
412 294 566 349 Translatio
584 295 635 349 iur.
655 314 682 366 p.
701 298 857 350 contractus
875 325 910 334 -
929 299 1100 350 assecuratio.
1350 298 1415 364 469

94 471 148 534 vel
172 491 315 535 annuum
339 471 518 555 praemium
543 474 690 553 augeret,
714 470 777 535 uisi
800 470 887 536 forte
909 470 1054 535 medicus
1078 470 1208 536 aliunde
1232 472 1272 538 de
1288 473 1378 539 valet
1401 505 1417 518 ·

93 560 169 624 dine
192 560 278 625 male
301 560 471 626 iudicaret.
506 560 569 625 Sed
593 560 620 624 si
644 559 693 625 ita
708 563 805 638 esset,
830 560 896 625 iam
919 580 1014 624 casus
1029 560 1229 625 transfertur
1252 567 1286 628 et
1309 565 1417 627 muta·

93 653 150 714 tur
171 649 206 713 iu
221 649 303 714 alias
319 649 592 715 circumstantias,
631 648 724 713 Alias
740 645 851 715 autem
869 649 897 713 si
913 647 988 713 dein
1011 669 1129 715 revera
1144 649 1301 716 eiusmodi
1324 651 1418 716 ulcus

92 741 211 822 postea
233 738 266 802 in
290 739 403 803 eodem
434 739 505 803 loco
528 739 753 815 recrudescat,
779 738 811 802 id
836 741 988 803 censetur
1011 759 1070 821 per
1093 739 1243 804 accidens
1265 740 1352 818 fieri,
1384 745 1419 805 et

95 827 123 892 si
140 848 229 892 mors
244 827 320 891 iude
336 826 492 910 sequitur,
509 827 541 892 id
558 827 781 892 collocandam
798 831 850 892 est
865 827 951 893 iuter
967 827 1158 906 accidentia,
1176 849 1260 910 quae
1276 829 1418 895 societas

97 916 351 982 assecurationis
375 917 471 983 ierat.

182 1005 305 1071 Censeo
336 1005 437 1087 igitur
467 1004 604 1070 heredes
627 1005 747 1070 Lenaei
778 1005 925 1088 accipere
956 1008 990 1071 et
1021 1005 1163 1071 retinere
1196 1027 1296 1090 posse
1328 1027 1418 1071 sum·

92 1115 192 1171 mam,
217 1115 313 1175 quam
336 1116 396 1178 pro
420 1094 640 1160 assecuranda
663 1093 734 1159 vita
757 1093 878 1159 Lenaei
900 1095 1152 1178 spoponderant.

184 1207 237 1272 Au
261 1229 452 1284 ouaasmuu
477 1212 515 1272 2¹²
538 1209 577 1274 R.
605 1211 632 1273 l.
672 1208 723 1272 Ad
754 1208 838 1273 hanc
868 1207 1091 1290 quaestionem
1125 1230 1190 1274 uon
1212 1213 1324 1293 potest
1346 1209 1417 1275 dari
1428 1218 1481 1272 925

94 1319 193 1362 ununi
218 1301 318 1379 atque
341 1298 496 1379 generale
519 1318 720 1381 responsum.
752 1297 840 1362 Nam
863 1297 1000 1363 multum
1016 1297 1138 1381 pendet
1161 1320 1181 1363 a
1204 1305 1318 1365 tenore
1342 1320 1418 1364 cou-

94 1392 231 1452 1888188.
279 1387 331 1451 Ex
354 1408 392 1452 eo
421 1387 505 1451 euim
530 1387 615 1469 quod
645 1386 782 1451 heredes
805 1386 925 1451 Lenaei
955 1387 1082 1469 possint
1106 1408 1127 1452 a
1148 1388 1307 1454 societate
1330 1410 1420 1453 sum·

94 1497 183 1541 mam
207 1476 350 1541 oblatam
374 1477 523 1559 accipere
546 1496 651 1557 neque
666 1480 842 1542 teneantur
857 1475 920 1559 ipsi
935 1475 1078 1541 omnium
1101 1477 1419 1543 circumstantiarum

95 1570 285 1630 accuratam
309 1564 459 1630 notitiam
483 1565 511 1629 ei
537 1564 791 1642 communicare,
827 1564 969 1629 noudum
992 1565 1140 1647 sequitur
1162 1566 1352 1632 societatem
1377 1587 1421 1631 ex

95 1676 157 1719 sua
180 1657 276 1737 parte
299 1675 362 1718 uon
387 1674 482 1737 posse
505 1653 594 1718 licite
618 1653 714 1719 aliter
738 1674 807 1718 rem
830 1658 984 1719 tractare.

186 1742 220 1807 Si
243 1742 345 1823 igitur
368 1764 409 1806 ex
433 1747 547 1808 tenore
570 1747 758 1809 contractus
788 1742 883 1806 huius
906 1743 1041 1809 nullitas
1071 1743 1218 1810 invocari
1240 1745 1345 1828 possit
1367 1747 1421 1810 at-

96 1853 160 1913 que
183 1852 300 1896 revera
315 1833 486 1898 invocetur
501 1833 554 1897 vel
572 1831 671 1896 etiam
694 1831 890 1898 iudicialiter
912 1832 1157 1915 pronuntietur:
1182 1834 1280 1898 nolim
1297 1854 1422 1916 negare

96 1920 289 1985 societatem
319 1920 389 1984 iure
420 1942 478 1985 suo
508 1921 573 1998 uti,
607 1921 634 1984 si
658 1924 759 2003 negat
789 1920 993 1987 solutionem.
1041 1921 1164 1986 Verum
1187 1921 1220 1986 in
1255 1922 1316 1987 boc
1340 1942 1420 1988 casu

95 2009 244 2093 praemia
266 2030 375 2074 annua
398 2010 520 2084 soluta,
552 2012 676 2074 modica
699 2011 790 2075 facta
813 2010 1005 2076 deductione
1029 2031 1261 2094 expensarum,
1291 2011 1420 2076 heredi·

96 2099 157 2162 bus
187 2098 307 2163 Lenaei
337 2098 541 2164 restituenda
571 2103 662 2175 suut,
694 2098 852 2180 siquidem
883 2099 978 2182 culpa
1002 2099 1054 2164 vel
1084 2100 1176 2164 fraus
1206 2101 1296 2165 nulla
1324 2100 1420 2166 adest

96 2208 201 2268 neque
224 2208 330 2270 poena
354 2187 594 2253 confiscationis
612 2187 753 2252 omnium
769 2188 986 2271 praemiorum
1007 2209 1186 2253 annuorum
1203 2189 1291 2254 iusta
1306 2189 1417 2255 fuerit.

187 2292 224 2358 R.
251 2295 280 2356 2.
327 2292 447 2368 Quodsi
469 2292 502 2356 in
533 2293 593 2358 tali
622 2313 699 2357 casu
723 2297 818 2358 tenor
847 2297 1035 2359 contractus
1059 2293 1215 2358 eiusmodi
1245 2297 1350 2372 esset,
1381 2300 1419 2360 ut

96 2381 238 2445 societas
262 2387 295 2446 et
318 2381 397 2445 nihil
421 2381 565 2447 solveret
589 2387 622 2447 ct
638 2382 768 2463 integra
784 2381 929 2465 praemia
946 2403 1053 2447 annua
1076 2382 1136 2448 sibi
1152 2383 1261 2449 soluta
1276 2383 1419 2449 retinere

96 2475 228 2553 posset:
253 2471 354 2536 talem
378 2474 566 2535 contractus
589 2470 831 2554 dispositionem
856 2492 914 2554 pro
930 2471 1012 2537 satis
1027 2471 1114 2537 iusta
1137 2473 1258 2538 habere
1282 2493 1417 2555 nequeo,

95 2560 194 2624 immo
218 2558 334 2624 merito
358 2559 501 2624 dubitari
523 2562 643 2642 potest,
667 2582 744 2624 uum
760 2560 792 2624 iu
816 2560 958 2625 iudiciali
975 2561 1103 2626 actione
1126 2561 1207 2626 haec
1230 2565 1419 2628 contractus

97 2648 267 2732 dispositio
283 2670 342 2730 pro
358 2648 446 2714 iusta
461 2649 672 2714 sustineatur.
705 2649 811 2724 Quare
830 2649 968 2714 heredes
984 2650 1104 2715 Lenaei
1126 2650 1196 2716 iure
1219 2673 1277 2716 suo
1304 2656 1417 2734 agunt,

96 2737 125 2801 si
149 2737 301 2802 societati
324 2737 578 2802 assecurationis
601 2737 692 2803 litem
715 2738 897 2805 intendant.

553 2951 851 3019 ASSECURATIO
877 2952 961 3035 (III).

650 3091 760 3157 casus.
789 3100 863 3167 (aec)
939 3085 941 3088 ‘

184 3221 316 3280 Marcion
345 3227 492 3281 mercator
518 3223 549 3281 in
570 3223 701 3281 favorem
723 3222 851 3280 familiae
880 3228 949 3280 aute
971 3221 1070 3280 decem
1099 3242 1193 3281 anuos
1213 3223 1305 3281 vitam
1333 3242 1417 3283 suom

94 3302 282 3360 assecuravit
301 3323 354 3378 pro
377 3304 481 3362 20000
496 3322 669 3361 marcarum.
705 3303 769 3361 Non
792 3302 933 3361 indicavit
954 3308 1068 3378 patrem
1090 3309 1120 3361 et
1135 3305 1254 3361 fratrem
1276 3304 1417 3362 maiorem

92 3382 123 3439 iu
146 3383 314 3440 Americam
343 3384 494 3458 profectos
523 3383 635 3459 phthisi
657 3402 723 3441 esse
752 3389 898 3452 mortuos,
929 3402 1024 3458 nequa
1053 3382 1196 3441 indicavit
1224 3403 1256 3441 se
1279 3383 1355 3442 domi
1385 3384 1417 3442 in

93 3461 214 3520 officina
242 3482 297 3520 sua
324 3483 372 3521 res
400 3463 529 3539 periculo
557 3463 738 3539 explosicnis
766 3463 909 3521 obnoxias
936 3464 1059 3522 venales
1086 3464 1209 3522 habere:
1241 3483 1314 3539 quas
1341 3463 1418 3523 vidit

93 3561 160 3600 esse
175 3541 422 3614 circumstantias,
446 3545 481 3602 ob
497 3563 569 3618 quas
587 3543 716 3602 societas
731 3543 963 3601 assecurationis
978 3548 1149 3602 contractus
1165 3543 1295 3602 declaret
1309 3544 1416 3604 nullos.

93 3621 179 3680 Nunc
200 3642 271 3680 varo
293 3643 329 3681 ex
351 3623 511 3682 infortunio
532 3623 599 3682 viae
620 3625 734 3682 ferreae
755 3624 854 3682 laesus
877 3623 964 3681 morti
991 3623 1142 3699 proximus
1164 3624 1299 3695 exsistit,
1328 3630 1417 3700 atque

93 3702 230 3776 angitur,
259 3709 356 3761 utrum
377 3704 474 3780 possit
494 3704 579 3762 uxori
601 3722 667 3761 cum
688 3704 783 3762 tribus
805 3703 873 3762 filiis
894 3704 1022 3778 alioquin
1044 3703 1242 3778 indigentibus
1265 3724 1417 3765 assecura-

92 3781 184 3840 tionis
205 3801 347 3841 summam
368 3784 533 3859 relinquere
555 3803 593 3841 an
615 3785 742 3842 debeant
763 3784 841 3842 omni
862 3784 926 3842 iure
947 3783 983 3842 ad
1005 3784 1086 3843 illam
1107 3785 1285 3845 renuntiare.

93 3887 270 3958 Qunamruu
293 3890 322 3946 1⁰
346 3887 414 3964 quid
436 3888 508 3946 iuris
530 3889 570 3946 sit
590 3909 627 3946 ex
648 3895 734 3964 parte
756 3889 909 3948 societatis
931 3889 1174 3950 assecurationis.

292 3979 323 4035 2⁰
348 3977 416 4053 quid
437 3978 582 4035 Marcioni
603 3978 704 4036 eiusve
726 3979 883 4037 heredibus
905 3978 935 4037 in
958 3978 1141 4038 couscientia
1162 3979 1260 4039 liceat.

689 4161 823 4228 Salutio.

184 4291 236 4357 Au
259 4313 450 4368 auaasrruu
476 4297 513 4357 1³²
536 4294 574 4358 R.
596 4298 623 4359 1.
663 4292 934 4360 Circumstautiae
950 4315 1015 4358 uon
1031 4294 1218 4359 declaratae
1233 4314 1312 4358 sane
1329 4292 1485 4366 eius-926,

92 4381 181 4448 modi
204 4386 298 4460 suut,
329 4387 381 4460 ut,
406 4382 434 4446 si
457 4387 555 4448 notae
578 4382 731 4460 fuissent,
762 4382 795 4447 in
819 4386 1022 4447 contractum
1047 4382 1178 4464 eiusque
1201 4381 1413 4446 mutationem

92 4472 232 4538 multum
255 4470 471 4537 induxissent.
503 4472 610 4547 Quare
625 4471 695 4536 iure
719 4492 777 4536 suo
801 4472 906 4536 ut'tur
928 4471 1078 4548 societas,
1103 4471 1130 4535 si
1154 4474 1342 4536 contractus
1364 4471 1415 4535 in·

92 4564 190 4626 vocet
213 4561 408 4637 nullitatem,
432 4560 529 4624 immo
546 4560 573 4624 si
590 4565 689 4642 neget
705 4597 747 4604 —
764 4559 893 4642 quando
914 4581 973 4644 per
988 4564 1189 4626 contractum
1206 4559 1332 4624 hocius
1355 4559 1415 4624 ha·

91 4649 257 4716 buerit—
277 4670 404 4714 omnem
426 4649 645 4734 praemiorum
668 4669 849 4714 annuorum
873 4649 1140 4731 qualemcumque
1163 4648 1414 4728 restitutionem,
