3106 5168
306 294 402 350 Cultus
420 294 471 349 Dei
489 293 628 365 publicus:
647 294 734 349 Missa
752 293 847 348 diebus
865 293 974 349 festivis
993 295 1135 350 audienda.
1319 297 1382 363 185

56 474 91 537 et
113 469 255 552 negotiis
277 470 345 536 suis
367 469 529 548 conciliat,
554 473 654 552 atque
669 469 770 535 etiarn
793 469 854 535 hoc
878 489 975 534 sensu
990 469 1125 552 negotia
1148 469 1189 535 ad
1212 470 1383 537 servitium

55 559 131 625 viae
163 559 292 625 ferreae
324 559 508 643 spectantia
539 559 619 642 agit.
673 559 778 625 Recto
810 557 923 640 igitur,
957 558 1021 623 etsi
1054 579 1119 623 non
1155 560 1250 625 obvio
1286 581 1383 625 sensu

56 648 164 713 dicere
194 649 373 732 Eutropius
402 651 513 732 potest
544 669 580 714 se
612 668 685 713 esse
714 649 747 713 in
777 648 875 713 rebus
907 653 941 715 et
970 647 1111 730 negotiis
1140 649 1183 713 ad
1213 649 1382 716 servitium

55 759 149 803 suum
173 738 408 821 spectantibus.
455 737 562 814 Quare
585 737 684 802 licere
707 736 769 820 ipsi
792 741 889 821 puto,
920 737 984 803 iter
1007 737 1048 802 ad
1078 737 1140 803 hoc
1164 739 1383 804 necessarium

53 830 157 911 qratia
180 828 348 894 conficere.

158 1042 189 1108 A
212 1042 342 1109 Mlssn
364 1042 525 1109 DIEBUS
547 1041 771 1109 DOMINICIS
795 1042 852 1108 ΕΤ
876 1042 1023 1110 FESTIS
1046 1044 1281 1110 AUDIENDA

542 1140 786 1207 EXCUSATIO
811 1139 895 1222 (111).

621 1297 732 1363 Casus.
761 1305 819 1372 (aa)

148 1437 315 1509 Caesarius,
338 1438 497 1508 studiosus,
520 1458 584 1496 cum
600 1438 798 1514 compluribus
815 1437 905 1497 sociis
926 1444 987 1501 tum
1007 1440 1162 1498 catholicis
1183 1445 1245 1498 tum
1264 1438 1384 1497 acatho-

55 1519 123 1578 licis
151 1523 283 1595 tempore
310 1518 477 1578 vacationis
504 1519 562 1577 iter
590 1519 663 1577 facit
690 1518 802 1593 aliquot
828 1518 1094 1591 hebdomadarum,
1122 1525 1210 1595 atque
1237 1539 1290 1596 per
1317 1520 1384 1577 loca

56 1600 137 1659 invia
160 1604 190 1657 et
212 1597 298 1656 devia
320 1598 496 1657 discurrunt.
532 1598 640 1674 Aliqua
663 1597 817 1668 dominica,
840 1617 942 1657 somno
965 1598 1090 1670 deditus,
1113 1599 1237 1675 primum
1252 1599 1383 1670 Sacrum,

56 1680 102 1738 cui
131 1677 262 1757 plerique
291 1678 365 1737 socii
394 1678 532 1737 catholici
559 1678 738 1748 intererant,
766 1678 915 1752 neglexit,
945 1697 1010 1737 cum
1038 1699 1071 1737 se
1099 1679 1229 1738 irrisioni
1260 1679 1384 1738 aliorum

56 1760 150 1819 nollet
170 1778 329 1835 exponere,
351 1778 426 1834 qnae
448 1764 528 1817 certo
550 1758 646 1835 ipsum
666 1757 836 1828 mansisset,
859 1759 884 1816 si
906 1759 987 1817 solus
1009 1764 1113 1835 postea
1135 1779 1168 1818 se
1189 1759 1255 1817 aliis
1276 1760 1384 1818 iterum

55 1839 213 1909 iunxisset,
235 1839 302 1908 iter,
324 1839 433 1898 omisso
449 1839 548 1909 Sacro,
571 1857 636 1897 cum
658 1838 747 1897 sociis
767 1844 943 1913 prosecutus
964 1845 1019 1899 est.
1054 1840 1159 1898 Altera
1172 1840 1246 1906 vice,
1268 1840 1384 1916 quando

55 1920 162 1996 reliqui
191 1924 359 1979 statuerant
386 1939 499 1978 summo
520 1938 606 1977 mane
627 1924 697 1977 ante
719 1918 841 1977 Sacrum
862 1919 1018 1978 instituere
1046 1920 1268 1991 excursionem,
1297 1938 1384 1995 quam

57 2001 132 2061 alias
154 2020 189 2059 eo
211 2000 259 2059 die
286 2020 345 2059 non
373 2005 511 2076 poterant
531 1999 631 2068 finire,
659 1999 772 2067 timuit,
800 2018 838 2057 ne
858 1999 1024 2059 incurreret
1043 1999 1276 2076 indignationem
1298 1999 1385 2059 amici

56 2081 167 2150 divitis,
190 2080 239 2155 qui
261 2100 362 2139 omnes
383 2079 498 2139 itineris
519 2098 667 2155 expensas
688 2099 741 2155 pro
763 2079 827 2156 ipso
849 2079 994 2151 faciebat,
1017 2081 1122 2157 quique
1143 2082 1269 2157 putabat
1288 2081 1385 2156 legem

56 2160 291 2221 ecclesiasticam
312 2161 386 2219 adeo
407 2179 512 2219 severe
533 2179 591 2218 non
613 2178 679 2217 esse
701 2160 880 2219 sumendam.

145 2240 245 2311 Pater,
268 2241 304 2300 de
326 2240 459 2299 omnibus
478 2239 587 2299 certior
600 2240 708 2308 factus,
730 2239 804 2297 haec
827 2258 915 2315 aegre
936 2239 1004 2308 fert,
1026 2239 1162 2300 reducem
1177 2240 1268 2300 filium
1290 2240 1384 2299 iratus

57 2319 169 2396 excipit
197 2339 320 2396 eumque
349 2320 483 2395 sequenti
513 2320 559 2378 die
587 2320 665 2378 festo
691 2319 769 2377 dorni
796 2319 936 2392 recludit,
972 2339 1009 2378 ne
1037 2325 1106 2397 post
1135 2321 1258 2380 Missam
1287 2321 1384 2379 socios

57 2400 191 2460 solutiori
212 2401 293 2459 vitae
315 2400 429 2459 deditos
451 2399 507 2458 sibi
529 2401 625 2459 denuo
646 2399 797 2476 adiungat.

57 2513 235 2586 Qunamrua
257 2517 286 2575 1⁰
313 2514 470 2575 Caesarius
491 2516 634 2590 quomodo
656 2515 826 2591 peccaverit
847 2514 970 2574 Sacrum
991 2515 1185 2591 neglegendo.

256 2607 287 2662 2⁰
311 2605 439 2663 liceatne
454 2604 532 2680 patri
547 2604 717 2663 Caesarium
737 2603 912 2662 includendo
928 2623 946 2662 a
960 2604 1055 2662 Missa
1069 2604 1215 2663 audienda
1235 2602 1384 2681 impedire.

654 2797 790 2864 Salutio.

145 2941 197 3004 An
221 2960 412 3015 quxasrrcu
439 2943 476 3004 1¹¹¹
505 2939 544 3003 u.
569 2941 597 3004 1.
652 2939 704 3002 Ex
739 2959 816 3004 casu
852 2939 959 3006 elucet
991 2939 1178 3005 Caesarium
1211 2939 1244 3004 in
1273 2943 1446 3025 primaeuo

56 3029 226 3095 occasione
242 3030 387 3112 potuisse
404 3028 507 3093 solum
531 3033 606 3110 post
629 3027 775 3092 auditum
797 3028 932 3093 Sacrum
956 3029 1019 3094 iter
1038 3028 1190 3112 prosequi
1215 3032 1248 3093 et
1269 3033 1384 3112 postea

56 3140 92 3183 se
116 3119 212 3182 sociis
240 3118 417 3200 adiungere
447 3118 516 3182 sine
547 3116 611 3182 alio
642 3117 844 3182 incommodo
874 3117 985 3199 gravi,
1017 3117 1078 3182 nisi
1103 3118 1188 3200 quod
1217 3117 1384 3182 irrisiones

56 3207 204 3273 timebat.
240 3207 329 3271 Haec
345 3206 430 3272 ratio
447 3227 608 3271 excusans
623 3227 689 3270 non
706 3210 787 3272 erat.
823 3205 909 3270 Nam
930 3205 957 3270 si
974 3206 1064 3272 solae
1079 3206 1202 3271 fuerint
1217 3206 1384 3271 irrisiones

58 3297 97 3361 de
122 3296 324 3360 diuturniore
348 3316 461 3360 somno
491 3301 526 3361 et
554 3295 775 3378 perplexitate
805 3294 879 3359 inde
903 3300 993 3373 orta,
1026 3295 1088 3361 hae
1117 3297 1208 3361 leves
1232 3300 1327 3361 erant
1350 3298 1385 3360 et

56 3385 118 3450 ioci
149 3386 295 3461 tantum,
327 3404 410 3465 quae
440 3382 588 3465 graviter
617 3384 703 3448 ferre
733 3383 974 3451 rationabiliter
1002 3405 1066 3449 non
1095 3389 1228 3468 poterat
1256 3383 1384 3449 iuvenis

57 3474 236 3550 studiosus3
254 3473 280 3538 si
297 3473 419 3538 fuerint
435 3473 475 3537 de
490 3472 657 3554 religionis
674 3471 831 3538 exercitio
848 3473 985 3555 legeque
1002 3473 1224 3539 ecclesiastica
1239 3478 1383 3550 servata,

57 3562 225 3628 irrisiones
248 3561 354 3626 minus
378 3560 477 3627 etiam
501 3561 721 3627 attendendae
745 3566 849 3638 erant,
875 3583 946 3626 curn
966 3562 1021 3628 ille
1041 3567 1208 3646 respectus
1224 3563 1385 3628 humanus

58 3653 188 3717 omnino
218 3650 261 3716 sit
291 3650 485 3727 vincendus,
516 3672 621 3733 neque
651 3651 737 3716 ratio
767 3672 839 3716 esse
869 3651 989 3734 possit,
1021 3672 1079 3716 cur
1107 3652 1162 3717 lex
1193 3651 1303 3717 divina
1330 3653 1384 3717 vel

58 3740 281 3807 ecclesiastica
299 3740 504 3823 neglegatur.
534 3741 571 3805 ln
589 3741 651 3806 hoc
670 3740 771 3822 igitur
787 3762 865 3805 casu
881 3740 1053 3806 Caesarius
1071 3741 1219 3823 graviter
1234 3742 1385 3824 peccavit

58 3836 93 3897 et
116 3829 334 3895 damnabilem
359 3829 521 3896 commisit
544 3830 812 3897 erubescentiam.

147 3936 185 4002 lt.
211 3940 240 4002 2.
287 3936 325 4000 In
355 3936 462 4002 altera
486 3936 654 4002 occasione
684 3957 743 4020 per
772 3957 808 4000 se
831 3935 890 4000 vix
920 3955 983 4000 non
1014 3935 1098 4000 idern
1123 3935 1294 4003 dicendum
1323 3940 1384 4016 est,

57 4024 211 4090 videlicet
230 4025 456 4091 excursionem
474 4026 563 4092 illam
585 4048 649 4091 non
668 4026 770 4090 fuisse
789 4046 923 4090 cansam
947 4046 967 4089 a
990 4024 1062 4106 lege
1081 4024 1304 4094 ecclesiastica
1327 4048 1384 4091 ex-

58 4119 237 4180 cusantem.
273 4115 396 4179 Verum
420 4136 492 4179 cum
517 4115 686 4180 Caesarius
709 4115 752 4180 ibi
777 4114 967 4181 ostenderet
982 4115 1185 4180 voluntatem
1206 4116 1385 4180 audiendae

57 4203 179 4268 Missae
210 4208 244 4270 et
274 4204 378 4268 solum
403 4204 535 4269 cederet
558 4204 681 4281 timori,
713 4225 754 4268 ne
785 4204 925 4279 smirna,
959 4223 1065 4283 aquo
1088 4207 1194 4269 toturn
1219 4205 1287 4269 eius
1311 4203 1383 4280 iter,

58 4313 122 4356 non
147 4293 323 4375 singularis
346 4296 475 4358 tanturn
498 4294 556 4358 illa
579 4292 738 4369 excursio,
767 4293 941 4376 pendebat,
966 4292 1194 4367 offenderetur,
1219 4293 1280 4375 ipsi
1303 4313 1383 4356 non·

58 4381 137 4446 nihil
160 4381 393 4464 indulgendum
420 4386 480 4447 est.
527 4382 748 4446 Communiter
771 4382 856 4446 enim
880 4386 1063 4463 agnoscunt
1095 4403 1152 4464 pro
1176 4382 1303 4445 ratione
1326 4401 1384 4444 ex-

59 4475 211 4547 cusante,
243 4471 272 4535 si
301 4471 373 4552 quis
403 4471 524 4535 socium
555 4470 680 4536 itineris
710 4470 770 4536 sibi
795 4470 893 4535 valde
923 4470 1035 4534 utilem
1067 4468 1186 4534 debeat
1215 4470 1383 4535 amittere:

59 4559 144 4641 quod
160 4559 272 4626 licebit
295 4559 337 4624 ad
361 4565 507 4625 nostrum
527 4581 647 4636 casum,
673 4581 744 4624 cum
768 4560 832 4625 iter
854 4559 918 4623 iam
941 4559 1107 4640 inceptum
1131 4558 1184 4634 sit,
1209 4558 1383 4641 applicare.

59 4648 106 4716 Cf.
131 4649 163 4716 S.
183 4648 383 4732 Alpheus.
407 4648 464 4726 III,
490 4650 564 4726 328,
589 4648 643 4731 qui
667 4649 730 4715 ait:
759 4648 965 4726 ,Excusatur
988 4646 1088 4711 etiam
1109 4647 1226 4721 viator,
1252 4647 1279 4711 si
1303 4646 1384 4712 alias
