3106 5168
184 285 248 349 346
323 280 364 336 De
382 281 530 336 virtutibus
549 284 578 335 st
594 280 692 336 officiis
711 299 777 350 erga
794 281 925 337 homiues.
943 311 979 320 —
997 281 1049 338 Off.
1068 283 1140 337 circa
1158 283 1227 338 bona
1246 286 1369 339 externa.

383 484 565 551 LUuRUM
588 483 736 550 uuurss
759 484 960 552 surculus
984 485 1223 552 IMPEDIENS
1251 484 1303 567 l).

736 633 846 700 tosus.
874 640 950 708 (212)

271 765 411 837 Rufinus,
442 783 508 823 cum
529 765 652 824 duorum
674 765 912 841 competitorum,
935 764 983 841 qui
1004 767 1146 842 petebant
1167 783 1313 824 concursu
1334 763 1507 841 parochiam

183 850 349 916 vacantem,
371 843 484 921 scripta
498 845 691 916 examinaret,
713 864 821 920 magna
842 846 1026 922 partialitate
1048 847 1152 904 ductus
1174 844 1343 904 inferiorem
1360 844 1506 922 superiori

183 925 324 1002 praetulit
345 929 434 1000 atque
455 925 497 983 ita
518 925 597 984 hunc
618 928 655 984 ab
677 925 836 985 obtinendo
857 925 1000 985 beneficio
1022 925 1161 984 excludit.

270 1005 366 1064 Rufus
386 1024 482 1080 nuper
495 1004 637 1065 dissuasit
657 1006 752 1064 amico
771 1006 1047 1082 peregrinationem,
1069 1025 1155 1082 quam
1170 1004 1328 1079 quotannis
1343 1004 1445 1063 facere
1459 1004 1507 1063 lric

182 1085 287 1156 soleat,
309 1090 470 1145 consuetus
484 1085 654 1145 sanctuario
669 1091 819 1145 trecentas
833 1104 949 1145 marcas
963 1087 1078 1146 offerre.
1115 1085 1189 1145 Odio
1204 1085 1265 1160 egit
1279 1103 1352 1159 erga
1366 1084 1506 1144 custodes

182 1165 363 1236 sanctuarii,
400 1165 597 1242 praetendens
629 1186 668 1224 ex
694 1184 815 1224 munere
843 1186 896 1225 suo
921 1172 1069 1243 tamquam
1097 1165 1203 1225 medici
1236 1164 1506 1242 peregrinationem

182 1245 263 1304 illam
290 1245 378 1304 amici
406 1246 529 1305 sanitati
556 1266 622 1305 esse
649 1245 860 1322 periculosam
890 1246 1060 1322 ceteroquin
1081 1245 1219 1306 custodes
1247 1245 1314 1304 illos
1340 1243 1505 1304 sanctuarii

183 1329 270 1402 atque
291 1324 388 1403 ipsum
409 1326 609 1385 sanctuarium
631 1324 706 1385 satis
727 1345 872 1402 superque
893 1326 1051 1402 possidere.

183 1430 361 1502 Quanurruu
383 1434 411 1490 1⁰
437 1451 475 1490 ex
496 1451 622 1506 quanam
642 1431 757 1491 ratione
785 1438 924 1491 avertens
947 1452 965 1490 a
986 1431 1130 1491 beneficio
1159 1431 1304 1491 obnoxius
1328 1431 1369 1490 sit
1397 1431 1505 1491 indem-

435 1511 523 1571 nitati
543 1513 740 1588 praestandae
761 1520 881 1588 propter
901 1513 1014 1572 lucrum
1035 1532 1094 1570 nou
1115 1517 1257 1571 secutum.

381 1600 411 1656 2ο
436 1599 504 1676 quid
525 1600 562 1658 ad
585 1619 673 1658 casus
695 1599 734 1659 sit
755 1600 915 1660 dicendum.

775 1782 911 1850 Solutio.

120 1914 174 1969 684
271 1908 324 1973 An
354 1928 545 1985 queremur
578 1912 614 1973 1¹²
646 1908 685 1975 u.
712 1912 741 1977 1.
780 1908 891 1973 Videri
922 1908 1035 1986 debet,
1069 1930 1145 1973 num
1176 1907 1230 1973 ille
1260 1907 1315 1990 qui
1348 1909 1503 1974 beneficio

181 2001 315 2080 sperato
338 1997 553 2076 destituatur,
584 2018 628 2063 ex
650 1996 759 2080 aliquo
781 1998 879 2065 titulo
902 1997 1053 2063 strictum
1077 2001 1127 2063 ius
1156 1996 1308 2064 habuerit
1337 1997 1381 2063 ad
1404 1999 1503 2064 bene-

181 2087 288 2152 ficium
318 2086 398 2152 illud
428 2087 667 2170 accipiendum,
699 2086 914 2152 consideratis
936 2085 1085 2151 omnibus
1108 2086 1370 2153 circumstantiis.
1418 2087 1502 2153 Nam

181 2175 208 2240 si
238 2177 287 2241 ita
311 2179 377 2253 est,
408 2175 480 2254 ille,
511 2175 566 2258 qui
589 2196 663 2241 eum
687 2197 708 2240 a
730 2176 799 2240 iure
822 2176 880 2242 tali
911 2175 1096 2259 recipiendo
1120 2176 1421 2259 quomodocumque
1443 2177 1503 2242 im·

181 2265 288 2348 pedit,
327 2286 399 2330 eum
427 2267 499 2330 iure
532 2265 649 2330 stricto
679 2265 789 2349 privat
825 2265 971 2347 adeoque
1000 2263 1194 2331 iniustitiam
1224 2265 1402 2332 committit
1432 2287 1502 2331 cum

183 2374 280 2419 onere
303 2353 506 2420 restituendi.

271 2460 309 2525 u.
335 2462 365 2525 2.
413 2458 446 2525 Si
469 2479 582 2523 verum
606 2458 656 2523 ius
686 2460 728 2524 ad
752 2464 876 2526 certam
900 2480 968 2524 rem
999 2479 1064 2523 non
1087 2459 1198 2536 adest,
1229 2464 1352 2537 restat,
1383 2482 1425 2526 ne
1455 2464 1501 2526 in·

181 2551 274 2614 iustis
296 2550 411 2613 mediis
433 2547 629 2631 impediatur
644 2547 676 2612 in
693 2549 840 2630 generali
862 2548 919 2613 illo
935 2548 1004 2612 iure
1020 2548 1217 2630 acquirendi,
1242 2548 1311 2614 sive
1328 2549 1502 2616 donatione

181 2637 252 2702 sive
276 2636 348 2702 aliis
373 2637 594 2702 contractibus
618 2637 748 2702 dominii
773 2637 988 2703 translativis.
1035 2636 1124 2714 Quae
1148 2638 1255 2703 media
1284 2637 1407 2704 iniusta
1431 2659 1501 2703 esse

142 2794 143 2797 ,
181 2731 318 2810 possunt
334 2725 457 2791 directe
480 2731 596 2791 contra
615 2748 698 2801 euru,
723 2726 778 2808 qui
801 2727 886 2792 bona
902 2726 1060 2809 quaedam
1084 2731 1206 2809 sperat,
1231 2748 1262 2792 v,
1279 2749 1311 2810 g.
1328 2726 1372 2804 vi,
1397 2727 1501 2804 minis,

181 2815 297 2880 fraude
321 2835 392 2879 eum
418 2815 607 2891 detinendo,
633 2837 675 2880 ne
697 2816 801 2898 possit
824 2837 895 2879 cum
920 2815 1018 2881 tertio
1042 2836 1062 2879 a
1086 2836 1149 2897 quo
1173 2819 1284 2898 sperat
1307 2837 1426 2897 agere3
1451 2817 1500 2882 vel

181 2903 367 2970 immediate
391 2925 470 2985 erga
494 2905 627 2970 tertium
651 2926 672 2970 a
695 2926 758 2987 quo
788 2904 874 2969 bona
900 2909 1090 2987 sperantur,
1122 2925 1195 2969 eum
1219 2904 1501 2971 circumveniendo

182 2994 234 3058 vel
259 2992 449 3069 detinendo,
478 2992 525 3058 ite
550 2998 586 3059 ut
609 2992 730 3058 invitus
755 2994 795 3058 ab
819 2993 947 3058 actione
972 2993 1115 3075 alioquin
1139 2994 1233 3060 alteri
1258 2995 1404 3059 benefica
1428 2995 1501 3061 abs·

181 3083 302 3158 tineat;
334 3082 385 3147 vel
411 3103 490 3165 erga
514 3088 703 3163 utrumque,
735 3082 754 3148 i.
780 3104 807 3148 9.
835 3087 963 3147 etcum
989 3081 1043 3164 qui
1073 3082 1157 3147 bona
1187 3087 1299 3166 sperat
1330 3087 1364 3149 91
1395 3104 1501 3166 aquo

181 3176 303 3255 sperat,
325 3193 357 3237 v.
374 3192 405 3254 g.
424 3171 645 3237 diffamatione
661 3172 817 3236 mediisve
833 3171 1042 3236 mendacibus
1058 3173 1199 3236 animum
1216 3172 1305 3238 tertii
1321 3172 1499 3239 beneficum

182 3261 388 3325 diminuendo
417 3281 476 3325 seu
506 3261 754 3343 exstinguendo.
802 3260 957 3325 Omnibus
984 3260 1057 3325 istis
1081 3261 1185 3325 modis
1208 3261 1368 3327 iniustitia
1392 3266 1501 3346 potest

181 3348 349 3426 committi,
375 3370 458 3431 quac
482 3349 615 3416 inducat
638 3350 814 3415 secuudum
837 3371 927 3433 spem
952 3349 1170 3414 habendorum
1195 3350 1351 3415 bonorum
1376 3352 1501 3434 obliga·

181 3439 303 3504 tionem
326 3460 385 3521 pro
408 3444 483 3504 rata
506 3438 680 3522 reparandi
703 3439 822 3515 damni,
846 3438 932 3520 quod
949 3438 1021 3519 quis
1044 3438 1225 3504 incurrerit.
1262 3439 1349 3503 Nam
1372 3440 1499 3506 etiamsi

180 3527 303 3593 iniusta
326 3527 432 3592 media
455 3532 596 3609 tangunt
620 3527 741 3594 directe
765 3529 870 3592 solum
893 3527 1152 3603 benefactorem,
1180 3527 1337 3594 indirecte
1360 3533 1500 3613 tangunt

182 3616 280 3683 etiam
305 3637 368 3697 qua
391 3616 512 3682 iniusta
536 3638 619 3694 eum,
645 3616 696 3681 cui
719 3617 774 3682 illc
798 3616 939 3682 voluerit
962 3617 1121 3681 exsistere
1145 3617 1345 3683 benefactor.

270 3722 309 3787 R.
341 3725 371 3787 3.
433 3724 589 3787 Attamen
622 3727 720 3804 prout
756 3721 916 3787 iniustitia
949 3722 1070 3788 directe
1106 3722 1139 3786 in
1173 3722 1416 3788 benefactorem
1450 3725 1498 3789 vel

181 3811 286 3875 solum
309 3810 362 3873 vel
386 3810 538 3891 primaria
562 3815 596 3876 et
618 3810 797 3876 efficaciter
822 3811 995 3876 commissa
1017 3816 1077 3888 est,
1103 3816 1160 3877 aut
1184 3812 1215 3876 in
1240 3833 1313 3876 eum
1338 3813 1393 3893 qui
1418 3814 1500 3879 bona

181 3897 343 3981 speravit,
368 3898 541 3963 discrimen
564 3899 644 3964 illud
667 3900 905 3964 observandum
930 3905 997 3976 est,
1029 3906 1066 3966 ut
1089 3901 1120 3964 in
1145 3901 1253 3984 priore
1277 3923 1372 3977 casu,
1397 3902 1426 3967 si
1450 3924 1500 3967 res

181 3991 233 4052 est
256 3987 361 4051 adhuc
384 3987 523 4068 integra,
547 3988 690 4054 sufficiat
713 3989 906 4055 iniustitiam
922 3990 1209 4072 deceptionemque
1233 3991 1350 4056 tollere
1367 4014 1386 4057 a
1404 3993 1499 4057 bene·

180 4077 316 4151 factore,
342 4080 378 4140 ut
402 4077 567 4158 reparatio
591 4077 768 4144 iniust'tiec
785 4082 958 4143 censeatur
973 4100 1045 4142 esse
1064 4080 1169 4156 factam
1195 4101 1258 4144 uon
1282 4080 1329 4146 ita
1345 4080 1377 4145 in
1395 4083 1499 4148 altero

181 4187 269 4231 casu.
317 4165 353 4229 ln
377 4165 438 4229 hoc
462 4165 574 4231 ultimo
599 4188 677 4231 casu
701 4168 854 4232 damnum
879 4189 921 4231 ex
951 4167 1041 4232 lucro
1072 4190 1136 4233 non
1166 4175 1261 4251 capto
1292 4191 1424 4253 semper
1453 4192 1498 4235 re·

180 4254 289 4338 parari
307 4255 411 4330 debet,
428 4276 533 4336 neque
550 4276 701 4338 umquem
717 4256 778 4321 dici
795 4261 905 4340 potest
921 4277 990 4320 rem
1006 4258 1165 4322 mansisse
1181 4257 1354 4339 integram,
1372 4260 1499 4341 quando

180 4345 231 4408 vis
247 4348 281 4409 et
298 4343 444 4426 deceptio
464 4346 626 4427 completa
643 4350 715 4411 erat
733 4351 833 4427 atque
849 4346 979 4428 plenum
1004 4368 1097 4411 suum
1115 4348 1264 4412 effectum
1289 4348 1497 4429 produxerat.

119 4480 170 4533 685
269 4459 321 4522 An
351 4479 543 4534 quxusrruu
570 4462 609 4523 2¹¹²
639 4460 677 4524 R.
705 4465 733 4526 1.
779 4462 816 4526 Iu
846 4461 953 4544 priore
985 4483 1062 4526 casu
1092 4461 1164 4538 ille,
1197 4461 1251 4542 qui
1282 4462 1385 4530 vincit
1415 4487 1498 4529 com-

180 4545 363 4628 petitorem,
387 4548 438 4612 ius
461 4548 610 4614 strictum
635 4550 676 4614 ad
700 4551 958 4615 ecclesiasticum
983 4550 1171 4615 beneficium
1196 4551 1305 4625 habet,
1330 4574 1351 4617 a
1374 4575 1438 4634 quo
1461 4573 1498 4618 ne

180 4635 387 4701 immediatus
411 4636 538 4719 quidem
567 4639 714 4721 superior
737 4640 994 4716 ecclesiasticus
1026 4640 1129 4705 multo
1154 4640 1260 4705 minus
1285 4643 1498 4717 examinator,
