3106 5168
186 296 251 360 402
326 290 366 344 De
385 291 533 344 virtutibus
550 294 579 345 et
597 290 694 344 officiis
713 308 778 358 erga
797 290 925 344 homines.
945 320 979 327 —
999 289 1051 344 Off.
1070 290 1142 344 circa
1160 290 1229 344 bona
1246 296 1373 345 externa.

186 472 275 543 pacto
297 487 351 526 suo
372 466 491 541 ligatus.
527 466 635 524 Verum
656 466 754 536 Anna,
776 486 851 542 quae
872 485 977 525 revera
998 466 1282 526 administrationem
1304 465 1430 525 liberem
1450 486 1509 525 non

187 549 325 616 habebat,
347 546 413 606 viro
428 566 481 605 suo
496 546 602 605 suadet
621 566 659 605 ne
674 547 850 616 consentiat,
872 551 961 621 atque
980 546 1024 604 ita
1047 552 1232 605 contractum
1248 546 1422 606 rescindere
1436 548 1509 616 vult,

186 627 245 685 nisi
267 626 418 686 Celerinus
440 629 497 686 500
511 645 567 686 mc.
588 626 676 703 pretii
697 626 831 703 stipulati
851 627 991 685 remittat.
1014 659 1053 667 -
1074 625 1145 685 Cum
1166 647 1237 685 vero
1257 627 1318 685 alia
1339 625 1407 685 vice
1421 628 1510 686 Anna

187 714 268 766 esset
287 707 317 765 in
339 706 511 765 condicione
531 725 593 765 rem
610 706 764 776 vendendi,
786 712 874 782 atque
895 712 963 782 post
983 707 1093 764 factam
1107 706 1306 765 venditionem
1327 707 1425 765 maius
1447 727 1509 784 pre

187 787 259 846 tium
281 787 307 845 ei
328 789 493 858 offerretur,
514 785 580 862 ipsa
601 786 686 845 alteri
709 786 834 862 emptori
853 805 914 844 rom
935 785 1003 843 ilico
1024 786 1166 857 vendidit,
1188 786 1285 864 priore
1306 786 1421 846 relicto.

187 891 363 961 Quurmrur
385 897 413 951 1⁰
439 893 557 968 quinam
578 891 694 969 possint
715 897 899 951 contractum
920 891 1024 950 initum
1046 910 1111 950 cum
1133 911 1185 962 eo,
1208 891 1337 967 quinon
1360 892 1401 950 sit
1423 893 1511 969 plene

439 973 485 1031 sui
505 972 587 1043 iuris,
609 972 785 1031 rescindere.

385 1065 415 1119 2⁰
441 1062 509 1137 quid
529 1061 561 1119 in
583 1079 655 1119 casu
676 1061 826 1137 proposito
848 1060 1017 1119 notandum·

778 1235 912 1302 Solutio.

124 1374 177 1428 796
274 1363 328 1426 An
351 1382 542 1437 uuaasrrru
568 1365 604 1425 1¹²²
636 1362 676 1427 R.
703 1365 731 1428 1.
783 1361 875 1426 Haec
905 1364 1130 1426 contractuum
1161 1359 1414 1426 rescindibilites
1444 1383 1508 1426 non

185 1451 292 1516 estin
316 1451 462 1515 favorem
486 1472 611 1527 eorum,
636 1450 690 1532 qui
713 1472 786 1515 cum
809 1451 878 1515 iure
902 1449 1068 1515 diminutis
1092 1453 1327 1514 contraxerunt
1351 1449 1397 1527 (hi
1422 1450 1507 1515 enim

185 1561 250 1604 non
284 1544 421 1622 possunt
455 1540 678 1604 rescissionem
711 1539 896 1619 invocare),
933 1539 989 1602 sed
1024 1539 1057 1602 in
1092 1538 1239 1603 favorem
1274 1538 1421 1620 ipsorum
1455 1539 1507 1622 qui

185 1629 272 1712 pleni
302 1629 381 1693 iuris
410 1649 474 1692 non
498 1635 590 1704 sunt,
621 1633 720 1709 atque
750 1650 861 1692 eorum
885 1628 939 1710 qui
964 1648 1035 1691 cum
1059 1626 1123 1691 illis
1147 1627 1339 1704 cohaerent,
1370 1626 1507 1710 ideoque

185 1738 296 1782 eorum
314 1721 510 1794 curatorum,
535 1716 689 1781 heredum
713 1737 769 1781 seu
794 1716 872 1781 iuris
895 1737 1127 1781 successorum.
1163 1715 1216 1781 lta
1238 1736 1280 1780 ex
1303 1715 1375 1780 iure
1391 1717 1506 1794 Gall,

187 1806 314 1871 Germ.
341 1811 402 1871 etc.

274 1903 312 1968 R.
339 1906 368 1969 2.
410 1903 557 1978 Curator,
582 1902 636 1984 qui
660 1905 851 1968 confirmare
874 1907 985 1985 potest
1008 1901 1164 1966 eiusmodi
1188 1906 1388 1979 contractus,
1415 1908 1505 1986 post·

186 2012 282 2073 quam
306 1992 527 2068 confirmavit,
558 1991 741 2057 rescindere
766 2013 821 2056 eos
848 1991 977 2073 nequit,
1008 2012 1112 2072 neque
1142 1993 1217 2073 post
1240 1990 1310 2054 eius
1334 1993 1505 2057 confirma·

184 2081 305 2147 tionem
330 2081 371 2145 ab
388 2080 453 2145 ullo
477 2086 613 2164 possunt
635 2080 792 2156 rescindi;
816 2079 872 2144 alii
892 2085 1012 2156 autern,
1037 2080 1091 2161 qui
1114 2080 1306 2144 confirmare
1329 2087 1504 2162 nequeunt,

185 2170 285 2235 etiam
308 2174 384 2254 post
408 2191 598 2234 consensum
623 2170 765 2235 scienter
789 2170 900 2234 datum
924 2169 1014 2233 illam
1037 2172 1173 2251 possunt
1196 2189 1364 2234 revocare.

123 2304 174 2357 797
273 2293 325 2357 An
349 2314 539 2368 cuarsrruu
563 2296 601 2356 2²¹
632 2293 670 2360 R.
698 2297 725 2358 1.
774 2290 885 2356 Videri
909 2291 1022 2369 debet,
1046 2312 1122 2355 num
1146 2292 1243 2355 Anna
1266 2290 1450 2356 Celerinum
1473 2292 1503 2356 in

185 2403 327 2446 errorem
351 2382 517 2447 induxerit
540 2382 592 2445 vel
622 2382 655 2446 in
678 2404 716 2446 eo
740 2381 992 2446 confirmaverit.
1040 2380 1072 2445 si
1103 2379 1151 2445 ita
1174 2384 1241 2456 est,
1274 2379 1348 2463 ipsa
1375 2385 1504 2446 tenetur

184 2492 227 2534 ex
251 2471 324 2534 dolo
348 2472 400 2535 vel
423 2471 539 2535 fraude
563 2471 734 2535 commissa
758 2469 904 2534 Celerina
928 2469 1080 2534 danmum
1104 2469 1191 2550 quod
1222 2490 1340 2551 passus
1372 2474 1426 2534 est
1454 2491 1503 2534 re·

185 2559 315 2624 sarcire.
363 2558 454 2624 Alias
485 2559 649 2624 Celerinus
681 2559 764 2623 scire
797 2558 907 2623 debuit
939 2559 990 2623 vel
1024 2557 1186 2639 inquirere
1217 2557 1250 2621 in
1283 2557 1503 2623 condicionem

185 2648 306 2725 uxoria,
331 2669 467 2729 quacum
492 2647 684 2712 contrahere
707 2647 862 2725 intendit;
887 2647 1032 2728 regimen
1048 2647 1133 2711 enim
1153 2646 1310 2711 bonorum
1325 2646 1414 2712 inter
1430 2669 1502 2712 cou-

184 2736 277 2818 iugcs
301 2737 385 2801 solet
407 2738 440 2800 in
463 2736 600 2819 publicis
624 2735 713 2800 libris
738 2758 809 2800 esse
833 2736 1033 2818 inscriptum.

273 2841 312 2907 R.
337 2844 366 2907 2.
416 2841 448 2905 Si
471 2841 573 2922 igitur
597 2843 688 2905 dolus
713 2842 765 2905 vel
788 2842 880 2905 fraus
904 2862 945 2904 ex
968 2846 1062 2922 parte
1086 2840 1202 2904 Annae
1226 2840 1385 2918 abfuerit,
1411 2842 1503 2906 Anna

184 2953 247 2995 non
278 2930 467 3013 impeditur,
500 2931 576 3012 quin
606 2935 808 2996 contractum
840 2929 1003 2994 rescindat
1026 2930 1202 2992 seeundum
1226 2929 1317 3010 leges
1341 2930 1421 3008 loci,
1452 2929 1501 2994 vel

183 3020 282 3085 etiam
307 3020 425 3084 marito
450 3021 596 3095 suadeat,
621 3040 661 3083 ne
685 3019 915 3083 consentiendo
940 3022 1142 3083 contractum
1167 3019 1345 3085 confirmet.

272 3127 310 3192 R.
337 3130 365 3192 3.
413 3127 504 3202 Quod
535 3128 699 3192 Celerinus
729 3148 764 3190 se
795 3126 931 3206 ligatum
962 3127 1091 3209 putavit
1122 3131 1155 3192 et
1185 3126 1394 3210 impeditum,
1426 3151 1501 3211 quo-

182 3217 288 3279 minus
305 3216 502 3281 oblationem
526 3216 587 3280 sibi
603 3216 815 3281 fai‘orabilem
833 3215 1004 3297 acciperet,
1031 3216 1159 3279 videt-ur
1175 3215 1244 3298 ipse
1261 3238 1332 3280 esse
1348 3218 1381 3281 in
1399 3220 1499 3301 culpa.

183 3305 334 3386 Alioquin
360 3306 471 3369 debuit
494 3306 606 3370 statim
631 3326 747 3386 urgere
764 3308 878 3368 Annae
902 3305 1064 3379 maritum,
1090 3310 1126 3369 ut
1145 3305 1337 3383 declararet,
1364 3308 1501 3373 velletne

183 3401 272 3458 stare
305 3394 506 3476 stipulationi
531 3416 604 3458 cum
628 3415 728 3458 uxore
752 3394 860 3457 factae
890 3415 932 3457 an
956 3394 996 3457 ab
1021 3414 1060 3457 ea
1089 3393 1250 3459 recedere.
1298 3394 1420 3470 Quodsi
1451 3397 1501 3459 ille

184 3483 333 3547 abnuerit
357 3488 446 3547 stare
471 3485 662 3561 contractui,
688 3483 853 3546 Celerinus
876 3482 958 3545 liber
981 3486 1062 3547 erat.

272 3589 310 3652 R.
336 3591 366 3652 4.
409 3589 542 3664 (lucendo
559 3588 656 3653 Anna
680 3590 750 3671 ipsa
775 3587 929 3664 vendidit,
955 3588 980 3650 si
1006 3588 1121 3652 aberat
1143 3588 1245 3661 fraus,
1269 3586 1339 3652 iure
1364 3611 1423 3654 suo
1447 3611 1500 3653 usa

184 3680 251 3752 est,
287 3676 444 3759 arripiens
468 3678 670 3742 occasionem
694 3677 753 3741 sibi
778 3677 883 3757 magis
906 3677 1120 3741 favorabilem
1151 3680 1184 3741 et
1216 3677 1405 3742 rescindens
1428 3700 1499 3742 con·

183 3770 324 3828 tractum
364 3788 434 3829 cum
472 3767 587 3847 priore.
643 3767 763 3829 Verum
795 3766 943 3846 aequitas
975 3767 1026 3828 vel
1060 3788 1118 3847 pro
1149 3765 1404 3832 circumstantiis
1434 3767 1499 3850 ipsa

185 3852 309 3917 iustitia
332 3855 535 3935 postulabat,
566 3861 601 3919 ut
624 3855 723 3937 priori
747 3854 885 3936 emptori
908 3876 961 3917 res
985 3854 1200 3928 intimaretur,
1226 3859 1402 3937 antequam
1428 3878 1497 3920 eon·

184 3947 291 4006 tractu
323 3943 381 4005 lme
414 3943 550 4006 rescisso
582 3944 666 4008 alter
692 3944 843 4017 miratum
876 3949 973 4023 aitque.
1004 3948 1040 4006 ut
1068 3943 1155 4024 prior
1179 3948 1322 4025 emptor,
1354 3946 1382 4008 si
1406 3945 1496 4009 etiam

183 4032 251 4113 ipse
275 4032 415 4113 pretium
441 4032 589 4095 simililer
613 4055 732 4113 augere
755 4033 862 4104 vellet,
888 4054 966 4113 prae
991 4033 1093 4095 altero
1117 4032 1166 4094 ius
1191 4032 1369 4115 aecipiendi
1394 4035 1496 4097 villam

183 4121 327 4185 liaberet.

356 4287 586 4350 IN'l'lllATltl
612 4288 666 4350 ET
692 4287 960 4351 adulteratio
990 4289 1036 4351 IN
1062 4289 1333 4354 (partimur.

738 4436 847 4500 Casus.
876 4446 951 4511 (aaa)

272 4574 377 4646 Ipsius
408 4574 516 4630 litteris
539 4573 615 4630 datis
637 4573 766 4629 lieberto
796 4574 881 4629 cll'ert
911 4574 1060 4646 praedium
1083 4581 1195 4631 statuto
1217 4575 1321 4648 pretio.
1364 4576 1433 4633 Cum
1459 4591 1494 4629 re·

186 4671 323 4725 sponsum
345 4655 423 4710 intra
445 4654 571 4710 triduum
595 4653 761 4728 exspectari
784 4654 887 4727 possit,
910 4661 976 4728 post
998 4654 1114 4728 elapsos·
1137 4658 1154 4710 5
1177 4654 1238 4711 dies
1263 4655 1370 4729 Lysias
1392 4652 1495 4730 quaerit
