3106 5168
162 291 227 354 544
654 285 694 339 De
712 284 819 354 legibus
837 285 985 341 Ecclesiae.

163 464 272 542 bale,
296 462 658 530 Ballerini·Palm.
684 464 803 546 aliique
836 484 899 528 nou
927 462 1023 547 pauci
1046 467 1240 529 enumerant
1263 463 1481 531 intersectas

161 554 223 619 hoc
246 553 384 619 articulo
408 553 592 636 perculsas:
623 552 799 619 societates
823 554 969 635 biblicus,
1000 552 1177 618 societates
1200 555 1480 633 clerico-liberulis,

162 648 286 708 sectam
316 645 643 727 neo-protestantium
666 639 706 723 (s.
731 645 879 707 veterum
904 641 1168 720 catholicorum),
1200 642 1377 709 societates
1402 664 1482 725 quae

162 734 430 814 communionum,
448 733 670 811 socialismam‚
688 733 1042 814 internetionclismum,
1064 732 1261 797 nibilismum
1278 733 1480 814 profitentur.

162 821 223 904 (Cf.
248 820 506 886 Ball-Palm.
531 824 572 886 tr.
600 822 650 897 11,
674 841 705 886 n.
731 818 821 901 451.)

251 927 289 992 R.
315 929 344 992 2.
391 925 456 990 Alii
481 926 577 991 aliter
600 925 762 1003 sentiunt,
793 925 960 1004 nimirum,
992 929 1030 990 ut
1052 925 1210 992 articulus
1240 925 1481 992 constitutionis

162 1019 271 1102 Apoet.
296 1017 391 1083 Sedis
415 1015 617 1092 verificetur,
648 1014 769 1097 requiri
791 1017 895 1099 mimo
918 1013 1160 1081 similitudinem
1185 1035 1258 1079 cum
1281 1018 1374 1080 secta
1398 1035 1482 1081 mas-

162 1104 273 1170 sonica
302 1103 335 1168 in
359 1104 602 1186 organisatione
627 1107 661 1169 et
683 1103 878 1180 directione,
909 1104 1044 1169 secundo
1074 1103 1320 1169 similitudinem
1349 1103 1383 1168 in
1410 1106 1479 1183 fine,

163 1213 257 1275 quem
274 1198 501 1276 prosequatur,
525 1197 560 1258 et
574 1192 608 1257 iu
624 1192 729 1269 modo,
754 1213 817 1274 quo
833 1194 928 1256 finem
946 1213 1040 1256 suurn
1056 1197 1282 1274 prosequatur.
1322 1192 1481 1276 Imprimis

163 1303 241 1364 ergo
265 1281 402 1364 requiri,
427 1287 464 1347 ut
487 1281 623 1347 directio
646 1285 757 1346 sectae
779 1281 922 1363 pendeat
945 1281 985 1345 ab
1009 1280 1144 1346 occultis
1168 1281 1318 1359 ducibus;
1350 1280 1426 1347 dein
1448 1286 1481 1347 ut
1512 1313 1517 1327 ·

163 1370 235 1436 finis
258 1371 303 1437 sit
325 1370 452 1435 eversio
469 1369 676 1435 auctoritatis
698 1370 769 1434 sive
787 1369 1028 1436 ecclesiasticae
1055 1368 1126 1435 sive
1150 1369 1263 1448 civilis,
1289 1391 1384 1452 quem
1409 1371 1481 1436 sub·

163 1460 245 1525 dolis
261 1459 323 1523 viis
346 1463 380 1524 et
403 1459 529 1525 artibus
545 1463 793 1541 prosequantur.
832 1458 952 1536 Quodsi
975 1458 1056 1524 haec
1077 1464 1243 1525 momenta
1266 1458 1387 1536 adsint,
1411 1481 1480 1544 per·

161 1548 237 1613 inde
260 1568 349 1625 esse,
382 1551 491 1613 utrum
515 1547 698 1630 prosecutio
721 1548 794 1612 finis
817 1548 926 1630 palam
949 1549 1009 1613 fiat
1031 1568 1073 1613 an
1097 1548 1231 1613 occulte.
1279 1547 1481 1632 Quapropter

162 1636 194 1701 hi
226 1639 377 1701 auctores
406 1636 568 1702 nihilietas
599 1636 727 1718 quidem
757 1641 791 1703 et
820 1636 1025 1702 anarchistas
1055 1657 1127 1701 cum
1156 1637 1378 1701 muratoribus
1408 1658 1479 1703 con-

162 1726 319 1807 iungunt,
353 1724 568 1791 communium
599 1746 678 1789 vere
708 1725 946 1791 socialistarum
977 1725 1152 1791 societates
1181 1725 1223 1790 ab
1254 1726 1315 1791 hec
1346 1726 1479 1792 articulo

163 1814 270 1879 bullae
294 1817 401 1899 Aperi.
427 1815 521 1880 Sedis
544 1814 700 1879 eximunt.
747 1814 836 1891 Quae
859 1813 1104 1897 interpretatio,
1135 1835 1207 1878 cum
1230 1814 1409 1897 probabilis
1430 1814 1478 1891 sit,

163 1902 308 1986 practice
330 1907 440 1985 potest
463 1903 577 1969 teneri.
602 1939 646 1948 —
675 1904 727 1968 Ita
749 1902 1036 1979 Vermeersch,
1061 1903 1111 1967 De
1131 1903 1343 1987 prohibitione
1368 1912 1395 1968 ei
1417 1927 1478 1969 cen·

163 2015 241 2058 aare
266 1992 420 2057 librorum
443 2013 474 2074 p.
501 1994 542 2057 64
559 2013 646 2074 sqq.;
671 1991 927 2057 Laurentius
951 1992 971 2056 l.
997 2014 1024 2056 c.
1050 2013 1080 2057 n.
1105 1995 1181 2058 416.

250 2097 289 2163 R.
315 2099 345 2163 3.
393 2096 610 2162 Nihilominus
633 2096 692 2161 vix
715 2118 780 2161 non
803 2118 932 2175 omnes,
963 2096 1017 2178 qui
1043 2096 1098 2162 uni
1122 2118 1164 2162 ex
1185 2099 1364 2182 praedictis
1385 2098 1478 2164 sectis

163 2186 342 2252 adhaerent
373 2185 505 2267 eiusque
537 2187 618 2251 fines
649 2185 790 2252 scientes
813 2191 1069 2270 prosequantur,
1101 2186 1265 2252 severiore
1295 2188 1398 2254 etiam
1426 2208 1478 2252 ex·

164 2274 455 2341 communicatione
478 2274 623 2355 ligantur
646 2279 781 2357 propter
803 2275 971 2353 haereses,
996 2295 1078 2358 quas
1100 2275 1134 2339 in
1157 2296 1195 2340 eo
1220 2296 1297 2340 casn
1321 2297 1386 2342 non
1410 2297 1477 2360 pos·

163 2368 240 2430 sunt
268 2385 332 2429 non
362 2363 507 2447 profiteri
531 2363 583 2428 vel
606 2363 724 2429 saltem
754 2363 876 2429 iuvare.
924 2364 985 2445 (cf.
1015 2364 1146 2430 constit.
1170 2367 1370 2448 Apostolicce
1391 2366 1478 2433 Sedis

164 2473 226 2519 ser.
251 2453 276 2529 I,
301 2458 363 2518 art.
391 2452 433 2533 1.)

252 2542 374 2606 Verum
398 2541 426 2605 si
449 2540 522 2605 finis
546 2544 656 2604 sectae
686 2560 744 2605 seu
769 2539 936 2607 societatis
959 2540 1141 2607 formaliter
1171 2563 1235 2606 non
1259 2545 1310 2607 est
1341 2541 1478 2609 haeresis

66 2658 70 2663 ·
164 2629 381 2713 propugnatio
405 2633 439 2694 et
455 2628 610 2705 defensio,
634 2629 692 2694 sed
715 2630 895 2712 temporale
918 2629 1075 2695 auxilium
1099 2633 1246 2695 mutuum
1263 2630 1391 2696 aliusve
1413 2631 1479 2696 finis

163 2719 196 2782 in
220 2740 255 2783 se
279 2719 444 2793 honestus,
469 2718 531 2782 etsi
554 2717 699 2782 haeresis
714 2719 915 2800 profitendae
932 2718 985 2783 vel
1008 2719 1169 2784 iuvandae
1192 2719 1373 2802 periculum
1391 2719 1478 2786 adsit

163 2807 261 2872 facile
290 2807 312 2870 ii
342 2807 500 2871 immunes
530 2810 605 2872 sunt
633 2828 653 2872 a
677 2828 830 2882 censura,
862 2807 931 2888 qui,
963 2808 1122 2872 haeresim
1154 2812 1253 2890 atque
1282 2808 1478 2891 impietaten

164 2901 327 2962 sectarum
344 2896 557 2972 detestantes,
583 2917 654 2960 oum
679 2900 770 2962 secta
793 2896 849 2961 illa
866 2897 1190 2962 communicationem
1214 2897 1380 2965 sustinent
1399 2919 1479 2963 eam·

164 3007 226 3067 que
256 2991 450 3069 promovent
481 3005 523 3049 ex
554 2986 624 3049 sola
655 3006 754 3049 causa
785 2985 992 3049 emolumenti
1024 2985 1127 3051 mutui
1158 2987 1354 3068 procurandi
1388 2993 1478 3069 atque

165 3074 321 3140 sumendi.

87 3200 155 3254 1059
252 3188 305 3253 An
329 3210 518 3264 oussmrun
544 3191 582 3252 2ω
612 3189 650 3254 R.
680 3193 706 3253 l.
760 3190 811 3253 Ex
842 3189 936 3255 dictis
967 3193 1060 3271 patet
1090 3189 1325 3254 confessarium
1359 3189 1479 3255 Aristo*

164 3278 279 3361 phanis
303 3279 449 3343 severius
473 3277 643 3354 iudicasse,
668 3299 739 3341 cum
764 3299 828 3342 non
852 3282 979 3343 constet
1003 3299 1075 3342 eum
1100 3278 1273 3343 incurrisse
1298 3299 1479 3345 excommu-

165 3367 361 3433 nicationem
385 3370 519 3449 propter
542 3366 825 3449 participationem
850 3388 922 3431 curn
946 3367 1159 3432 societatibus
1182 3368 1357 3433 damnatis.

254 3464 369 3545 Neque
399 3485 441 3528 ex
470 3463 597 3528 haeresi
626 3464 678 3527 vel
709 3464 852 3528 haeresis
877 3464 990 3528 favore
1013 3463 1251 3547 Aristophanes
1282 3465 1480 3531 contraxisse

165 3553 295 3617 videtur
308 3553 674 3618 excommunicationem
691 3553 823 3635 speciali
839 3553 934 3617 modo
947 3553 1093 3618 Romano
1107 3553 1254 3618 Pontifici
1269 3559 1480 3620 reservatam.

164 3641 251 3706 Nam
275 3663 346 3705 eum
371 3641 548 3724 respiceret
571 3643 657 3706 solos
680 3643 761 3706 fines
785 3641 981 3724 temporales
1006 3663 1047 3706 ex
1070 3664 1105 3707 se
1129 3642 1300 3720 honestes,
1333 3665 1374 3708 ne
1398 3641 1481 3724 cogi·

165 3735 254 3796 tasse
271 3731 399 3811 quidem
416 3731 546 3794 videtur
562 3731 601 3794 de
624 3730 740 3794 finibus
763 3730 953 3812 irreligiosis
977 3731 1225 3808 socialistarum,
1251 3752 1388 3813 qnorum
1412 3752 1482 3815 pro-

165 3819 396 3883 movendorum
421 3819 563 3900 periculo
587 3840 622 3883 se
646 3826 790 3902 exponat
814 3841 872 3902 per
895 3819 1050 3902 pecuniae
1075 3821 1290 3885 collationem.

255 3925 292 3988 R.
312 3928 340 3989 2.
381 3922 537 3987 Attamen
554 3924 666 4005 gravis
687 3923 842 4004 obligatio
862 3924 1068 3988 nihilominus
1084 3924 1296 4007 Aristophani
1321 3924 1483 4000 incumbit.

166 4014 250 4078 omni
271 4012 550 4077 communicationi
576 4034 647 4076 oum
671 4013 844 4077 socialistis
870 4014 1079 4078 valedicendi.
1120 4014 1204 4078 Nam
1229 4014 1285 4078 illa
1309 4016 1483 4079 communi-

166 4103 250 4167 catio
275 4107 342 4166 tum
368 4102 543 4184 periculum
570 4105 659 4165 creat
683 4124 745 4165 non
770 4103 842 4166 leve
865 4102 1094 4185 Aristophanis
1117 4102 1191 4167 fidoi
1215 4108 1248 4168 et
1273 4104 1365 4168 bouis
1390 4105 1483 4169 mori-

166 4194 241 4269 buS,
274 4197 342 4257 tum
374 4196 508 4273 propter
531 4191 759 4254 conferendam
790 4192 958 4273 pecuniam
987 4214 1022 4256 re
1053 4192 1123 4274 ipsa
1151 4213 1271 4275 pravos
1296 4194 1377 4257 fines
1401 4194 1484 4276 posi-

166 4281 233 4345 tivo
263 4281 374 4344 iuvat:
406 4300 488 4361 quae
512 4301 591 4343 sane
615 4286 691 4345 sunt
721 4302 853 4363 prorsus
880 4280 1003 4345 illicita.
1057 4282 1158 4345 Recte
1181 4280 1282 4361 igitur
1306 4282 1483 4364 postulavit

167 4369 401 4445 confessarium
427 4373 479 4445 ut,
505 4369 531 4432 si
556 4369 681 4432 absolvi
706 4371 820 4446 vellet,
845 4369 1019 4434 socialistis
1044 4369 1262 4442 renuntiaret3
1287 4370 1401 4449 immo,
1427 4372 1485 4434 nisi

166 4458 277 4538 gravis
301 4457 386 4520 ratio
404 4458 520 4533 obstet,
547 4463 721 4538 antequam
745 4459 978 4535 absolveretur,
1004 4459 1167 4539 urgendus
1190 4462 1272 4534 erat,
1298 4466 1336 4526 ut
1359 4483 1394 4525 re
1419 4462 1485 4544 ipsa

167 4567 281 4609 nomen
306 4568 398 4610 suum
424 4566 597 4610 enumero
622 4547 858 4612 socialistarum
884 4552 917 4612 et
941 4548 1009 4611 eius
1034 4552 1162 4624 coetae,
1189 4547 1243 4628 qui
1269 4571 1288 4613 a
1312 4550 1486 4616 socialistis

167 4634 326 4716 dirigitur,
352 4640 482 4700 curaret
506 4637 765 4718 expungendum.
