3106 5168
168 277 233 341 300
304 272 345 326 De
363 272 511 326 virtutibus
530 275 559 325 et
576 270 674 327 officiis
693 288 759 341 erga
776 271 907 326 homines.
926 301 961 309 -
980 271 1031 327 Off.
1051 272 1123 327 circa
1141 271 1210 327 bona
1229 274 1350 326 externa.

106 458 159 513 590
256 450 312 514 Ad
342 451 380 513 2¹²²
411 470 537 514 casurae:
569 448 674 513 Canes
701 447 771 513 sine
794 448 891 514 dubio
915 452 1089 515 censentur
1111 448 1198 515 inter
1220 447 1377 515 animalia
1399 470 1491 515 man·

168 541 263 604 sueta
285 542 320 604 et
343 537 531 604 domestica.
577 537 718 619 Ideoque
741 557 799 614 eo,
831 538 917 620 quod
946 536 1056 619 aliquo
1085 542 1233 621 tempore
1264 538 1363 603 alieni
1394 558 1492 604 canes

168 627 331 692 Venantio
355 626 573 704 adhaeserint,
597 647 662 691 uon
685 627 732 699 lit,
756 625 848 692 utin
872 626 942 692 eius
961 625 1136 691 dominium
1159 625 1350 693 transierint
1373 627 1428 693 vel
1452 629 1492 693 ab

170 737 208 781 eo
233 716 383 799 occupari
406 715 543 799 possint.
590 714 698 792 Quare
721 736 777 780 eos
801 717 942 781 vendere
966 736 1030 780 non
1053 715 1170 799 potuit.

257 812 475 878 Nihilominus
505 812 532 877 si
562 812 632 896 ipse
655 833 766 877 curam
797 812 829 877 in
859 813 899 877 iis
927 812 1114 878 excolendis
1137 812 1285 879 adhibuit
1315 832 1493 895 eorumque

168 901 263 969 valor
291 901 367 966 inde
397 901 518 967 crevit:
549 921 629 967 sane
659 922 718 985 pro
749 901 902 985 expensis
931 901 1030 967 factis
1056 907 1090 969 et
1119 902 1231 967 labore
1254 903 1307 967 vel
1330 903 1493 969 industria

169 990 315 1058 exercita
338 988 637 1075 compensationem
660 990 840 1072 quandam,
868 990 896 1055 si
919 991 1026 1055 minus
1049 1012 1091 1055 ex
1114 1012 1240 1055 summo
1262 991 1348 1068 iure,
1373 992 1493 1059 saltem

169 1102 211 1146 ex
241 1079 410 1161 aequitate
438 1080 606 1164 postulare
635 1084 754 1162 potest.
802 1078 978 1156 Quominus
1002 1101 1043 1145 ex
1070 1101 1196 1145 summo
1225 1080 1295 1144 iure
1325 1080 1493 1163 postulare

168 1169 289 1254 possit,
320 1169 405 1234 ratio
436 1190 476 1234 ea
505 1168 614 1245 obest,
647 1168 732 1250 quod
762 1168 863 1234 inscio
887 1174 921 1234 et
944 1170 1086 1234 fortasse
1115 1169 1220 1235 invito
1243 1169 1372 1234 domino
1400 1170 1433 1234 in
1458 1192 1493 1235 re

169 1258 277 1325 aliena
292 1263 440 1342 sumptus
462 1258 656 1339 laboresque
671 1256 892 1324 collocaverit.
908 1294 952 1304 -
968 1257 1089 1323 Verum
1102 1256 1294 1335 Venantius‚
1319 1263 1492 1341 postquam

169 1347 389 1413 venditionem
413 1345 545 1424 fecerit,
577 1346 610 1411 in
634 1345 852 1413 conscientiae
875 1347 964 1424 foro,
995 1345 1022 1411 si
1047 1347 1088 1412 ad
1112 1352 1284 1413 externum
1308 1348 1415 1412 forum
1440 1368 1493 1412 res

168 1458 233 1502 non
266 1435 436 1502 deducitur
465 1456 525 1501 nec
557 1434 769 1511 diiudicatur,
799 1435 963 1502 satisfacit
992 1434 1194 1501 restituendo
1222 1435 1375 1501 damnum
1407 1436 1493 1518 quod

170 1525 290 1592 domini
314 1545 429 1590 canum
453 1523 541 1608 passi
566 1529 652 1600 sunt,
677 1520 820 1606 alioquin
844 1525 988 1589 valorem
1013 1545 1129 1589 canum
1152 1525 1333 1608 pristinum.

706 1747 959 1815 OCCUPATIO.

722 1912 832 1979 Casus.
861 1920 937 1989 (176)

259 2061 463 2138 Chrysanthus
484 2062 630 2136 integrum
651 2081 769 2137 gregem
791 2063 882 2120 habet
903 2082 1057 2138 equorum,
1079 2068 1112 2120 ut
1128 2063 1199 2121 data
1220 2063 1376 2121 occasione
1398 2083 1436 2121 ex
1458 2064 1492 2121 iis

171 2141 305 2218 accipere
333 2143 445 2219 possit;
477 2142 606 2216 alioquin
637 2142 666 2200 in
695 2148 780 2219 prato
808 2143 925 2220 publico
954 2146 1008 2201 sub
1037 2143 1146 2202 nullius
1175 2143 1302 2202 dominio
1330 2144 1492 2202 constituto

171 2223 290 2281 aluntur
304 2228 334 2280 et
347 2227 503 2297 vagantur.
539 2222 663 2281 Vicinus
682 2223 809 2298 quidam.
831 2241 896 2282 cum
918 2224 975 2281 iter
994 2224 1095 2281 facere
1116 2224 1231 2291 debeat,
1253 2223 1346 2281 inscio
1367 2225 1492 2287 domino.

171 2302 296 2378 aliquem
321 2321 425 2378 equum
448 2302 503 2360 sibi
525 2304 615 2360 sumit
634 2303 774 2378 illumque
795 2303 824 2360 in
846 2303 952 2361 itinere
974 2303 1016 2361 ita
1037 2312 1157 2362 exercet
1178 2310 1208 2362 et
1222 2303 1329 2371 domat,
1352 2312 1386 2362 ut
1406 2305 1493 2362 facile

171 2401 236 2440 eum
258 2402 310 2459 pro
335 2385 410 2441 1000
432 2383 539 2440 marcis
560 2383 688 2441 vendere
710 2383 812 2458 possit.
855 2383 938 2454 erod
966 2403 998 2442 re
1019 2383 1086 2459 ipsa
1107 2384 1194 2449 iacit,
1224 2383 1349 2459 pretium
1372 2383 1430 2442 sibi
1452 2404 1492 2442 re·

170 2462 285 2527 tineus,
315 2482 379 2520 cum
408 2482 559 2521 numerum
582 2482 719 2538 equorum
740 2462 947 2538 Chrysanthus
975 2464 1090 2522 neseiat
1119 2483 1213 2539 neque
1235 2463 1312 2521 scire
1333 2465 1430 2540 possit
1458 2484 1492 2522 ex

170 2561 206 2600 ea
227 2561 318 2601 causa
339 2543 416 2618 quod
436 2563 494 2601 non
515 2561 583 2601 raro
605 2562 642 2601 ex
663 2542 701 2601 iis
721 2549 852 2618 pereant.

170 2646 347 2718 anunrruu
368 2654 464 2706 utrum
476 2643 578 2706 'vicino
599 2648 642 2706 illi
663 2649 706 2707 ita
721 2666 810 2724 agere
830 2649 957 2721 licuerit,
980 2669 1018 2707 an
1032 2648 1158 2725 pretium
1179 2648 1250 2707 illud
1265 2648 1373 2707 debeat
1387 2648 1491 2725 Chrys·

370 2729 459 2786 anthe
481 2728 648 2788 restituere.

766 2849 901 2916 Solutio.

110 3007 161 3060 591
262 2991 312 3056 An
336 3013 527 3067 ouansmuu
550 2992 588 3057 R.
609 2995 636 3058 1.
685 2992 809 3056 Solutio
834 3012 929 3056 casus
953 2992 1233 3074 pendetmultunr
1257 2993 1406 3069 aurudo,
1432 3014 1492 3074 quo

171 3081 395 3164 Chrysanthus
419 3102 530 3145 omnes
553 3081 626 3145 illos
650 3102 750 3161 equos
774 3082 984 3164 occupaverit
1013 3103 1131 3145 suosve
1160 3081 1284 3148 fecerit.
1333 3082 1367 3146 Si
1391 3083 1492 3146 solum

171 3192 306 3253 gregem
329 3170 362 3234 in
385 3191 521 3252 genere.
554 3191 616 3233 non
641 3169 770 3251 singula
792 3169 959 3235 individua
982 3169 1098 3234 fecerit
1122 3191 1196 3247 sua,
1222 3170 1434 3245 itascilicet,
1459 3177 1493 3234 ut

171 3260 240 3343 ipse
264 3281 343 3343 prae
367 3259 439 3324 aliis
463 3260 566 3323 solum
591 3259 640 3322 ius
663 3259 784 3324 habere
807 3259 956 3324 intendat
980 3280 1021 3323 ex
1046 3259 1094 3336 iis,
1122 3260 1249 3339 quando
1274 3263 1308 3324 et
1331 3280 1413 3341 quos
1437 3282 1493 3323 vo-

171 3348 278 3425 luerit,
305 3347 482 3432 occupandi
499 3351 532 3412 et
548 3369 624 3411 siros
639 3346 795 3412 faciendi:
820 3347 946 3412 vicinus
965 3346 1152 3431 accipiendo
1169 3349 1309 3429 aliquem
1334 3350 1492 3431 exequie,

172 3438 271 3502 etiam
296 3458 367 3501 cum
398 3435 578 3503 intentione
602 3457 674 3501 eum
699 3436 838 3502 faciendi
869 3459 978 3513 suum,
1011 3436 1168 3502 iustitiam
1199 3437 1347 3519 graviter
1376 3439 1492 3503 saltem

171 3548 236 3591 non
260 3526 365 3591 laesit.
404 3525 484 3590 Rern
510 3526 556 3590 ita
581 3546 616 3590 se
639 3525 760 3590 habere
783 3525 886 3590 conici
910 3526 1116 3607 aliquatenus
1140 3530 1249 3609 potest
1272 3547 1313 3590 ex
1336 3547 1385 3604 eo,
1410 3528 1493 3609 quod

171 3616 203 3681 in
229 3636 306 3680 casu
330 3618 464 3679 narrato
488 3613 632 3679 condicio
657 3635 811 3696 equorum
835 3614 883 3681 ita
906 3614 1036 3678 videtur
1059 3615 1247 3691 immutata,
1278 3620 1313 3679 ut
1337 3637 1402 3679 non
1426 3638 1494 3680 am-

172 3705 256 3788 plius
280 3705 374 3787 plene
398 3704 463 3768 sint
487 3703 572 3770 inter
588 3703 742 3768 animalia
766 3709 937 3769 mansueta
961 3710 994 3769 et
1011 3704 1188 3769 domestica
1212 3704 1413 3782 numerandi,
1439 3706 1494 3770 sed

172 3792 371 3859 accesserint
395 3793 630 3874 quodammodo
655 3792 696 3856 ad
720 3793 874 3858 animalia
897 3794 1043 3858 efferata.

262 3898 299 3961 ll.
325 3901 354 3963 2.
407 3898 439 3963 Si
473 3919 550 3962 vero
584 3898 809 3979 Chrysanthus
841 3898 988 3980 singulos
1022 3920 1121 3980 equos
1154 3898 1218 3963 iam
1251 3900 1377 3964 fecerat
1409 3922 1494 3969 suos·

172 3987 297 4052 vicinus
314 3986 507 4051 assumendo
524 4008 641 4069 equum
666 3991 702 4052 ut
718 3986 893 4070 proprium,
918 3988 1076 4053 iustitiam
1093 3988 1199 4063 laesit,
1224 3987 1320 4069 idque
1337 3990 1494 4070 graviter.

173 4077 199 4141 si
216 4078 310 4141 valor
327 4077 400 4158 equi
423 4076 455 4139 in
472 4076 531 4140 tali
548 4075 734 4140 condicione
751 4076 847 4159 positi
872 4083 984 4141 tantus
1009 4083 1089 4149 erat,
1115 4083 1151 4142 ut
1172 4098 1305 4157 gravem
1324 4079 1494 4144 materiam

172 4167 205 4230 in
229 4166 317 4231 furto
341 4165 536 4245 attingeret;
566 4165 594 4228 si
618 4163 703 4229 tanti
726 4186 789 4228 non
814 4166 947 4232 valebat
970 4167 1146 4230 secundum
1170 4188 1372 4231 conrmunem
1397 4170 1495 4233 aesti-

173 4256 360 4327 mationem,
384 4253 511 4318 leviter.
537 4292 578 4299 —
602 4252 743 4317 Facilius
767 4254 866 4319 etiam
891 4255 1041 4319 excusari
1064 4260 1204 4337 poterat,
1230 4256 1255 4319 si
1281 4257 1495 4323 intentionem

173 4351 299 4410 tantum
314 4342 537 4408 commodandi
550 4341 623 4423 equi
640 4342 753 4407 habuit
769 4348 867 4425 atque
880 4344 976 4408 tricini
994 4344 1043 4408 sui
1057 4365 1248 4408 consensum
1261 4349 1494 4431 praesumpsit:

174 4433 205 4496 id
230 4434 313 4496 enim
339 4454 396 4515 pro
421 4431 559 4496 diversis
582 4430 743 4495 adiunctis
767 4432 1006 4498 rationabiliter
1029 4433 1099 4497 fieri
1122 4454 1217 4515 posse
1242 4456 1306 4498 non
1331 4458 1425 4517 nego.

264 4539 300 4603 R.
333 4543 362 4603 3.
418 4538 455 4601 In
487 4536 709 4620 suppositione
741 4538 911 4604 solutionis
944 4539 976 4602 in
1010 4539 1048 4603 R.
1083 4541 1096 4601 l
1133 4537 1258 4602 ricinus
1291 4539 1346 4603 ille
1380 4562 1494 4623 equum

174 4626 298 4692 iecerat
322 4648 414 4690 sumn
443 4647 579 4706 euinque
604 4631 718 4707 postea
741 4648 761 4690 a
785 4647 820 4692 se
845 4628 1009 4693 excultum
1033 4627 1174 4691 vendere
1207 4627 1414 4711 pretiumque
1447 4652 1494 4694 re·
