3106 5168
212 292 347 349 Bonorum
366 294 535 365 privatorum
553 294 696 363 acquisitio
717 323 753 332 —
775 297 935 364 commiatic,
954 299 995 349 rei
1011 298 1130 362 furtivae
1148 301 1250 366 emptio.
1329 301 1392 366 309

158 470 293 549 Quando
316 471 418 555 igitur
449 492 514 537 non
543 475 696 538 accurate
726 472 842 550 scitur,
876 477 1033 554 quantum
1056 473 1156 538 linum
1180 494 1394 557 unaquaeque

68 581 111 627 cx
134 580 217 643 agro
240 581 299 626 suo
322 561 483 638 habuerit,
507 560 540 625 id
563 561 647 627 bono
668 564 704 626 et
718 581 823 643 aequo
838 561 956 628 iudicio
979 562 1149 646 prudentia
1164 563 1279 628 arbitri
1295 563 1394 628 relin-

68 650 232 732 quendum
256 654 317 728 est,
342 654 379 716 ut
401 671 460 735 pro
476 649 701 732 magnitudine
717 654 751 717 et
769 649 942 717 fertilitate
958 671 1112 733 agrorum
1128 651 1293 726 decernat,
1318 651 1394 735 quid

68 743 360 893 quaoqpebsumat.
407 739 514 816 Quare
537 738 565 803 si
588 758 672 821 quae
695 739 779 804 hanc
802 758 988 806 mensuram
1012 740 1200 818 excesserit,
1223 740 1296 806 aliis
1319 741 1394 806 red·

92 848 148 893 ere
193 832 279 895 eet.

488 947 570 1014 Rus
595 947 793 1014 FURTIVA
815 947 976 1016 EMPTA.

629 1090 739 1156 Casus.
766 1096 843 1163 (183)

160 1220 344 1280 Mamachius
373 1220 453 1280 lanio
481 1220 555 1280 duaa
583 1239 654 1279 oves
683 1221 754 1280 emit
781 1226 812 1279 et
838 1225 966 1289 mactat,
995 1238 1068 1295 qnae
1096 1218 1232 1279 venditor
1258 1239 1275 1278 e
1304 1237 1395 1295 grege

68 1301 179 1360 Domni
208 1300 309 1360 furtim
340 1302 522 1371 abstulerat,
552 1320 710 1376 earumque
741 1319 847 1360 carnes
877 1301 999 1360 venales
1029 1300 1158 1377 exponit.
1215 1298 1299 1370 Quod
1330 1318 1394 1358 oum

69 1382 204 1440 Domnna
218 1381 355 1452 advertit,
377 1381 478 1440 statim
494 1381 632 1452 accurrit,
653 1381 774 1458 vultque
789 1399 896 1440 carnes
916 1381 993 1440 iatas
1014 1384 1048 1439 ut
1063 1399 1134 1440 aues
1154 1399 1255 1439 secum
1269 1379 1395 1441 auferre.

70 1484 248 1556 (ineramus
270 1490 369 1545 utrum
390 1505 495 1545 carnes
515 1486 584 1545 illae
605 1487 781 1545 transierint
801 1485 831 1544 in
853 1484 1012 1543 dominium
1032 1484 1206 1555 Mamaehii,
1236 1504 1274 1543 an
1295 1485 1325 1543 in
1348 1486 1395 1544 do·

270 1565 359 1625 minio
381 1566 489 1625 Domni
510 1566 682 1626 manserint.
725 1565 780 1638 (cf.
802 1566 914 1625 Elbel
934 1566 953 1625 l.
976 1566 1013 1634 c.)

666 1721 801 1788 Salutio.

161 1837 214 1902 An
237 1858 428 1914 ouansrrure
458 1839 497 1905 R.
525 1841 553 1903 1.
600 1837 675 1902 lure
698 1837 841 1903 naturali
871 1841 905 1904 et
934 1859 953 1903 e
976 1837 1139 1921 plerisque
1163 1836 1286 1902 iuribus
1309 1836 1396 1922 posi·
1406 1854 1458 1909 ecs

69 1926 149 1993 tivis
173 1927 294 2012 emptio
317 1926 438 2004 afure,
463 1926 525 1993 etsi
549 1926 634 1992 bona
657 1926 720 1991 fide
743 1927 842 2004 facta,
867 1925 1043 1992 dominium
1067 1927 1175 1991 ovium
1199 1947 1265 1993 non
1286 1931 1396 1993 trans·

70 2016 148 2082 tulit
183 2016 216 2082 iu
244 2015 472 2082 Mamaehium.
528 2015 660 2099 Emptio
692 2014 777 2080 enim
807 2015 855 2091 rei
885 2015 1012 2081 alienae
1041 2016 1094 2081 vel
1125 2015 1309 2098 generatim
1338 2037 1398 2101 per

69 2106 141 2170 eius
170 2105 379 2172 traditionem
411 2126 475 2170 non
505 2105 686 2188 perficitur,
716 2105 775 2170 sed
798 2104 974 2170 dominium
1003 2109 1115 2171 manet
1138 2105 1225 2189 apud
1254 2104 1396 2189 priorem

70 2194 253 2272 dominum,
284 2194 336 2258 vel
361 2214 381 2259 a
402 2193 619 2259 translatione
642 2193 774 2258 dominii
802 2193 1020 2259 exeluduntur
1049 2214 1103 2259 res
1132 2193 1220 2260 furto
1247 2193 1397 2260 sublatae

70 2283 141 2349 sive
164 2283 304 2349 amissae
328 2281 383 2365 (cl.
409 2283 478 2348 cod.
504 2281 611 2348 Germ.
630 2282 647 2363 ἐ
667 2283 755 2365 935).
772 2281 934 2348 —Immo
958 2281 986 2347 si
1009 2303 1093 2364 quae
1115 2282 1206 2365 leges
1230 2282 1397 2366 excipiunt

69 2394 124 2438 res
148 2371 294 2456 publicas
310 2371 343 2436 in
359 2370 510 2436 nundinis
526 2392 583 2436 seu
607 2371 640 2435 in
664 2370 735 2436 foro
759 2375 897 2455 emptas,
922 2371 954 2436 id
978 2392 1043 2436 non
1065 2371 1208 2455 putarim
1232 2371 1396 2438 dominum

69 2462 118 2528 ita
142 2461 299 2541 obligare,
323 2465 360 2527 ut
383 2460 502 2526 debeat
525 2460 558 2525 in
581 2459 781 2527 conscientia
804 2460 969 2527 abstinere
986 2460 1241 2527 evindicatione
1264 2465 1298 2527 et
1318 2480 1397 2544 oap-

69 2551 160 2617 tione
184 2571 264 2616 suae
287 2549 344 2629 rei,
369 2549 396 2614 si
420 2569 492 2615 eam
516 2549 603 2614 forte
627 2549 746 2614 alicubi
769 2549 938 2634 repererit.

160 2654 199 2723 R.
224 2659 254 2722 2.
298 2654 361 2721 Sed
385 2654 449 2720 iam
474 2654 586 2737 quaeri
609 2659 729 2738 potest,
755 2677 832 2720 num
855 2655 1032 2720 dominium
1055 2654 1088 2719 in
1111 2653 1330 2721 Mamaehium
1354 2654 1458 2722 sittot

69 2746 267 2812 translatum
292 2745 484 2811 exactione
508 2744 720 2826 subsequenti
750 2748 894 2828 peracta.
942 2743 1027 2810 Nam
1051 2764 1167 2809 revera
1190 2743 1246 2826 qui
1268 2743 1397 2810 actione

70 2856 130 2901 sua
153 2855 223 2899 rem
246 2832 463 2899 transformat
485 2832 518 2897 in
542 2853 678 2915 eamque
702 2833 801 2900 aliam
823 2833 964 2917 speciem
982 2853 1039 2898 seu
1054 2833 1329 2917 specificationum
1347 2833 1396 2898 in·

70 2924 176 3000 ducit,
207 2921 303 2987 huius
334 2942 440 2988 novae
469 2922 517 2986 rei
547 2921 723 2988 dominium
753 2922 909 3004 acquirit3
939 2943 999 3006 pro
1022 2923 1108 2987 bona
1131 2942 1209 2987 vero
1233 2923 1287 2987 vel
1310 2922 1397 2988 mala

70 3014 144 3091 lide,
170 3032 307 3094 quacum
331 3015 440 3077 actum
465 3016 525 3087 est,
550 3010 649 3094 priori
674 3011 803 3077 domino
826 3011 900 3095 plus
922 3010 1071 3076 minusve
1093 3010 1231 3076 actionis
1254 3011 1288 3076 in
1312 3032 1395 3088 eum,

70 3103 125 3184 qui
150 3101 197 3166 rei
221 3100 347 3166 alienae
371 3121 489 3165 novum
514 3100 641 3166 dederit
663 3101 949 3184 specificationem,
974 3099 1171 3165 conceditur.

159 3207 198 3274 It.
223 3209 254 3273 3.
301 3206 338 3271 In
363 3210 475 3271 nostro
498 3206 599 3288 igitur
622 3227 700 3272 casu
723 3207 900 3291 praecipua
923 3206 1071 3289 quaestio
1095 3210 1163 3284 est,
1194 3205 1396 3270 habeaturne

70 3296 227 3363 mactatio
251 3297 304 3361 vel
333 3295 367 3360 in
391 3295 497 3362 frusta
520 3295 660 3361 concisio
690 3317 750 3379 pro
773 3316 860 3362 nova
882 3294 1135 3379 specificatione.
1183 3293 1308 3360 Occisio
1332 3314 1395 3358 non

70 3389 224 3452 censetur
254 3384 411 3449 eiusmodi
434 3383 643 3468 specificatio.
690 3385 777 3450 Nam
801 3406 888 3451 nova
911 3384 1017 3450 forma
1039 3405 1104 3449 non
1126 3383 1306 3461 inducitur,
1337 3383 1395 3448 sed

69 3496 124 3540 ree
148 3476 254 3540 forma
277 3495 337 3539 sua
359 3473 525 3558 privatum
550 3474 625 3539 dein
648 3474 770 3540 animal
790 3474 832 3539 ad
848 3474 1057 3540 mactandum
1073 3471 1273 3539 destinatum
1288 3492 1396 3538 mora-

68 3564 146 3630 liter
168 3567 280 3629 menet
303 3564 386 3628 idem
409 3563 540 3640 animal,
564 3563 635 3629 sive
658 3563 702 3629 sit
722 3562 834 3628 vivum
857 3563 928 3629 sive
951 3566 1142 3642 mactatum,
1165 3565 1241 3629 utut
1262 3561 1398 3645 physice

70 3652 213 3738 speciem
235 3651 424 3718 mutaverit.
448 3691 492 3700 —
515 3652 613 3718 Aliud
638 3657 689 3719 est
713 3653 753 3717 de
776 3651 959 3718 concisione
982 3652 1015 3717 in
1037 3652 1161 3718 frusta:
1186 3672 1284 3734 quam
1302 3650 1397 3715 Elbel

69 3742 171 3809 habet
199 3762 259 3826 pro
289 3741 531 3826 specificatione
554 3741 598 3824 (p.
623 3742 668 3821 V,
699 3763 729 3808 n.
756 3743 851 3825 238),
885 3763 969 3824 quae
999 3741 1174 3807 dominium
1203 3739 1394 3807 transferat.

70 3830 289 3897 Nihilominus
312 3830 410 3897 datur
426 3831 552 3896 Domno
576 3831 661 3896 actio
685 3831 718 3896 in
734 3831 953 3897 Mamaehium
972 3830 1013 3896 de
1035 3831 1153 3896 damno
1178 3828 1394 3896 resarciendo.

161 3920 311 3987 Ceterum
335 3919 368 3985 in
392 3919 531 3985 diversis
550 3919 737 4003 regionibus
753 3920 857 3986 videri
873 3920 980 3997 debet,
1004 3919 1080 4002 quid
1103 3919 1195 4001 leges
1211 3919 1251 3984 de
1267 3918 1396 3983 domino

70 4013 105 4074 et
129 4008 270 4075 dominic
293 4008 326 4076 in
349 4009 410 4077 tali
429 4029 508 4074 casu
523 4013 691 4084 statuant;
715 4031 792 4075 nam
816 4009 966 4076 diversae
988 4009 1121 4075 diversa
1142 4007 1274 4082 habent,
1298 4006 1395 4088 idque

69 4098 104 4163 in
128 4097 328 4164 couscientia
352 4098 478 4164 servari
501 4098 608 4178 debet,
633 4098 696 4164 nisi
719 4103 844 4165 certam
868 4098 1036 4164 contineat
1058 4096 1260 4164 iniustitiam.

376 4305 592 4373 USUGAPlO
616 4306 673 4371 ET
697 4306 1010 4373 PRAESCRIPTIO
1035 4306 1087 4388 (I).

627 4445 738 4512 (lasus.
766 4453 841 4520 (184)

159 4579 271 4638 Paulus
285 4580 322 4637 ab
336 4577 457 4637 Andrca
474 4597 527 4655 pro
541 4578 640 4654 legato
655 4583 813 4654 acceperat
827 4595 929 4653 agrum
945 4576 1071 4651 aliquem
1092 4581 1123 4634 et
1144 4574 1240 4634 omnia
1255 4573 1394 4633 utensilia

69 4660 248 4746 domestica;
270 4659 384 4735 reliqua
404 4661 482 4718 bona
503 4658 612 4735 accipit
632 4658 739 4717 Petrus
760 4662 794 4717 ut
814 4658 909 4717 heres.
