<?xml version="1.0" encoding="UTF-8"?>
<!DOCTYPE html PUBLIC "-//W3C//DTD XHTML 1.0 Transitional//EN"
    "http://www.w3.org/TR/xhtml1/DTD/xhtml1-transitional.dtd">
<html xmlns="http://www.w3.org/1999/xhtml" xml:lang="en" lang="en">
 <head>
  <title>
</title>
<meta http-equiv="Content-Type" content="text/html;charset=utf-8" />
  <meta name='ocr-system' content='tesseract 3.04.00' />
  <meta name='ocr-capabilities' content='ocr_page ocr_carea ocr_par ocr_line ocrx_word'/>
</head>
<body>
  <div class='ocr_page' id='page_1' title='image "./casusconscienti01lehmgoog_0480.png"; bbox 0 0 3106 5168; ppageno 0'>
   <div class='ocr_carea' id='block_1_1' title="bbox 145 282 1330 355">
    <p class='ocr_par' dir='ltr' id='par_1_1' title="bbox 145 282 1330 355">
     <span class='ocr_line' id='line_1_1' title="bbox 145 282 1330 355; baseline -0.002 -14"><span class='ocrx_word' id='word_1_1' title='bbox 145 288 211 355; x_wconf 78' lang='grc'><strong>464</strong></span> <span class='ocrx_word' id='word_1_2' title='bbox 283 282 1330 353; x_wconf 67' lang='lat' dir='ltr'><strong>neurmnhmmoruoinsrssnomina.—onohubmm</strong></span> 
     </span>
    </p>
   </div>
   <div class='ocr_carea' id='block_1_2' title="bbox 146 458 1469 975">
    <p class='ocr_par' dir='ltr' id='par_1_2' title="bbox 146 458 1469 975">
     <span class='ocr_line' id='line_1_2' title="bbox 235 458 1467 547; baseline -0.002 -20"><span class='ocrx_word' id='word_1_3' title='bbox 235 460 275 528; x_wconf 87' lang='lat' dir='ltr'><strong>R.</strong></span> <span class='ocrx_word' id='word_1_4' title='bbox 304 462 335 527; x_wconf 82' lang='lat'><strong>3.</strong></span> <span class='ocrx_word' id='word_1_5' title='bbox 380 460 443 527; x_wconf 80' lang='lat' dir='ltr'><strong>Rei</strong></span> <span class='ocrx_word' id='word_1_6' title='bbox 471 458 662 528; x_wconf 79' lang='lat' dir='ltr'><strong>fructiferae</strong></span> <span class='ocrx_word' id='word_1_7' title='bbox 690 458 818 529; x_wconf 80' lang='lat' dir='ltr'><strong>frustm</strong></span> <span class='ocrx_word' id='word_1_8' title='bbox 846 480 907 547; x_wconf 89' lang='lat' dir='ltr'><strong>per</strong></span> <span class='ocrx_word' id='word_1_9' title='bbox 934 480 971 527; x_wconf 89' lang='lat' dir='ltr'><strong>so</strong></span> <span class='ocrx_word' id='word_1_10' title='bbox 999 480 1065 527; x_wconf 92' lang='lat' dir='ltr'><strong>non</strong></span> <span class='ocrx_word' id='word_1_11' title='bbox 1094 459 1295 545; x_wconf 65' lang='lat' dir='ltr'><strong>messoris</strong></span> <span class='ocrx_word' id='word_1_12' title='bbox 1323 458 1467 545; x_wconf 75' lang='lat' dir='ltr'><strong>pignmh</strong></span> 
     </span>
     <span class='ocr_line' id='line_1_3' title="bbox 146 546 1467 634; baseline 0 -17"><span class='ocrx_word' id='word_1_13' title='bbox 146 552 234 629; x_wconf 86' lang='lat' dir='ltr'><strong>sunt,</strong></span> <span class='ocrx_word' id='word_1_14' title='bbox 257 549 317 617; x_wconf 90' lang='lat' dir='ltr'><strong>sed</strong></span> <span class='ocrx_word' id='word_1_15' title='bbox 338 548 471 617; x_wconf 87' lang='lat' dir='ltr'><strong>domini.</strong></span> <span class='ocrx_word' id='word_1_16' title='bbox 516 548 736 617; x_wconf 77' lang='lat' dir='ltr'><strong>Nihilominus</strong></span> <span class='ocrx_word' id='word_1_17' title='bbox 757 548 786 615; x_wconf 91' lang='lat' dir='ltr'><strong>si</strong></span> <span class='ocrx_word' id='word_1_18' title='bbox 808 548 927 634; x_wconf 78' lang='lat' dir='ltr'><strong>pignus</strong></span> <span class='ocrx_word' id='word_1_19' title='bbox 942 549 1057 617; x_wconf 89' lang='lat' dir='ltr'><strong>datum</strong></span> <span class='ocrx_word' id='word_1_20' title='bbox 1078 552 1132 617; x_wconf 86' lang='lat' dir='ltr'><strong>est</strong></span> <span class='ocrx_word' id='word_1_21' title='bbox 1152 548 1186 617; x_wconf 89' lang='lat' dir='ltr'><strong>in</strong></span> <span class='ocrx_word' id='word_1_22' title='bbox 1209 548 1344 634; x_wconf 84' lang='lat' dir='ltr'><strong>plenem</strong></span> <span class='ocrx_word' id='word_1_23' title='bbox 1366 546 1467 617; x_wconf 83' lang='lat' dir='ltr'><strong>credi·</strong></span> 
     </span>
     <span class='ocr_line' id='line_1_4' title="bbox 146 636 1469 725; baseline -0.002 -18"><span class='ocrx_word' id='word_1_24' title='bbox 146 638 230 707; x_wconf 88' lang='lat' dir='ltr'><strong>toris</strong></span> <span class='ocrx_word' id='word_1_25' title='bbox 244 638 494 725; x_wconf 82' lang='lat' dir='ltr'><strong>possessionem,</strong></span> <span class='ocrx_word' id='word_1_26' title='bbox 509 638 731 723; x_wconf 86' lang='lat' dir='ltr'><strong>praesumitur</strong></span> <span class='ocrx_word' id='word_1_27' title='bbox 738 658 814 705; x_wconf 88' lang='lat' dir='ltr'><strong>eum</strong></span> <span class='ocrx_word' id='word_1_28' title='bbox 828 658 925 723; x_wconf 87' lang='lat' dir='ltr'><strong>posse</strong></span> <span class='ocrx_word' id='word_1_29' title='bbox 936 636 1064 705; x_wconf 80' lang='lat' dir='ltr'><strong>tructus</strong></span> <span class='ocrx_word' id='word_1_30' title='bbox 1077 638 1140 705; x_wconf 92' lang='lat' dir='ltr'><strong>sibi</strong></span> <span class='ocrx_word' id='word_1_31' title='bbox 1154 638 1277 717; x_wconf 82' lang='lat' dir='ltr'><strong>lacere,</strong></span> <span class='ocrx_word' id='word_1_32' title='bbox 1293 637 1344 707; x_wconf 84' lang='lat' dir='ltr'><strong>ita</strong></span> <span class='ocrx_word' id='word_1_33' title='bbox 1358 641 1469 705; x_wconf 74' lang='lat' dir='ltr'><strong>umen</strong></span> 
     </span>
     <span class='ocr_line' id='line_1_5' title="bbox 147 724 1468 813; baseline -0.002 -16"><span class='ocrx_word' id='word_1_34' title='bbox 147 732 186 797; x_wconf 90' lang='lat' dir='ltr'><strong>ut</strong></span> <span class='ocrx_word' id='word_1_35' title='bbox 206 728 241 795; x_wconf 89' lang='lat' dir='ltr'><strong>iu</strong></span> <span class='ocrx_word' id='word_1_36' title='bbox 262 732 392 813; x_wconf 87' lang='lat' dir='ltr'><strong>partem</strong></span> <span class='ocrx_word' id='word_1_37' title='bbox 413 726 525 795; x_wconf 83' lang='lat' dir='ltr'><strong>iactae</strong></span> <span class='ocrx_word' id='word_1_38' title='bbox 546 726 719 795; x_wconf 75' lang='lat' dir='ltr'><strong>solutionis</strong></span> <span class='ocrx_word' id='word_1_39' title='bbox 733 725 835 795; x_wconf 91' lang='lat' dir='ltr'><strong>debiti</strong></span> <span class='ocrx_word' id='word_1_40' title='bbox 850 730 1096 812; x_wconf 69' lang='lat' dir='ltr'><strong>computentur:</strong></span> <span class='ocrx_word' id='word_1_41' title='bbox 1119 726 1266 811; x_wconf 88' lang='lat' dir='ltr'><strong>alioquin</strong></span> <span class='ocrx_word' id='word_1_42' title='bbox 1287 724 1332 793; x_wconf 93' lang='lat' dir='ltr'><strong>de</strong></span> <span class='ocrx_word' id='word_1_43' title='bbox 1355 726 1468 795; x_wconf 72' lang='lat' dir='ltr'><strong>hach-</strong></span> 
     </span>
     <span class='ocr_line' id='line_1_6' title="bbox 146 813 1469 973; baseline -0.003 -88"><span class='ocrx_word' id='word_1_44' title='bbox 146 816 256 973; x_wconf 48' lang='lat' dir='ltr'><strong>guntin</strong></span> <span class='ocrx_word' id='word_1_45' title='bbox 270 818 343 972; x_wconf 55' lang='lat' dir='ltr'><strong>{pso</strong></span> <span class='ocrx_word' id='word_1_46' title='bbox 358 819 530 884; x_wconf 84' lang='lat' dir='ltr'><strong>contractu</strong></span> <span class='ocrx_word' id='word_1_47' title='bbox 551 816 774 901; x_wconf 74' lang='lat' dir='ltr'><strong>stipulandum</strong></span> <span class='ocrx_word' id='word_1_48' title='bbox 789 819 852 885; x_wconf 88' lang='lat' dir='ltr'><strong>est.</strong></span> <span class='ocrx_word' id='word_1_49' title='bbox 882 815 931 884; x_wconf 83' lang='lat' dir='ltr'><strong>cf.</strong></span> <span class='ocrx_word' id='word_1_50' title='bbox 947 815 1024 885; x_wconf 83' lang='lat' dir='ltr'><strong>Ood.</strong></span> <span class='ocrx_word' id='word_1_51' title='bbox 1039 816 1121 883; x_wconf 89' lang='lat' dir='ltr'><strong>iuris</strong></span> <span class='ocrx_word' id='word_1_52' title='bbox 1135 815 1246 883; x_wconf 78' lang='lat' dir='ltr'><strong>Germ.</strong></span> <span class='ocrx_word' id='word_1_53' title='bbox 1261 813 1281 899; x_wconf 65' lang='grc'>9</span> <span class='ocrx_word' id='word_1_54' title='bbox 1295 817 1386 883; x_wconf 92' lang='grc'><strong>1212</strong></span> <span class='ocrx_word' id='word_1_55' title='bbox 1400 836 1469 899; x_wconf 90' lang='lat' dir='ltr'><strong>sqq.</strong></span> 
     </span>
     <span class='ocr_line' id='line_1_7' title="bbox 175 907 492 975; baseline -0.006 0"><span class='ocrx_word' id='word_1_56' title='bbox 175 958 184 975; x_wconf 92' lang='lat'><strong>.</strong></span> <span class='ocrx_word' id='word_1_57' title='bbox 242 926 263 972; x_wconf 89' lang='lat' dir='ltr'><strong>a</strong></span> <span class='ocrx_word' id='word_1_58' title='bbox 292 907 314 974; x_wconf 92' lang='lat' dir='ltr'><strong>l.</strong></span> <span class='ocrx_word' id='word_1_59' title='bbox 338 926 369 973; x_wconf 90' lang='lat' dir='ltr'><strong>a.</strong></span> <span class='ocrx_word' id='word_1_60' title='bbox 394 907 492 973; x_wconf 87' lang='lat'><strong>2081.</strong></span> 
     </span>
    </p>
   </div>
   <div class='ocr_carea' id='block_1_3' title="bbox 85 1017 1472 1902">
    <p class='ocr_par' dir='ltr' id='par_1_3' title="bbox 85 1017 1472 1444">
     <span class='ocr_line' id='line_1_8' title="bbox 85 1017 1470 1103; baseline -0.005 -13"><span class='ocrx_word' id='word_1_61' title='bbox 85 1032 140 1091; x_wconf 79' lang='lat' dir='ltr'><strong>alt</strong></span> <span class='ocrx_word' id='word_1_62' title='bbox 234 1018 290 1087; x_wconf 78' lang='lat' dir='ltr'><strong>dn</strong></span> <span class='ocrx_word' id='word_1_63' title='bbox 313 1039 505 1097; x_wconf 69' lang='lat' dir='ltr'><strong>nummum</strong></span> <span class='ocrx_word' id='word_1_64' title='bbox 527 1021 567 1083; x_wconf 74' lang='lat'><strong>2¹²</strong></span> <span class='ocrx_word' id='word_1_65' title='bbox 588 1018 629 1086; x_wconf 87' lang='lat' dir='ltr'><strong>R.</strong></span> <span class='ocrx_word' id='word_1_66' title='bbox 654 1022 684 1086; x_wconf 90' lang='lat'><strong>1.</strong></span> <span class='ocrx_word' id='word_1_67' title='bbox 728 1018 783 1085; x_wconf 80' lang='lat' dir='ltr'><strong>Ex</strong></span> <span class='ocrx_word' id='word_1_68' title='bbox 804 1019 901 1086; x_wconf 91' lang='lat' dir='ltr'><strong>modo</strong></span> <span class='ocrx_word' id='word_1_69' title='bbox 924 1018 1022 1087; x_wconf 87' lang='lat' dir='ltr'><strong>dictis</strong></span> <span class='ocrx_word' id='word_1_70' title='bbox 1043 1018 1207 1103; x_wconf 79' lang='lat' dir='ltr'><strong>sequitur,</strong></span> <span class='ocrx_word' id='word_1_71' title='bbox 1231 1021 1280 1097; x_wconf 90' lang='lat' dir='ltr'><strong>ut,</strong></span> <span class='ocrx_word' id='word_1_72' title='bbox 1303 1017 1333 1085; x_wconf 91' lang='lat' dir='ltr'><strong>si</strong></span> <span class='ocrx_word' id='word_1_73' title='bbox 1362 1038 1419 1085; x_wconf 87' lang='lat' dir='ltr'><strong>res</strong></span> <span class='ocrx_word' id='word_1_74' title='bbox 1438 1017 1470 1083; x_wconf 92' lang='lat' dir='ltr'><strong>in</strong></span> 
     </span>
     <span class='ocr_line' id='line_1_9' title="bbox 147 1106 1471 1194; baseline -0.002 -17"><span class='ocrx_word' id='word_1_75' title='bbox 147 1108 268 1194; x_wconf 74' lang='lat' dir='ltr'><strong>pignus</strong></span> <span class='ocrx_word' id='word_1_76' title='bbox 289 1108 371 1177; x_wconf 89' lang='lat' dir='ltr'><strong>data</strong></span> <span class='ocrx_word' id='word_1_77' title='bbox 391 1106 572 1193; x_wconf 90' lang='lat' dir='ltr'><strong>periculum</strong></span> <span class='ocrx_word' id='word_1_78' title='bbox 587 1107 806 1193; x_wconf 73' lang='lat' dir='ltr'><strong>corruptionis</strong></span> <span class='ocrx_word' id='word_1_79' title='bbox 826 1108 954 1187; x_wconf 79' lang='lat' dir='ltr'><strong>subeat,</strong></span> <span class='ocrx_word' id='word_1_80' title='bbox 977 1107 1011 1175; x_wconf 94' lang='lat' dir='ltr'><strong>id</strong></span> <span class='ocrx_word' id='word_1_81' title='bbox 1031 1107 1231 1193; x_wconf 83' lang='lat' dir='ltr'><strong>tempestive</strong></span> <span class='ocrx_word' id='word_1_82' title='bbox 1253 1106 1471 1175; x_wconf 84' lang='lat' dir='ltr'><strong>nuntiandum</strong></span> 
     </span>
     <span class='ocr_line' id='line_1_10' title="bbox 146 1195 1469 1282; baseline -0.003 -15"><span class='ocrx_word' id='word_1_83' title='bbox 146 1218 221 1267; x_wconf 88' lang='lat' dir='ltr'><strong>esse</strong></span> <span class='ocrx_word' id='word_1_84' title='bbox 243 1196 384 1267; x_wconf 80' lang='lat' dir='ltr'><strong>debitori</strong></span> <span class='ocrx_word' id='word_1_85' title='bbox 405 1217 465 1265; x_wconf 89' lang='lat' dir='ltr'><strong>seu</strong></span> <span class='ocrx_word' id='word_1_86' title='bbox 486 1196 633 1282; x_wconf 75' lang='lat' dir='ltr'><strong>pignoris</strong></span> <span class='ocrx_word' id='word_1_87' title='bbox 652 1195 800 1277; x_wconf 84' lang='lat' dir='ltr'><strong>domino,</strong></span> <span class='ocrx_word' id='word_1_88' title='bbox 830 1200 868 1263; x_wconf 92' lang='lat' dir='ltr'><strong>nt</strong></span> <span class='ocrx_word' id='word_1_89' title='bbox 889 1197 952 1265; x_wconf 90' lang='lat' dir='ltr'><strong>sibi</strong></span> <span class='ocrx_word' id='word_1_90' title='bbox 973 1196 1147 1281; x_wconf 87' lang='lat' dir='ltr'><strong>providere</strong></span> <span class='ocrx_word' id='word_1_91' title='bbox 1168 1196 1286 1282; x_wconf 81' lang='lat' dir='ltr'><strong>possit</strong></span> <span class='ocrx_word' id='word_1_92' title='bbox 1317 1196 1469 1263; x_wconf 79' lang='lat' dir='ltr'><strong>Oetemm</strong></span> 
     </span>
     <span class='ocr_line' id='line_1_11' title="bbox 147 1284 1472 1355; baseline -0.002 0"><span class='ocrx_word' id='word_1_93' title='bbox 147 1287 189 1355; x_wconf 93' lang='lat' dir='ltr'><strong>de</strong></span> <span class='ocrx_word' id='word_1_94' title='bbox 211 1286 263 1353; x_wconf 89' lang='lat' dir='ltr'><strong>his</strong></span> <span class='ocrx_word' id='word_1_95' title='bbox 291 1286 408 1355; x_wconf 85' lang='lat' dir='ltr'><strong>aliisve</strong></span> <span class='ocrx_word' id='word_1_96' title='bbox 437 1286 567 1353; x_wconf 86' lang='lat' dir='ltr'><strong>casibus</strong></span> <span class='ocrx_word' id='word_1_97' title='bbox 587 1285 834 1353; x_wconf 82' lang='lat' dir='ltr'><strong>occurrentibus</strong></span> <span class='ocrx_word' id='word_1_98' title='bbox 855 1285 926 1353; x_wconf 90' lang='lat' dir='ltr'><strong>cod.</strong></span> <span class='ocrx_word' id='word_1_99' title='bbox 951 1285 1079 1354; x_wconf 80' lang='lat' dir='ltr'><strong>Germ.</strong></span> <span class='ocrx_word' id='word_1_100' title='bbox 1102 1285 1292 1353; x_wconf 77' lang='lat' dir='ltr'><strong>amaratiua</strong></span> <span class='ocrx_word' id='word_1_101' title='bbox 1317 1284 1396 1353; x_wconf 85' lang='lat' dir='ltr'><strong>iura</strong></span> <span class='ocrx_word' id='word_1_102' title='bbox 1417 1284 1472 1353; x_wconf 87' lang='lat' dir='ltr'><strong>de·</strong></span> 
     </span>
     <span class='ocr_line' id='line_1_12' title="bbox 147 1375 264 1444; baseline 0.009 -1"><span class='ocrx_word' id='word_1_103' title='bbox 147 1375 264 1444; x_wconf 88' lang='lat' dir='ltr'><strong>finivit.</strong></span> 
     </span>
    </p>

    <p class='ocr_par' dir='ltr' id='par_1_4' title="bbox 148 1462 1472 1902">
     <span class='ocr_line' id='line_1_13' title="bbox 237 1462 1470 1549; baseline -0.002 -18"><span class='ocrx_word' id='word_1_104' title='bbox 237 1464 277 1533; x_wconf 80' lang='lat' dir='ltr'><strong>a.</strong></span> <span class='ocrx_word' id='word_1_105' title='bbox 302 1466 333 1532; x_wconf 90' lang='grc'><strong>2.</strong></span> <span class='ocrx_word' id='word_1_106' title='bbox 364 1462 485 1541; x_wconf 84' lang='lat' dir='ltr'><strong>Quodsi</strong></span> <span class='ocrx_word' id='word_1_107' title='bbox 508 1462 689 1549; x_wconf 91' lang='lat' dir='ltr'><strong>periculum</strong></span> <span class='ocrx_word' id='word_1_108' title='bbox 710 1462 812 1532; x_wconf 92' lang='lat' dir='ltr'><strong>sitin</strong></span> <span class='ocrx_word' id='word_1_109' title='bbox 833 1484 936 1541; x_wconf 84' lang='lat' dir='ltr'><strong>mora,</strong></span> <span class='ocrx_word' id='word_1_110' title='bbox 959 1463 1008 1532; x_wconf 88' lang='lat' dir='ltr'><strong>ita</strong></span> <span class='ocrx_word' id='word_1_111' title='bbox 1030 1466 1069 1531; x_wconf 91' lang='lat' dir='ltr'><strong>ut</strong></span> <span class='ocrx_word' id='word_1_112' title='bbox 1091 1462 1241 1530; x_wconf 88' lang='lat' dir='ltr'><strong>dominus</strong></span> <span class='ocrx_word' id='word_1_113' title='bbox 1263 1462 1393 1531; x_wconf 83' lang='lat' dir='ltr'><strong>moneri</strong></span> <span class='ocrx_word' id='word_1_114' title='bbox 1416 1482 1470 1529; x_wconf 89' lang='lat' dir='ltr'><strong>ne·</strong></span> 
     </span>
     <span class='ocr_line' id='line_1_14' title="bbox 148 1550 1471 1637; baseline -0.001 -17"><span class='ocrx_word' id='word_1_115' title='bbox 148 1558 260 1637; x_wconf 89' lang='lat' dir='ltr'><strong>queat,</strong></span> <span class='ocrx_word' id='word_1_116' title='bbox 283 1554 343 1620; x_wconf 89' lang='lat' dir='ltr'><strong>aut</strong></span> <span class='ocrx_word' id='word_1_117' title='bbox 364 1551 393 1618; x_wconf 91' lang='lat' dir='ltr'><strong>si</strong></span> <span class='ocrx_word' id='word_1_118' title='bbox 415 1550 592 1619; x_wconf 89' lang='lat' dir='ltr'><strong>monitione</strong></span> <span class='ocrx_word' id='word_1_119' title='bbox 615 1550 715 1631; x_wconf 70' lang='lat' dir='ltr'><strong>mota,</strong></span> <span class='ocrx_word' id='word_1_120' title='bbox 738 1552 800 1618; x_wconf 90' lang='lat' dir='ltr'><strong>snb</strong></span> <span class='ocrx_word' id='word_1_121' title='bbox 822 1551 1074 1619; x_wconf 90' lang='lat' dir='ltr'><strong>comminatione</strong></span> <span class='ocrx_word' id='word_1_122' title='bbox 1096 1570 1166 1619; x_wconf 87' lang='lat' dir='ltr'><strong>rem</strong></span> <span class='ocrx_word' id='word_1_123' title='bbox 1188 1550 1338 1635; x_wconf 88' lang='lat' dir='ltr'><strong>alioquin</strong></span> <span class='ocrx_word' id='word_1_124' title='bbox 1360 1552 1471 1621; x_wconf 87' lang='lat' dir='ltr'><strong>vendi·</strong></span> 
     </span>
     <span class='ocr_line' id='line_1_15' title="bbox 148 1639 1471 1726; baseline -0.001 -16"><span class='ocrx_word' id='word_1_125' title='bbox 148 1646 220 1711; x_wconf 90' lang='lat' dir='ltr'><strong>tum</strong></span> <span class='ocrx_word' id='word_1_126' title='bbox 234 1641 285 1721; x_wconf 86' lang='lat' dir='ltr'><strong>iri,</strong></span> <span class='ocrx_word' id='word_1_127' title='bbox 301 1639 450 1709; x_wconf 89' lang='lat' dir='ltr'><strong>dominus</strong></span> <span class='ocrx_word' id='word_1_128' title='bbox 465 1640 551 1707; x_wconf 88' lang='lat' dir='ltr'><strong>hanc</strong></span> <span class='ocrx_word' id='word_1_129' title='bbox 565 1640 776 1707; x_wconf 89' lang='lat' dir='ltr'><strong>monitionem</strong></span> <span class='ocrx_word' id='word_1_130' title='bbox 790 1640 991 1725; x_wconf 62' lang='lat' dir='ltr'><strong>neglexerim</strong></span> <span class='ocrx_word' id='word_1_131' title='bbox 1008 1661 1178 1725; x_wconf 77' lang='lat' dir='ltr'><strong>possessor</strong></span> <span class='ocrx_word' id='word_1_132' title='bbox 1192 1641 1316 1726; x_wconf 79' lang='lat' dir='ltr'><strong>pignus</strong></span> <span class='ocrx_word' id='word_1_133' title='bbox 1330 1640 1471 1709; x_wconf 86' lang='lat' dir='ltr'><strong>vendere</strong></span> 
     </span>
     <span class='ocr_line' id='line_1_16' title="bbox 148 1728 1472 1902; baseline 0 -105"><span class='ocrx_word' id='word_1_134' title='bbox 148 1732 272 1885; x_wconf 52' lang='lat' dir='ltr'><strong>potssg</strong></span> <span class='ocrx_word' id='word_1_135' title='bbox 282 1733 383 1815; x_wconf 89' lang='lat' dir='ltr'><strong>atque</strong></span> <span class='ocrx_word' id='word_1_136' title='bbox 395 1728 577 1902; x_wconf 57' lang='lat' dir='ltr'><strong>gsalzplrgtio</strong></span> <span class='ocrx_word' id='word_1_137' title='bbox 606 1732 742 1815; x_wconf 87' lang='lat' dir='ltr'><strong>accepto</strong></span> <span class='ocrx_word' id='word_1_138' title='bbox 771 1729 966 1797; x_wconf 87' lang='lat' dir='ltr'><strong>solutionem</strong></span> <span class='ocrx_word' id='word_1_139' title='bbox 989 1728 1089 1797; x_wconf 92' lang='lat' dir='ltr'><strong>debiti</strong></span> <span class='ocrx_word' id='word_1_140' title='bbox 1113 1734 1317 1817; x_wconf 84' lang='lat' dir='ltr'><strong>computare.</strong></span> <span class='ocrx_word' id='word_1_141' title='bbox 1356 1729 1412 1800; x_wconf 84' lang='lat' dir='ltr'><strong>lta</strong></span> <span class='ocrx_word' id='word_1_142' title='bbox 1432 1750 1472 1797; x_wconf 87' lang='lat' dir='ltr'><strong>ex</strong></span> 
     </span>
     <span class='ocr_line' id='line_1_17' title="bbox 148 1839 620 1902; baseline -0.006 -14"><span class='ocrx_word' id='word_1_143' title='bbox 148 1840 220 1888; x_wconf 86' lang='lat' dir='ltr'><strong>rure</strong></span> <span class='ocrx_word' id='word_1_144' title='bbox 279 1839 371 1887; x_wconf 89' lang='lat' dir='ltr'><strong>erm.</strong></span> <span class='ocrx_word' id='word_1_145' title='bbox 548 1839 620 1902; x_wconf 87' lang='lat' dir='ltr'><strong>sqq.</strong></span> 
     </span>
    </p>
   </div>
   <div class='ocr_carea' id='block_1_4' title="bbox 149 1914 1473 2537">
    <p class='ocr_par' dir='ltr' id='par_1_5' title="bbox 149 1914 1473 2537">
     <span class='ocr_line' id='line_1_18' title="bbox 238 1914 1472 2001; baseline -0.002 -17"><span class='ocrx_word' id='word_1_146' title='bbox 238 1916 278 1985; x_wconf 71' lang='lat' dir='ltr'>R</span> <span class='ocrx_word' id='word_1_147' title='bbox 303 1918 334 1984; x_wconf 79' lang='lat'><strong>3.</strong></span> <span class='ocrx_word' id='word_1_148' title='bbox 380 1916 415 1984; x_wconf 85' lang='lat' dir='ltr'><strong>Si</strong></span> <span class='ocrx_word' id='word_1_149' title='bbox 449 1921 580 2001; x_wconf 88' lang='lat' dir='ltr'><strong>tempus</strong></span> <span class='ocrx_word' id='word_1_150' title='bbox 613 1915 762 1983; x_wconf 89' lang='lat' dir='ltr'><strong>solvendi</strong></span> <span class='ocrx_word' id='word_1_151' title='bbox 791 1914 894 1983; x_wconf 87' lang='lat' dir='ltr'><strong>debiti</strong></span> <span class='ocrx_word' id='word_1_152' title='bbox 924 1916 1105 1993; x_wconf 87' lang='lat' dir='ltr'><strong>advenerit,</strong></span> <span class='ocrx_word' id='word_1_153' title='bbox 1137 1936 1197 2001; x_wconf 93' lang='lat' dir='ltr'><strong>pro</strong></span> <span class='ocrx_word' id='word_1_154' title='bbox 1232 1936 1300 1998; x_wconf 88' lang='lat' dir='ltr'><strong>quo</strong></span> <span class='ocrx_word' id='word_1_155' title='bbox 1332 1914 1472 1985; x_wconf 84' lang='lat' dir='ltr'><strong>&#39;creditor</strong></span> 
     </span>
     <span class='ocr_line' id='line_1_19' title="bbox 152 2003 1472 2094; baseline -0.002 -21"><span class='ocrx_word' id='word_1_156' title='bbox 152 2006 272 2094; x_wconf 80' lang='lat' dir='ltr'><strong>pignus</strong></span> <span class='ocrx_word' id='word_1_157' title='bbox 295 2008 487 2092; x_wconf 85' lang='lat' dir='ltr'><strong>acceperat,</strong></span> <span class='ocrx_word' id='word_1_158' title='bbox 518 2008 619 2088; x_wconf 88' lang='lat' dir='ltr'><strong>atque</strong></span> <span class='ocrx_word' id='word_1_159' title='bbox 641 2004 770 2072; x_wconf 89' lang='lat' dir='ltr'><strong>debitor</strong></span> <span class='ocrx_word' id='word_1_160' title='bbox 791 2008 845 2073; x_wconf 86' lang='lat' dir='ltr'><strong>est</strong></span> <span class='ocrx_word' id='word_1_161' title='bbox 865 2003 899 2071; x_wconf 92' lang='lat' dir='ltr'><strong>in</strong></span> <span class='ocrx_word' id='word_1_162' title='bbox 922 2024 1014 2071; x_wconf 88' lang='lat' dir='ltr'><strong>mors</strong></span> <span class='ocrx_word' id='word_1_163' title='bbox 1036 2003 1202 2071; x_wconf 82' lang='lat' dir='ltr'><strong>solvendi:</strong></span> <span class='ocrx_word' id='word_1_164' title='bbox 1232 2004 1381 2073; x_wconf 83' lang='lat' dir='ltr'><strong>creditor</strong></span> <span class='ocrx_word' id='word_1_165' title='bbox 1401 2008 1472 2091; x_wconf 87' lang='lat' dir='ltr'><strong>post</strong></span> 
     </span>
     <span class='ocr_line' id='line_1_20' title="bbox 149 2091 1471 2179; baseline -0.002 -16"><span class='ocrx_word' id='word_1_166' title='bbox 149 2094 361 2163; x_wconf 79' lang='lat' dir='ltr'><strong>monitionem</strong></span> <span class='ocrx_word' id='word_1_167' title='bbox 383 2094 510 2163; x_wconf 85' lang='lat' dir='ltr'><strong>frustra</strong></span> <span class='ocrx_word' id='word_1_168' title='bbox 530 2092 655 2161; x_wconf 81' lang='lat' dir='ltr'><strong>tactam</strong></span> <span class='ocrx_word' id='word_1_169' title='bbox 678 2093 790 2179; x_wconf 89' lang='lat' dir='ltr'><strong>elapso</strong></span> <span class='ocrx_word' id='word_1_170' title='bbox 812 2114 925 2161; x_wconf 88' lang='lat' dir='ltr'><strong>mense</strong></span> <span class='ocrx_word' id='word_1_171' title='bbox 939 2094 1058 2179; x_wconf 83' lang='lat' dir='ltr'><strong>pignus</strong></span> <span class='ocrx_word' id='word_1_172' title='bbox 1073 2091 1174 2163; x_wconf 83' lang='lat' dir='ltr'><strong>etiam</strong></span> <span class='ocrx_word' id='word_1_173' title='bbox 1195 2092 1343 2161; x_wconf 86' lang='lat' dir='ltr'><strong>vendere</strong></span> <span class='ocrx_word' id='word_1_174' title='bbox 1365 2098 1471 2179; x_wconf 87' lang='lat' dir='ltr'><strong>potest</strong></span> 
     </span>
     <span class='ocr_line' id='line_1_21' title="bbox 150 2180 1472 2266; baseline -0.002 -15"><span class='ocrx_word' id='word_1_175' title='bbox 150 2183 215 2265; x_wconf 89' lang='lat' dir='ltr'><strong>(ius</strong></span> <span class='ocrx_word' id='word_1_176' title='bbox 244 2183 373 2252; x_wconf 79' lang='lat' dir='ltr'><strong>Germ.</strong></span> <span class='ocrx_word' id='word_1_177' title='bbox 397 2180 436 2266; x_wconf 63' lang='lat' dir='ltr'><strong>§t</strong></span> <span class='ocrx_word' id='word_1_178' title='bbox 462 2184 547 2249; x_wconf 88' lang='grc'><strong>1228</strong></span> <span class='ocrx_word' id='word_1_179' title='bbox 570 2182 667 2266; x_wconf 86' lang='lat' dir='ltr'><strong>sqq).</strong></span> <span class='ocrx_word' id='word_1_180' title='bbox 710 2182 834 2249; x_wconf 87' lang='lat' dir='ltr'><strong>Verum</strong></span> <span class='ocrx_word' id='word_1_181' title='bbox 862 2181 998 2251; x_wconf 91' lang='lat' dir='ltr'><strong>monitio</strong></span> <span class='ocrx_word' id='word_1_182' title='bbox 1022 2182 1119 2250; x_wconf 89' lang='lat' dir='ltr'><strong>debet</strong></span> <span class='ocrx_word' id='word_1_183' title='bbox 1147 2186 1307 2250; x_wconf 88' lang='lat' dir='ltr'><strong>accurate</strong></span> <span class='ocrx_word' id='word_1_184' title='bbox 1328 2182 1404 2249; x_wconf 85' lang='lat' dir='ltr'><strong>lieri</strong></span> <span class='ocrx_word' id='word_1_185' title='bbox 1424 2203 1472 2249; x_wconf 91' lang='lat' dir='ltr'><strong>se·</strong></span> 
     </span>
     <span class='ocr_line' id='line_1_22' title="bbox 150 2270 1472 2357; baseline -0.003 -16"><span class='ocrx_word' id='word_1_186' title='bbox 150 2274 291 2341; x_wconf 90' lang='lat' dir='ltr'><strong>cundum</strong></span> <span class='ocrx_word' id='word_1_187' title='bbox 313 2272 421 2356; x_wconf 76' lang='lat' dir='ltr'><strong>leges3</strong></span> <span class='ocrx_word' id='word_1_188' title='bbox 445 2270 589 2354; x_wconf 90' lang='lat' dir='ltr'><strong>alioquin</strong></span> <span class='ocrx_word' id='word_1_189' title='bbox 611 2271 755 2338; x_wconf 87' lang='lat' dir='ltr'><strong>creditor</strong></span> <span class='ocrx_word' id='word_1_190' title='bbox 777 2271 907 2338; x_wconf 90' lang='lat' dir='ltr'><strong>domino</strong></span> <span class='ocrx_word' id='word_1_191' title='bbox 921 2270 1068 2357; x_wconf 81' lang='lat' dir='ltr'><strong>pignoris</strong></span> <span class='ocrx_word' id='word_1_192' title='bbox 1090 2275 1224 2338; x_wconf 91' lang='lat' dir='ltr'><strong>tenetur</strong></span> <span class='ocrx_word' id='word_1_193' title='bbox 1238 2270 1281 2339; x_wconf 92' lang='lat' dir='ltr'><strong>de</strong></span> <span class='ocrx_word' id='word_1_194' title='bbox 1296 2272 1419 2339; x_wconf 83' lang='lat' dir='ltr'><strong>dmnno</strong></span> <span class='ocrx_word' id='word_1_195' title='bbox 1434 2291 1472 2337; x_wconf 86' lang='lat' dir='ltr'><strong>ex</strong></span> 
     </span>
     <span class='ocr_line' id='line_1_23' title="bbox 149 2359 1473 2448; baseline -0.001 -20"><span class='ocrx_word' id='word_1_196' title='bbox 149 2382 370 2448; x_wconf 88' lang='lat' dir='ltr'><strong>praepropera</strong></span> <span class='ocrx_word' id='word_1_197' title='bbox 391 2360 579 2427; x_wconf 82' lang='lat' dir='ltr'><strong>venditione</strong></span> <span class='ocrx_word' id='word_1_198' title='bbox 593 2364 717 2427; x_wconf 85' lang='lat' dir='ltr'><strong>secuto.</strong></span> <span class='ocrx_word' id='word_1_199' title='bbox 740 2398 786 2411; x_wconf 89' lang='lat'><em>-</em></span> <span class='ocrx_word' id='word_1_200' title='bbox 807 2359 962 2427; x_wconf 86' lang='lat' dir='ltr'><strong>Venditio</strong></span> <span class='ocrx_word' id='word_1_201' title='bbox 985 2363 1095 2427; x_wconf 89' lang='lat' dir='ltr'><strong>autem</strong></span> <span class='ocrx_word' id='word_1_202' title='bbox 1117 2360 1188 2425; x_wconf 84' lang='lat' dir='ltr'><strong>lieri</strong></span> <span class='ocrx_word' id='word_1_203' title='bbox 1215 2359 1318 2427; x_wconf 89' lang='lat' dir='ltr'><strong>debet</strong></span> <span class='ocrx_word' id='word_1_204' title='bbox 1339 2362 1397 2427; x_wconf 91' lang='lat' dir='ltr'><strong>vel</strong></span> <span class='ocrx_word' id='word_1_205' title='bbox 1418 2381 1473 2446; x_wconf 89' lang='lat' dir='ltr'><strong>pro</strong></span> 
     </span>
     <span class='ocr_line' id='line_1_24' title="bbox 150 2447 1364 2537; baseline -0.001 -19"><span class='ocrx_word' id='word_1_206' title='bbox 150 2451 257 2537; x_wconf 89' lang='lat' dir='ltr'><strong>pretio</strong></span> <span class='ocrx_word' id='word_1_207' title='bbox 279 2450 424 2517; x_wconf 86' lang='lat' dir='ltr'><strong>currenti</strong></span> <span class='ocrx_word' id='word_1_208' title='bbox 447 2448 675 2533; x_wconf 86' lang='lat' dir='ltr'><strong>(Marktpreis)</strong></span> <span class='ocrx_word' id='word_1_209' title='bbox 697 2449 752 2515; x_wconf 92' lang='lat' dir='ltr'><strong>vel</strong></span> <span class='ocrx_word' id='word_1_210' title='bbox 775 2448 964 2516; x_wconf 80' lang='lat' dir='ltr'><strong>venditione</strong></span> <span class='ocrx_word' id='word_1_211' title='bbox 986 2448 1135 2533; x_wconf 87' lang='lat' dir='ltr'><strong>publicae</strong></span> <span class='ocrx_word' id='word_1_212' title='bbox 1156 2447 1364 2517; x_wconf 76' lang='lat' dir='ltr'><strong>licitationis</strong></span> 
     </span>
    </p>
   </div>
   <div class='ocr_carea' id='block_1_5' title="bbox 89 2564 1473 3006">
    <p class='ocr_par' dir='ltr' id='par_1_6' title="bbox 89 2564 1473 3006">
     <span class='ocr_line' id='line_1_25' title="bbox 89 2564 1472 2653; baseline -0.003 -13"><span class='ocrx_word' id='word_1_213' title='bbox 89 2584 143 2640; x_wconf 74' lang='lat' dir='ltr'><strong>alu</strong></span> <span class='ocrx_word' id='word_1_214' title='bbox 240 2570 293 2635; x_wconf 86' lang='lat' dir='ltr'><strong>An</strong></span> <span class='ocrx_word' id='word_1_215' title='bbox 316 2587 508 2644; x_wconf 77' lang='lat' dir='ltr'><strong>euassmmr</strong></span> <span class='ocrx_word' id='word_1_216' title='bbox 531 2570 571 2631; x_wconf 77' lang='lat'><strong>3¹¹</strong></span> <span class='ocrx_word' id='word_1_217' title='bbox 594 2566 632 2632; x_wconf 85' lang='lat' dir='ltr'><strong>R.</strong></span> <span class='ocrx_word' id='word_1_218' title='bbox 660 2569 688 2633; x_wconf 90' lang='lat'><strong>1.</strong></span> <span class='ocrx_word' id='word_1_219' title='bbox 741 2566 946 2635; x_wconf 77' lang='lat' dir='ltr'><strong>Philoctetes</strong></span> <span class='ocrx_word' id='word_1_220' title='bbox 973 2586 1032 2651; x_wconf 89' lang='lat' dir='ltr'><strong>per</strong></span> <span class='ocrx_word' id='word_1_221' title='bbox 1065 2586 1102 2633; x_wconf 90' lang='lat' dir='ltr'><strong>se</strong></span> <span class='ocrx_word' id='word_1_222' title='bbox 1136 2564 1251 2635; x_wconf 90' lang='lat' dir='ltr'><strong>debuit</strong></span> <span class='ocrx_word' id='word_1_223' title='bbox 1280 2588 1472 2653; x_wconf 85' lang='lat' dir='ltr'><strong>responsum</strong></span> 
     </span>
     <span class='ocr_line' id='line_1_26' title="bbox 152 2653 1472 2740; baseline -0.002 -16"><span class='ocrx_word' id='word_1_224' title='bbox 152 2656 298 2725; x_wconf 91' lang='lat' dir='ltr'><strong>Onesimi</strong></span> <span class='ocrx_word' id='word_1_225' title='bbox 320 2659 529 2740; x_wconf 83' lang='lat' dir='ltr'><strong>exspectare,</strong></span> <span class='ocrx_word' id='word_1_226' title='bbox 560 2658 736 2737; x_wconf 82' lang='lat' dir='ltr'><strong>antequam</strong></span> <span class='ocrx_word' id='word_1_227' title='bbox 760 2655 871 2721; x_wconf 92' lang='lat' dir='ltr'><strong>vinnm</strong></span> <span class='ocrx_word' id='word_1_228' title='bbox 894 2656 1068 2723; x_wconf 84' lang='lat' dir='ltr'><strong>venderet:</strong></span> <span class='ocrx_word' id='word_1_229' title='bbox 1092 2653 1155 2721; x_wconf 89' lang='lat' dir='ltr'><strong>nisi</strong></span> <span class='ocrx_word' id='word_1_230' title='bbox 1178 2653 1268 2723; x_wconf 80' lang='lat' dir='ltr'><strong>forte</strong></span> <span class='ocrx_word' id='word_1_231' title='bbox 1290 2655 1472 2724; x_wconf 85' lang='lat' dir='ltr'><strong>extraordi-</strong></span> 
     </span>
     <span class='ocr_line' id='line_1_27' title="bbox 151 2742 1473 2831; baseline -0.001 -19"><span class='ocrx_word' id='word_1_232' title='bbox 151 2746 278 2812; x_wconf 78' lang='lat' dir='ltr'><strong>nariam</strong></span> <span class='ocrx_word' id='word_1_233' title='bbox 293 2749 411 2811; x_wconf 91' lang='lat' dir='ltr'><strong>nactus</strong></span> <span class='ocrx_word' id='word_1_234' title='bbox 427 2744 704 2829; x_wconf 87' lang='lat' dir='ltr'><strong>opportunitatem</strong></span> <span class='ocrx_word' id='word_1_235' title='bbox 719 2742 799 2809; x_wconf 91' lang='lat' dir='ltr'><strong>illud</strong></span> <span class='ocrx_word' id='word_1_236' title='bbox 814 2743 930 2810; x_wconf 88' lang='lat' dir='ltr'><strong>melius</strong></span> <span class='ocrx_word' id='word_1_237' title='bbox 945 2743 1116 2821; x_wconf 91' lang='lat' dir='ltr'><strong>vendendi,</strong></span> <span class='ocrx_word' id='word_1_238' title='bbox 1133 2764 1232 2827; x_wconf 86' lang='lat' dir='ltr'><strong>quam</strong></span> <span class='ocrx_word' id='word_1_239' title='bbox 1249 2743 1335 2811; x_wconf 85' lang='lat' dir='ltr'><strong>alies</strong></span> <span class='ocrx_word' id='word_1_240' title='bbox 1350 2745 1473 2831; x_wconf 83' lang='lat' dir='ltr'><strong>spermi</strong></span> 
     </span>
     <span class='ocr_line' id='line_1_28' title="bbox 151 2832 1473 2920; baseline -0.001 -20"><span class='ocrx_word' id='word_1_241' title='bbox 151 2834 253 2911; x_wconf 90' lang='lat' dir='ltr'><strong>licuit,</strong></span> <span class='ocrx_word' id='word_1_242' title='bbox 277 2854 469 2899; x_wconf 90' lang='lat' dir='ltr'><strong>consensum</strong></span> <span class='ocrx_word' id='word_1_243' title='bbox 486 2832 629 2900; x_wconf 90' lang='lat' dir='ltr'><strong>Onesimi</strong></span> <span class='ocrx_word' id='word_1_244' title='bbox 645 2832 883 2899; x_wconf 78' lang='lat' dir='ltr'><strong>rationabiliter</strong></span> <span class='ocrx_word' id='word_1_245' title='bbox 898 2832 1126 2918; x_wconf 78' lang='lat' dir='ltr'><strong>praesumpsit.</strong></span> <span class='ocrx_word' id='word_1_246' title='bbox 1158 2832 1223 2899; x_wconf 85' lang='lat' dir='ltr'><strong>Sed</strong></span> <span class='ocrx_word' id='word_1_247' title='bbox 1238 2833 1342 2900; x_wconf 88' lang='lat' dir='ltr'><strong>talem</strong></span> <span class='ocrx_word' id='word_1_248' title='bbox 1359 2854 1473 2920; x_wconf 88' lang='lat' dir='ltr'><strong>oppor·</strong></span> 
     </span>
     <span class='ocr_line' id='line_1_29' title="bbox 152 2923 1379 3006; baseline 0.001 -16"><span class='ocrx_word' id='word_1_249' title='bbox 152 2923 329 2991; x_wconf 88' lang='lat' dir='ltr'><strong>tunitatem</strong></span> <span class='ocrx_word' id='word_1_250' title='bbox 351 2942 469 2989; x_wconf 88' lang='lat' dir='ltr'><strong>revera</strong></span> <span class='ocrx_word' id='word_1_251' title='bbox 492 2925 608 2989; x_wconf 89' lang='lat' dir='ltr'><strong>nactus</strong></span> <span class='ocrx_word' id='word_1_252' title='bbox 630 2923 684 2987; x_wconf 90' lang='lat' dir='ltr'><strong>vel</strong></span> <span class='ocrx_word' id='word_1_253' title='bbox 707 2942 747 2988; x_wconf 91' lang='lat' dir='ltr'><strong>ea</strong></span> <span class='ocrx_word' id='word_1_254' title='bbox 769 2943 848 2987; x_wconf 87' lang='lat' dir='ltr'><strong>usus</strong></span> <span class='ocrx_word' id='word_1_255' title='bbox 870 2943 935 2988; x_wconf 92' lang='lat' dir='ltr'><strong>non</strong></span> <span class='ocrx_word' id='word_1_256' title='bbox 958 2925 1020 3000; x_wconf 85' lang='lat' dir='ltr'><strong>est,</strong></span> <span class='ocrx_word' id='word_1_257' title='bbox 1043 2926 1081 2987; x_wconf 90' lang='lat' dir='ltr'><strong>ut</strong></span> <span class='ocrx_word' id='word_1_258' title='bbox 1104 2942 1147 2987; x_wconf 85' lang='lat' dir='ltr'><strong>ex</strong></span> <span class='ocrx_word' id='word_1_259' title='bbox 1169 2942 1248 2987; x_wconf 89' lang='lat' dir='ltr'><strong>casu</strong></span> <span class='ocrx_word' id='word_1_260' title='bbox 1270 2926 1379 3006; x_wconf 89' lang='lat' dir='ltr'><strong>patet.</strong></span> 
     </span>
    </p>
   </div>
   <div class='ocr_carea' id='block_1_6' title="bbox 151 3027 1476 4713">
    <p class='ocr_par' dir='ltr' id='par_1_7' title="bbox 151 3027 1474 3556">
     <span class='ocr_line' id='line_1_30' title="bbox 241 3027 1473 3112; baseline 0 -17"><span class='ocrx_word' id='word_1_261' title='bbox 241 3030 280 3096; x_wconf 85' lang='lat' dir='ltr'><strong>R.</strong></span> <span class='ocrx_word' id='word_1_262' title='bbox 305 3031 335 3095; x_wconf 83' lang='lat'><strong>2.</strong></span> <span class='ocrx_word' id='word_1_263' title='bbox 366 3028 447 3094; x_wconf 82' lang='lat' dir='ltr'><strong>(lum</strong></span> <span class='ocrx_word' id='word_1_264' title='bbox 469 3027 510 3094; x_wconf 90' lang='lat' dir='ltr'><strong>de</strong></span> <span class='ocrx_word' id='word_1_265' title='bbox 532 3027 638 3111; x_wconf 90' lang='lat' dir='ltr'><strong>pretio</strong></span> <span class='ocrx_word' id='word_1_266' title='bbox 661 3027 805 3095; x_wconf 90' lang='lat' dir='ltr'><strong>currenti</strong></span> <span class='ocrx_word' id='word_1_267' title='bbox 828 3048 934 3093; x_wconf 89' lang='lat' dir='ltr'><strong>sermo</strong></span> <span class='ocrx_word' id='word_1_268' title='bbox 957 3048 1031 3093; x_wconf 88' lang='lat' dir='ltr'><strong>esse</strong></span> <span class='ocrx_word' id='word_1_269' title='bbox 1054 3031 1207 3109; x_wconf 86' lang='lat' dir='ltr'><strong>nequeat,</strong></span> <span class='ocrx_word' id='word_1_270' title='bbox 1230 3027 1380 3097; x_wconf 85' lang='lat' dir='ltr'><strong>maxime</strong></span> <span class='ocrx_word' id='word_1_271' title='bbox 1402 3027 1473 3112; x_wconf 90' lang='lat' dir='ltr'><strong>quia</strong></span> 
     </span>
     <span class='ocr_line' id='line_1_31' title="bbox 155 3116 1473 3200; baseline 0 -16"><span class='ocrx_word' id='word_1_272' title='bbox 155 3118 268 3197; x_wconf 81' lang='lat' dir='ltr'><strong>agitur</strong></span> <span class='ocrx_word' id='word_1_273' title='bbox 289 3117 330 3184; x_wconf 93' lang='lat' dir='ltr'><strong>de</strong></span> <span class='ocrx_word' id='word_1_274' title='bbox 353 3117 446 3195; x_wconf 87' lang='lat' dir='ltr'><strong>vino,</strong></span> <span class='ocrx_word' id='word_1_275' title='bbox 477 3118 563 3199; x_wconf 91' lang='lat' dir='ltr'><strong>qnod</strong></span> <span class='ocrx_word' id='word_1_276' title='bbox 586 3116 683 3181; x_wconf 90' lang='lat' dir='ltr'><strong>vilius</strong></span> <span class='ocrx_word' id='word_1_277' title='bbox 706 3117 831 3183; x_wconf 90' lang='lat' dir='ltr'><strong>factum</strong></span> <span class='ocrx_word' id='word_1_278' title='bbox 853 3121 922 3183; x_wconf 88' lang='lat' dir='ltr'><strong>est:</strong></span> <span class='ocrx_word' id='word_1_279' title='bbox 953 3137 1011 3200; x_wconf 89' lang='lat' dir='ltr'><strong>per</strong></span> <span class='ocrx_word' id='word_1_280' title='bbox 1033 3137 1070 3182; x_wconf 91' lang='lat' dir='ltr'><strong>se</strong></span> <span class='ocrx_word' id='word_1_281' title='bbox 1093 3116 1317 3196; x_wconf 86' lang='lat' dir='ltr'><strong>Philocrates,</strong></span> <span class='ocrx_word' id='word_1_282' title='bbox 1347 3116 1473 3185; x_wconf 84' lang='lat' dir='ltr'><strong>etiamsi</strong></span> 
     </span>
     <span class='ocr_line' id='line_1_32' title="bbox 152 3204 1473 3291; baseline 0.001 -18"><span class='ocrx_word' id='word_1_283' title='bbox 152 3206 321 3273; x_wconf 82' lang='lat' dir='ltr'><strong>habuisset</strong></span> <span class='ocrx_word' id='word_1_284' title='bbox 335 3206 527 3273; x_wconf 80' lang='lat' dir='ltr'><strong>facultatem</strong></span> <span class='ocrx_word' id='word_1_285' title='bbox 544 3204 715 3284; x_wconf 84' lang='lat' dir='ltr'><strong>vendendi,</strong></span> <span class='ocrx_word' id='word_1_286' title='bbox 740 3204 905 3271; x_wconf 89' lang='lat' dir='ltr'><strong>debuisset</strong></span> <span class='ocrx_word' id='word_1_287' title='bbox 919 3204 998 3270; x_wconf 91' lang='lat' dir='ltr'><strong>illud</strong></span> <span class='ocrx_word' id='word_1_288' title='bbox 1014 3205 1157 3272; x_wconf 90' lang='lat' dir='ltr'><strong>vendere</strong></span> <span class='ocrx_word' id='word_1_289' title='bbox 1171 3204 1204 3270; x_wconf 94' lang='lat' dir='ltr'><strong>in</strong></span> <span class='ocrx_word' id='word_1_290' title='bbox 1221 3206 1356 3291; x_wconf 86' lang='lat' dir='ltr'><strong>publica</strong></span> <span class='ocrx_word' id='word_1_291' title='bbox 1371 3207 1473 3274; x_wconf 83' lang='lat' dir='ltr'><strong>licitu·</strong></span> 
     </span>
     <span class='ocr_line' id='line_1_33' title="bbox 151 3294 1474 3380; baseline 0.001 -18"><span class='ocrx_word' id='word_1_292' title='bbox 151 3296 250 3363; x_wconf 88' lang='lat' dir='ltr'><strong>tione.</strong></span> <span class='ocrx_word' id='word_1_293' title='bbox 297 3294 405 3372; x_wconf 86' lang='lat' dir='ltr'><strong>Quare</strong></span> <span class='ocrx_word' id='word_1_294' title='bbox 428 3294 600 3362; x_wconf 90' lang='lat' dir='ltr'><strong>Onesimus</strong></span> <span class='ocrx_word' id='word_1_295' title='bbox 624 3315 687 3359; x_wconf 91' lang='lat' dir='ltr'><strong>non</strong></span> <span class='ocrx_word' id='word_1_296' title='bbox 717 3299 850 3361; x_wconf 88' lang='lat' dir='ltr'><strong>tenetur</strong></span> <span class='ocrx_word' id='word_1_297' title='bbox 879 3297 1052 3360; x_wconf 88' lang='lat' dir='ltr'><strong>contentus</strong></span> <span class='ocrx_word' id='word_1_298' title='bbox 1074 3314 1148 3359; x_wconf 88' lang='lat' dir='ltr'><strong>esse</strong></span> <span class='ocrx_word' id='word_1_299' title='bbox 1170 3295 1278 3380; x_wconf 89' lang='lat' dir='ltr'><strong>pretio</strong></span> <span class='ocrx_word' id='word_1_300' title='bbox 1302 3295 1362 3362; x_wconf 91' lang='lat' dir='ltr'><strong>illo</strong></span> <span class='ocrx_word' id='word_1_301' title='bbox 1385 3295 1474 3363; x_wconf 82' lang='lat' dir='ltr'><strong>dirm-</strong></span> 
     </span>
     <span class='ocr_line' id='line_1_34' title="bbox 152 3382 1473 3469; baseline 0.003 -19"><span class='ocrx_word' id='word_1_302' title='bbox 152 3384 260 3463; x_wconf 87' lang='lat' dir='ltr'><strong>diato,</strong></span> <span class='ocrx_word' id='word_1_303' title='bbox 285 3384 355 3450; x_wconf 89' lang='lat' dir='ltr'><strong>sive</strong></span> <span class='ocrx_word' id='word_1_304' title='bbox 379 3384 490 3466; x_wconf 78' lang='lat' dir='ltr'><strong>agitur</strong></span> <span class='ocrx_word' id='word_1_305' title='bbox 519 3385 559 3450; x_wconf 93' lang='lat' dir='ltr'><strong>de</strong></span> <span class='ocrx_word' id='word_1_306' title='bbox 589 3383 665 3449; x_wconf 89' lang='lat' dir='ltr'><strong>vino</strong></span> <span class='ocrx_word' id='word_1_307' title='bbox 689 3383 775 3467; x_wconf 92' lang='lat' dir='ltr'><strong>quod</strong></span> <span class='ocrx_word' id='word_1_308' title='bbox 798 3382 1001 3450; x_wconf 83' lang='lat' dir='ltr'><strong>Philocrates</strong></span> <span class='ocrx_word' id='word_1_309' title='bbox 1028 3383 1248 3469; x_wconf 88' lang='lat' dir='ltr'><strong>consumpsit,</strong></span> <span class='ocrx_word' id='word_1_310' title='bbox 1277 3385 1352 3451; x_wconf 90' lang='lat' dir='ltr'><strong>sive</strong></span> <span class='ocrx_word' id='word_1_311' title='bbox 1377 3387 1418 3454; x_wconf 89' lang='lat' dir='ltr'><strong>de</strong></span> <span class='ocrx_word' id='word_1_312' title='bbox 1439 3406 1473 3453; x_wconf 91' lang='lat' dir='ltr'><strong>eo</strong></span> 
     </span>
     <span class='ocr_line' id='line_1_35' title="bbox 152 3473 417 3556; baseline 0.004 -18"><span class='ocrx_word' id='word_1_313' title='bbox 152 3474 237 3556; x_wconf 90' lang='lat' dir='ltr'><strong>quod</strong></span> <span class='ocrx_word' id='word_1_314' title='bbox 262 3473 417 3540; x_wconf 91' lang='lat' dir='ltr'><strong>vendidit.</strong></span> 
     </span>
    </p>

    <p class='ocr_par' dir='ltr' id='par_1_8' title="bbox 153 3568 1475 3988">
     <span class='ocr_line' id='line_1_36' title="bbox 241 3568 1474 3654; baseline 0.001 -20"><span class='ocrx_word' id='word_1_315' title='bbox 241 3571 280 3634; x_wconf 86' lang='lat' dir='ltr'><strong>R.</strong></span> <span class='ocrx_word' id='word_1_316' title='bbox 306 3573 336 3636; x_wconf 88' lang='lat'><strong>3.</strong></span> <span class='ocrx_word' id='word_1_317' title='bbox 383 3570 490 3646; x_wconf 89' lang='lat' dir='ltr'><strong>Quare</strong></span> <span class='ocrx_word' id='word_1_318' title='bbox 520 3570 547 3635; x_wconf 85' lang='lat' dir='ltr'><strong>si</strong></span> <span class='ocrx_word' id='word_1_319' title='bbox 570 3569 743 3635; x_wconf 89' lang='lat' dir='ltr'><strong>Onesimus</strong></span> <span class='ocrx_word' id='word_1_320' title='bbox 772 3568 896 3635; x_wconf 89' lang='lat' dir='ltr'><strong>insistit</strong></span> <span class='ocrx_word' id='word_1_321' title='bbox 918 3568 951 3633; x_wconf 94' lang='lat' dir='ltr'><strong>in</strong></span> <span class='ocrx_word' id='word_1_322' title='bbox 974 3571 1116 3653; x_wconf 92' lang='lat' dir='ltr'><strong>petendo</strong></span> <span class='ocrx_word' id='word_1_323' title='bbox 1138 3571 1247 3654; x_wconf 90' lang='lat' dir='ltr'><strong>pretio</strong></span> <span class='ocrx_word' id='word_1_324' title='bbox 1271 3572 1400 3638; x_wconf 89' lang='lat' dir='ltr'><strong>maiore</strong></span> <span class='ocrx_word' id='word_1_325' title='bbox 1421 3575 1474 3639; x_wconf 88' lang='lat' dir='ltr'><strong>aut</strong></span> 
     </span>
     <span class='ocr_line' id='line_1_37' title="bbox 153 3658 1474 3742; baseline 0.004 -20"><span class='ocrx_word' id='word_1_326' title='bbox 153 3658 186 3723; x_wconf 90' lang='lat' dir='ltr'><strong>in</strong></span> <span class='ocrx_word' id='word_1_327' title='bbox 209 3658 407 3724; x_wconf 85' lang='lat' dir='ltr'><strong>intendenda</strong></span> <span class='ocrx_word' id='word_1_328' title='bbox 429 3659 497 3736; x_wconf 88' lang='lat' dir='ltr'><strong>lite,</strong></span> <span class='ocrx_word' id='word_1_329' title='bbox 521 3659 562 3724; x_wconf 90' lang='lat' dir='ltr'><strong>ad</strong></span> <span class='ocrx_word' id='word_1_330' title='bbox 580 3658 660 3724; x_wconf 90' lang='lat' dir='ltr'><strong>haec</strong></span> <span class='ocrx_word' id='word_1_331' title='bbox 675 3658 726 3723; x_wconf 90' lang='lat' dir='ltr'><strong>ius</strong></span> <span class='ocrx_word' id='word_1_332' title='bbox 742 3658 852 3735; x_wconf 86' lang='lat' dir='ltr'><strong>habet,</strong></span> <span class='ocrx_word' id='word_1_333' title='bbox 876 3661 976 3740; x_wconf 90' lang='lat' dir='ltr'><strong>atque</strong></span> <span class='ocrx_word' id='word_1_334' title='bbox 991 3661 1067 3742; x_wconf 89' lang='lat' dir='ltr'><strong>post</strong></span> <span class='ocrx_word' id='word_1_335' title='bbox 1082 3659 1185 3725; x_wconf 90' lang='lat' dir='ltr'><strong>latam</strong></span> <span class='ocrx_word' id='word_1_336' title='bbox 1201 3659 1320 3726; x_wconf 91' lang='lat' dir='ltr'><strong>iudicis</strong></span> <span class='ocrx_word' id='word_1_337' title='bbox 1343 3665 1474 3729; x_wconf 91' lang='lat' dir='ltr'><strong>senten·</strong></span> 
     </span>
     <span class='ocr_line' id='line_1_38' title="bbox 154 3745 1474 3826; baseline 0.004 -14"><span class='ocrx_word' id='word_1_338' title='bbox 154 3746 235 3812; x_wconf 87' lang='lat' dir='ltr'><strong>tiam</strong></span> <span class='ocrx_word' id='word_1_339' title='bbox 258 3745 332 3811; x_wconf 87' lang='lat' dir='ltr'><strong>huic</strong></span> <span class='ocrx_word' id='word_1_340' title='bbox 356 3746 559 3813; x_wconf 88' lang='lat' dir='ltr'><strong>Philocrates</strong></span> <span class='ocrx_word' id='word_1_341' title='bbox 582 3747 681 3813; x_wconf 89' lang='lat' dir='ltr'><strong>etiam</strong></span> <span class='ocrx_word' id='word_1_342' title='bbox 705 3747 739 3812; x_wconf 92' lang='lat' dir='ltr'><strong>in</strong></span> <span class='ocrx_word' id='word_1_343' title='bbox 767 3746 966 3812; x_wconf 89' lang='lat' dir='ltr'><strong>conscientia</strong></span> <span class='ocrx_word' id='word_1_344' title='bbox 989 3750 1079 3812; x_wconf 87' lang='lat' dir='ltr'><strong>stare</strong></span> <span class='ocrx_word' id='word_1_345' title='bbox 1103 3746 1220 3826; x_wconf 80' lang='lat' dir='ltr'><strong>debet3</strong></span> <span class='ocrx_word' id='word_1_346' title='bbox 1252 3752 1355 3816; x_wconf 88' lang='lat' dir='ltr'><strong>antea</strong></span> <span class='ocrx_word' id='word_1_347' title='bbox 1385 3750 1474 3817; x_wconf 89' lang='lat' dir='ltr'><strong>siad</strong></span> 
     </span>
     <span class='ocr_line' id='line_1_39' title="bbox 154 3833 1475 3918; baseline 0.004 -19"><span class='ocrx_word' id='word_1_348' title='bbox 154 3854 226 3899; x_wconf 90' lang='lat' dir='ltr'><strong>eam</strong></span> <span class='ocrx_word' id='word_1_349' title='bbox 250 3833 438 3899; x_wconf 87' lang='lat' dir='ltr'><strong>evitandam</strong></span> <span class='ocrx_word' id='word_1_350' title='bbox 470 3855 537 3900; x_wconf 90' lang='lat' dir='ltr'><strong>rem</strong></span> <span class='ocrx_word' id='word_1_351' title='bbox 562 3856 634 3901; x_wconf 89' lang='lat' dir='ltr'><strong>cum</strong></span> <span class='ocrx_word' id='word_1_352' title='bbox 658 3835 810 3901; x_wconf 90' lang='lat' dir='ltr'><strong>Onesimo</strong></span> <span class='ocrx_word' id='word_1_353' title='bbox 834 3835 1032 3918; x_wconf 84' lang='lat' dir='ltr'><strong>composuit,</strong></span> <span class='ocrx_word' id='word_1_354' title='bbox 1065 3840 1155 3902; x_wconf 88' lang='lat' dir='ltr'><strong>stare</strong></span> <span class='ocrx_word' id='word_1_355' title='bbox 1179 3835 1278 3904; x_wconf 92' lang='lat' dir='ltr'><strong>debet</strong></span> <span class='ocrx_word' id='word_1_356' title='bbox 1301 3838 1379 3904; x_wconf 92' lang='lat' dir='ltr'><strong>huic</strong></span> <span class='ocrx_word' id='word_1_357' title='bbox 1403 3859 1475 3904; x_wconf 91' lang='lat' dir='ltr'><strong>con·</strong></span> 
     </span>
     <span class='ocr_line' id='line_1_40' title="bbox 155 3922 311 3988; baseline 0.013 -2"><span class='ocrx_word' id='word_1_358' title='bbox 155 3922 311 3988; x_wconf 89' lang='lat' dir='ltr'><strong>ventioni.</strong></span> 
     </span>
    </p>

    <p class='ocr_par' dir='ltr' id='par_1_9' title="bbox 155 4010 1476 4713">
     <span class='ocr_line' id='line_1_41' title="bbox 243 4010 1475 4093; baseline 0.005 -20"><span class='ocrx_word' id='word_1_359' title='bbox 243 4010 282 4076; x_wconf 90' lang='lat' dir='ltr'><strong>R.</strong></span> <span class='ocrx_word' id='word_1_360' title='bbox 307 4013 337 4075; x_wconf 85' lang='grc'><strong>4.</strong></span> <span class='ocrx_word' id='word_1_361' title='bbox 385 4011 506 4074; x_wconf 88' lang='lat' dir='ltr'><strong>Verum</strong></span> <span class='ocrx_word' id='word_1_362' title='bbox 536 4012 564 4074; x_wconf 90' lang='lat' dir='ltr'><strong>si</strong></span> <span class='ocrx_word' id='word_1_363' title='bbox 587 4011 757 4076; x_wconf 90' lang='lat' dir='ltr'><strong>Onesimus</strong></span> <span class='ocrx_word' id='word_1_364' title='bbox 787 4034 850 4077; x_wconf 91' lang='lat' dir='ltr'><strong>non</strong></span> <span class='ocrx_word' id='word_1_365' title='bbox 875 4017 986 4093; x_wconf 88' lang='lat' dir='ltr'><strong>urget,</strong></span> <span class='ocrx_word' id='word_1_366' title='bbox 1017 4012 1221 4078; x_wconf 88' lang='lat' dir='ltr'><strong>Philocrates</strong></span> <span class='ocrx_word' id='word_1_367' title='bbox 1251 4035 1319 4079; x_wconf 91' lang='lat' dir='ltr'><strong>non</strong></span> <span class='ocrx_word' id='word_1_368' title='bbox 1346 4021 1475 4083; x_wconf 90' lang='lat' dir='ltr'><strong>tenetur</strong></span> 
     </span>
     <span class='ocr_line' id='line_1_42' title="bbox 155 4098 1474 4191; baseline 0.007 -28"><span class='ocrx_word' id='word_1_369' title='bbox 155 4120 196 4164; x_wconf 85' lang='lat' dir='ltr'><strong>ex</strong></span> <span class='ocrx_word' id='word_1_370' title='bbox 221 4119 292 4163; x_wconf 90' lang='lat' dir='ltr'><strong>sese</strong></span> <span class='ocrx_word' id='word_1_371' title='bbox 322 4098 444 4179; x_wconf 86' lang='lat' dir='ltr'><strong>aliquid</strong></span> <span class='ocrx_word' id='word_1_372' title='bbox 475 4099 648 4173; x_wconf 87' lang='lat' dir='ltr'><strong>resarcire,</strong></span> <span class='ocrx_word' id='word_1_373' title='bbox 679 4101 741 4164; x_wconf 89' lang='lat' dir='ltr'><strong>nisi</strong></span> <span class='ocrx_word' id='word_1_374' title='bbox 771 4101 996 4167; x_wconf 86' lang='lat' dir='ltr'><strong>fraudulenter</strong></span> <span class='ocrx_word' id='word_1_375' title='bbox 1026 4101 1140 4183; x_wconf 86' lang='lat' dir='ltr'><strong>egerit.</strong></span> <span class='ocrx_word' id='word_1_376' title='bbox 1189 4102 1223 4168; x_wconf 86' lang='lat' dir='ltr'><strong>Si</strong></span> <span class='ocrx_word' id='word_1_377' title='bbox 1253 4103 1359 4185; x_wconf 83' lang='lat' dir='ltr'><strong>igitur</strong></span> <span class='ocrx_word' id='word_1_378' title='bbox 1383 4111 1474 4191; x_wconf 87' lang='lat' dir='ltr'><strong>puta·</strong></span> 
     </span>
     <span class='ocr_line' id='line_1_43' title="bbox 155 4187 1475 4279; baseline 0.005 -28"><span class='ocrx_word' id='word_1_379' title='bbox 155 4187 241 4253; x_wconf 91' lang='lat' dir='ltr'><strong>verit</strong></span> <span class='ocrx_word' id='word_1_380' title='bbox 264 4208 300 4252; x_wconf 89' lang='lat' dir='ltr'><strong>se</strong></span> <span class='ocrx_word' id='word_1_381' title='bbox 322 4187 356 4252; x_wconf 93' lang='lat' dir='ltr'><strong>in</strong></span> <span class='ocrx_word' id='word_1_382' title='bbox 388 4187 569 4254; x_wconf 86' lang='lat' dir='ltr'><strong>licitatione</strong></span> <span class='ocrx_word' id='word_1_383' title='bbox 593 4188 697 4253; x_wconf 87' lang='lat' dir='ltr'><strong>maius</strong></span> <span class='ocrx_word' id='word_1_384' title='bbox 721 4190 861 4272; x_wconf 90' lang='lat' dir='ltr'><strong>pretinm</strong></span> <span class='ocrx_word' id='word_1_385' title='bbox 884 4211 948 4254; x_wconf 90' lang='lat' dir='ltr'><strong>non</strong></span> <span class='ocrx_word' id='word_1_386' title='bbox 972 4211 1044 4255; x_wconf 90' lang='lat' dir='ltr'><strong>esse</strong></span> <span class='ocrx_word' id='word_1_387' title='bbox 1068 4195 1344 4271; x_wconf 84' lang='lat' dir='ltr'><strong>consecuturum,</strong></span> <span class='ocrx_word' id='word_1_388' title='bbox 1367 4198 1475 4279; x_wconf 87' lang='lat' dir='ltr'><strong>potest</strong></span> 
     </span>
     <span class='ocr_line' id='line_1_44' title="bbox 155 4276 1475 4361; baseline 0.007 -21"><span class='ocrx_word' id='word_1_389' title='bbox 155 4276 188 4340; x_wconf 90' lang='lat' dir='ltr'><strong>in</strong></span> <span class='ocrx_word' id='word_1_390' title='bbox 212 4276 399 4343; x_wconf 88' lang='lat' dir='ltr'><strong>venditione</strong></span> <span class='ocrx_word' id='word_1_391' title='bbox 422 4277 575 4360; x_wconf 89' lang='lat' dir='ltr'><strong>privatim</strong></span> <span class='ocrx_word' id='word_1_392' title='bbox 598 4276 689 4341; x_wconf 85' lang='lat' dir='ltr'><strong>facta</strong></span> <span class='ocrx_word' id='word_1_393' title='bbox 712 4276 919 4357; x_wconf 87' lang='lat' dir='ltr'><strong>acquiescere</strong></span> <span class='ocrx_word' id='word_1_394' title='bbox 942 4284 1042 4361; x_wconf 89' lang='lat' dir='ltr'><strong>atque</strong></span> <span class='ocrx_word' id='word_1_395' title='bbox 1065 4280 1166 4344; x_wconf 88' lang='lat' dir='ltr'><strong>etiam</strong></span> <span class='ocrx_word' id='word_1_396' title='bbox 1190 4280 1312 4348; x_wconf 84' lang='lat' dir='ltr'><strong>sistere</strong></span> <span class='ocrx_word' id='word_1_397' title='bbox 1336 4283 1369 4348; x_wconf 90' lang='lat' dir='ltr'><strong>in</strong></span> <span class='ocrx_word' id='word_1_398' title='bbox 1395 4305 1475 4349; x_wconf 89' lang='lat' dir='ltr'><strong>com·</strong></span> 
     </span>
     <span class='ocr_line' id='line_1_45' title="bbox 155 4364 1476 4451; baseline 0.007 -22"><span class='ocrx_word' id='word_1_399' title='bbox 155 4365 300 4448; x_wconf 91' lang='lat' dir='ltr'><strong>putando</strong></span> <span class='ocrx_word' id='word_1_400' title='bbox 320 4366 433 4431; x_wconf 91' lang='lat' dir='ltr'><strong>eodem</strong></span> <span class='ocrx_word' id='word_1_401' title='bbox 449 4364 554 4447; x_wconf 90' lang='lat' dir='ltr'><strong>pretio</strong></span> <span class='ocrx_word' id='word_1_402' title='bbox 570 4384 629 4446; x_wconf 91' lang='lat' dir='ltr'><strong>pro</strong></span> <span class='ocrx_word' id='word_1_403' title='bbox 645 4365 720 4429; x_wconf 90' lang='lat' dir='ltr'><strong>vino</strong></span> <span class='ocrx_word' id='word_1_404' title='bbox 736 4387 756 4429; x_wconf 89' lang='lat' dir='ltr'><strong>a</strong></span> <span class='ocrx_word' id='word_1_405' title='bbox 772 4386 807 4429; x_wconf 90' lang='lat' dir='ltr'><strong>se</strong></span> <span class='ocrx_word' id='word_1_406' title='bbox 831 4374 1031 4451; x_wconf 91' lang='lat' dir='ltr'><strong>consumpto.</strong></span> <span class='ocrx_word' id='word_1_407' title='bbox 1064 4367 1175 4445; x_wconf 85' lang='lat' dir='ltr'><strong>Quoad</strong></span> <span class='ocrx_word' id='word_1_408' title='bbox 1192 4370 1354 4437; x_wconf 88' lang='lat' dir='ltr'><strong>maiorem</strong></span> <span class='ocrx_word' id='word_1_409' title='bbox 1370 4371 1476 4440; x_wconf 89' lang='lat' dir='ltr'><strong>damni</strong></span> 
     </span>
     <span class='ocr_line' id='line_1_46' title="bbox 156 4454 1476 4537; baseline 0.007 -19"><span class='ocrx_word' id='word_1_410' title='bbox 156 4455 450 4537; x_wconf 88' lang='lat' dir='ltr'><strong>compensationem</strong></span> <span class='ocrx_word' id='word_1_411' title='bbox 475 4458 667 4535; x_wconf 87' lang='lat' dir='ltr'><strong>exspectare</strong></span> <span class='ocrx_word' id='word_1_412' title='bbox 690 4459 799 4534; x_wconf 85' lang='lat' dir='ltr'><strong>potest</strong></span> <span class='ocrx_word' id='word_1_413' title='bbox 821 4454 1011 4536; x_wconf 88' lang='lat' dir='ltr'><strong>petitionem</strong></span> <span class='ocrx_word' id='word_1_414' title='bbox 1028 4457 1082 4520; x_wconf 89' lang='lat' dir='ltr'><strong>vel</strong></span> <span class='ocrx_word' id='word_1_415' title='bbox 1104 4457 1291 4525; x_wconf 87' lang='lat' dir='ltr'><strong>iudicialem</strong></span> <span class='ocrx_word' id='word_1_416' title='bbox 1316 4463 1476 4529; x_wconf 89' lang='lat' dir='ltr'><strong>actionem</strong></span> 
     </span>
     <span class='ocr_line' id='line_1_47' title="bbox 156 4540 1475 4628; baseline 0.008 -21"><span class='ocrx_word' id='word_1_417' title='bbox 156 4540 309 4608; x_wconf 89' lang='lat' dir='ltr'><strong>Onesimi.</strong></span> <span class='ocrx_word' id='word_1_418' title='bbox 328 4542 450 4607; x_wconf 88' lang='lat' dir='ltr'><strong>—Sed</strong></span> <span class='ocrx_word' id='word_1_419' title='bbox 474 4541 501 4605; x_wconf 88' lang='lat' dir='ltr'><strong>si</strong></span> <span class='ocrx_word' id='word_1_420' title='bbox 524 4540 749 4606; x_wconf 88' lang='lat' dir='ltr'><strong>fraudulenter</strong></span> <span class='ocrx_word' id='word_1_421' title='bbox 772 4544 850 4623; x_wconf 80' lang='lat' dir='ltr'><strong>egit,</strong></span> <span class='ocrx_word' id='word_1_422' title='bbox 876 4565 896 4608; x_wconf 91' lang='lat' dir='ltr'><strong>a</strong></span> <span class='ocrx_word' id='word_1_423' title='bbox 918 4545 1184 4628; x_wconf 86' lang='lat' dir='ltr'><strong>compensatione</strong></span> <span class='ocrx_word' id='word_1_424' title='bbox 1210 4548 1323 4615; x_wconf 90' lang='lat' dir='ltr'><strong>damni</strong></span> <span class='ocrx_word' id='word_1_425' title='bbox 1340 4573 1405 4617; x_wconf 91' lang='lat' dir='ltr'><strong>non</strong></span> <span class='ocrx_word' id='word_1_426' title='bbox 1421 4572 1475 4617; x_wconf 80' lang='lat' dir='ltr'><strong>ex·</strong></span> 
     </span>
     <span class='ocr_line' id='line_1_48' title="bbox 156 4629 1475 4713; baseline 0.007 -18"><span class='ocrx_word' id='word_1_427' title='bbox 156 4630 323 4696; x_wconf 89' lang='lat' dir='ltr'><strong>cusabitur</strong></span> <span class='ocrx_word' id='word_1_428' title='bbox 339 4630 400 4694; x_wconf 91' lang='lat' dir='ltr'><strong>nisi</strong></span> <span class='ocrx_word' id='word_1_429' title='bbox 419 4651 479 4713; x_wconf 92' lang='lat' dir='ltr'><strong>per</strong></span> <span class='ocrx_word' id='word_1_430' title='bbox 494 4629 761 4694; x_wconf 86' lang='lat' dir='ltr'><strong>condonationem</strong></span> <span class='ocrx_word' id='word_1_431' title='bbox 777 4631 818 4695; x_wconf 89' lang='lat' dir='ltr'><strong>ab</strong></span> <span class='ocrx_word' id='word_1_432' title='bbox 835 4632 986 4698; x_wconf 90' lang='lat' dir='ltr'><strong>Onesimo</strong></span> <span class='ocrx_word' id='word_1_433' title='bbox 1002 4634 1126 4701; x_wconf 90' lang='lat' dir='ltr'><strong>sciente</strong></span> <span class='ocrx_word' id='word_1_434' title='bbox 1141 4642 1176 4702; x_wconf 91' lang='lat' dir='ltr'><strong>et</strong></span> <span class='ocrx_word' id='word_1_435' title='bbox 1192 4638 1331 4707; x_wconf 90' lang='lat' dir='ltr'><strong>volente</strong></span> <span class='ocrx_word' id='word_1_436' title='bbox 1346 4640 1475 4707; x_wconf 82' lang='lat' dir='ltr'><strong>factam.</strong></span> 
     </span>
    </p>
   </div>
   <div class='ocr_carea' id='block_1_7' title="bbox 0 0 1571 5168">
    <p class='ocr_par' dir='ltr' id='par_1_10' title="bbox 0 0 1571 5168">
     <span class='ocr_line' id='line_1_49' title="bbox 0 0 1571 5168; baseline 0 0"><span class='ocrx_word' id='word_1_437' title='bbox 0 0 1571 5168; x_wconf 95' lang='lat' dir='ltr'><strong> </strong></span> 
     </span>
    </p>
   </div>
  </div>
 </body>
</html>
