3106 5168
121 1099 341 1185 CULTUS
371 1100 469 1184 DEI
498 1101 605 1184 PER
626 1101 830 1187 VOTUM
859 1101 932 1186 ΕΤ
962 1102 1071 1187 PER
1101 1101 1332 1189 STATUM

221 1224 626 1310 PERFRCTIONIS
659 1226 720 1309 IN
750 1226 890 1311 VITA
920 1225 1231 1313 RELIGIOSA.

327 1444 526 1512 VOVRNDI
548 1445 689 1513 Ausus
712 1444 903 1523 EIUSQUE
926 1446 1049 1513 VlTlA
1072 1446 1126 1530 (Ι).

629 1605 740 1672 bosus.
767 1613 826 1683 (69)

151 1735 298 1808 Liberius,
318 1735 349 1795 in
363 1735 413 1795 vis
427 1736 525 1795 ferreo
545 1754 611 1794 cum
632 1735 731 1795 subito
751 1735 944 1797 infortunium
959 1735 1117 1808 accideret,
1138 1735 1241 1796 statim
1255 1737 1392 1814 concepit

58 1818 119 1876 hoc
134 1822 253 1876 votum:
279 1816 328 1889 „Si
348 1817 451 1876 salvus
473 1816 607 1888 evadam,
628 1816 768 1893 promitto
789 1835 836 1875 me
856 1817 921 1876 fore
935 1816 1161 1894 Trappistam“;
1183 1837 1240 1893 quo
1253 1822 1324 1878 voto
1338 1817 1391 1877 vix

12 1899 15 1903 ’
60 1902 215 1974 concepto,
237 1916 350 1969 currus,
372 1896 475 1972 inquo
495 1896 561 1973 ipse
576 1901 631 1968 est,
653 1902 811 1974 separatus
829 1898 867 1955 ab
882 1895 959 1968 aliis,
981 1897 1029 1971 qui
1050 1897 1081 1954 in
1096 1897 1272 1972 profundum
1292 1902 1391 1969 ruunt,

59 1977 201 2037 subsistit-
220 1977 386 2039 incolumis.
428 1975 512 2047 Quod
534 1996 599 2037 cum
619 1977 702 2037 videt
722 1976 867 2048 Liberius,
888 1976 1026 2054 promissi
1047 1976 1143 2053 ipsum
1163 1976 1303 2053 paenitet.

150 2057 349 2117 Nihilominus
362 2062 464 2117 votum
484 2057 670 2133 exsequitur3
693 2057 746 2116 ssd
766 2061 834 2134 post
854 2076 949 2116 annos
968 2055 1154 2133 experientia
1174 2057 1297 2132 gravius
1318 2057 1392 2117 facit

59 2137 174 2199 sentire
195 2137 405 2210 difficultates,
427 2157 513 2214 quam
536 2156 587 2197 eas
609 2137 717 2209 sensit,
739 2137 855 2214 quando
875 2137 1039 2196 theoretice
1061 2156 1113 2197 ess
1134 2137 1232 2198 animo
1252 2139 1392 2198 volvebat

60 2223 92 2278 et
114 2217 230 2294 quando
251 2216 337 2278 initio
358 2219 438 2278 votis
458 2216 608 2293 religiosis
630 2237 662 2276 se
683 2217 898 2294 obstringebat.
935 2216 1014 2276 Hinc
1035 2236 1073 2276 ex
1094 2237 1194 2290 causa,
1216 2219 1293 2294 quod
1313 2238 1391 2279 erra·

59 2298 140 2358 verit
160 2297 192 2357 in
212 2297 437 2358 difficultatibus
458 2297 539 2357 vitae
560 2296 728 2374 religiosae,
749 2297 866 2374 quaerit
886 2297 1095 2359 dimissionem.

60 2402 240 2474 Qosumruu
262 2404 291 2462 1⁰
317 2403 386 2479 quid
407 2403 447 2463 sit·
466 2409 577 2463 votum.

262 2493 292 2552 2⁰
317 2491 435 2568 quinam
457 2511 541 2552 error
561 2497 592 2551 et
611 2491 777 2552 voluntatis
799 2492 933 2551 defectus
954 2491 1015 2551 voti
1037 2491 1133 2551 valeri
1153 2493 1259 2552 obstet.

262 2583 292 2640 3⁰
317 2580 385 2657 qnid
407 2581 542 2641 devotis
564 2579 676 2641 Liberii
697 2580 736 2640 sit
757 2579 919 2640 dicendum.

660 2753 797 2823 Solutio.

152 2878 205 2944 An
228 2883 482 2956 euansinuuP'
505 2879 544 2949 R
569 2883 585 2945 1
619 2901 691 2945 oum
720 2881 752 2947 S
777 2879 928 2946 Thomu
951 2881 1020 2963 Aq.
1046 2884 1080 2960 2,
1106 2884 1140 2960 2,
1172 2902 1203 2964 q.
1228 2883 1285 2962 88,
1316 2884 1452 2949 a.1252

60 2973 176 3035 votum
201 2988 273 3034 esse
296 2968 542 3071 promissionem
567 2969 637 3035 Deo
659 2968 794 3037 factam,

151 3058 320 3140 Intellegit
322 3079 361 3123 ur
375 3058 545 3141 promissio
565 3059 661 3136 seria,
686 3079 771 3140 quae
785 3058 1019 3161 obligationem
1036 3059 1224 3142 praestandi
1240 3058 1391 3143 promissi

60 3168 172 3214 secum
196 3147 294 3214 ferat.
334 3146 492 3224 Quoniam
510 3151 621 3214 autem
644 3147 816 3232 promissio
835 3149 903 3214 Deo
926 3148 1017 3214 fucta
1041 3152 1101 3226 est,
1126 3148 1390 3232 adimplendum

60 3237 257 3321 promissum
292 3236 418 3318 obligat
450 3237 589 3321 fidelitas
626 3259 700 3323 erpo
734 3237 855 3320 Deum,
891 3236 1038 3321 adeoque
1072 3237 1178 3304 virtus
1212 3237 1389 3320 religionis.

61 3325 285 3408 Distinguitur
306 3329 418 3391 votum
451 3346 471 3391 a
501 3347 592 3392 mero
622 3325 804 3410 proposito,
836 3325 922 3408 quod
952 3325 993 3392 de
1022 3347 1059 3392 se
1088 3327 1211 3393 nullam
1236 3327 1390 3411 implendi

62 3413 297 3498 obligationem
320 3413 451 3499 proprie
475 3415 597 3481 dictam
619 3414 768 3481 involvit.

151 3521 191 3587 R.
216 3524 246 3588 2.
294 3517 459 3603 Obligatio
482 3521 552 3588 voti
582 3525 634 3587 est
656 3522 770 3604 gravis
800 3525 858 3588 eut
880 3521 964 3587 levis
986 3542 1045 3606 pro
1069 3521 1217 3589 subiecta
1239 3523 1387 3590 materia.

62 3611 113 3676 Ad
137 3632 208 3676 rem
227 3610 329 3694 igitur
345 3610 475 3676 omnino
491 3611 597 3676 levem
613 3610 726 3693 gravis
745 3610 902 3694 obligatio
926 3611 1025 3679 etiam
1043 3611 1111 3678 voti
1134 3611 1243 3678 induci
1258 3612 1388 3694 nequit;

62 3720 176 3765 verum
199 3703 310 3783 potest
332 3719 351 3765 e
375 3700 540 3766 corbario
563 3700 596 3765 in
620 3704 699 3767 voto
723 3700 852 3785 privato
880 3722 934 3767 res
956 3700 1070 3784 gravis
1092 3702 1152 3767 sub
1176 3700 1241 3767 levi
1265 3702 1388 3780 voveri,

61 3789 148 3872 quia,
172 3788 258 3855 sicut
272 3809 398 3855 vovens
416 3790 604 3856 nullatenus
618 3793 752 3856 tenetur
767 3811 889 3857 vovere
911 3811 1017 3873 neque
1039 3791 1139 3856 ullam
1156 3791 1387 3874 obligationem

61 3877 231 3961 religionis
254 3877 315 3943 sibi
337 3877 521 3962 imponere,
553 3879 602 3945 ita
630 3882 742 3963 potest
771 3879 871 3945 etiam
901 3879 1093 3965 imperfecte
1115 3884 1245 3947 tantum
1268 3901 1389 3947 vovere

61 3973 162 4052 atque
191 3967 291 4121 etiapli
321 3967 357 4033 in
389 3988 425 4033 re
457 3967 552 4050 gravi
584 3967 810 4051 imperfectum
843 3974 877 4036 et
907 3969 1014 4034 levem
1047 3968 1280 4052 obligationem
1312 3991 1388 4035 con·

60 4057 194 4124 trahere
218 4076 259 4122 ve
286 4076 313 4122 e.

151 4145 189 4210 In
212 4144 350 4230 publicis
374 4149 484 4212 eutem
506 4145 594 4211 votis
617 4167 676 4211 seu
698 4145 733 4210 in
754 4144 806 4224 iis,
829 4145 864 4209 in
887 4145 1003 4227 quibus
1027 4151 1136 4214 certus
1156 4151 1265 4214 status
1284 4147 1388 4212 ecole-

61 4235 215 4302 aiasticus
232 4235 418 4312 assumitur,
440 4234 499 4300 illa
513 4234 707 4318 imperfecta
722 4239 851 4301 tantum
868 4235 1025 4317 obligatio
1041 4256 1105 4302 non
1121 4240 1232 4319 potest
1247 4235 1385 4313 admitti,

61 4323 137 4409 quis
160 4323 450 4407 obligationist
395 4324 434 4389 de
435 4324 623 4391 terminatio
646 4324 679 4389 in
709 4324 750 4389 iis
772 4325 898 4391 nonfit
883 4324 1050 4408 tpm‘vato
1074 4325 1209 4391 arbitrio
1233 4325 1290 4391 sed
1313 4325 1387 4407 lege

60 4414 211 4498 publicae
235 4411 453 4479 auctoritatis

149 4519 190 4588 R.
210 4522 241 4588 3.
276 4519 344 4586 Vot
329 4523 409 4597 t‚um
434 4540 508 4585 cum
523 4518 568 4586 sit
585 4519 757 4604 promissio
773 4520 840 4585 Deo
856 4519 956 4598 facts,
981 4519 1093 4585 aDeo
1110 4519 1207 4585 debet
1192 4519 1386 4601 tzaariaccwt

60 4630 157 4696 posse
180 4612 216 4676 et
239 4608 421 4694 acceptari3
445 4608 518 4675 aliis
541 4609 661 4689 verbis,
680 4608 783 4675 debet
768 4613 859 4675 tres
882 4629 954 4675 esse
977 4609 1047 4674 Deo
1070 4612 1176 4690 grata
1214 4606 1298 4673 Hinc
1321 4628 1387 4673 non
