3106 5168
182 299 243 364 146
390 293 430 349 De
449 292 597 349 virtutibus
616 298 645 349 et
662 292 761 349 officiis
779 311 845 363 erga
862 292 958 349 Deum
976 324 1009 336 -
1026 294 1123 349 Virtus
1140 293 1289 364 religiom

178 473 215 536 ut
238 474 307 537 tam
330 474 502 554 promptae
525 469 690 538 devotioni
713 469 798 547 eius,
829 491 928 553 quam
954 471 987 536 in
1010 474 1126 538 sancto
1148 471 1261 540 studet
1283 473 1405 539 babere
1427 495 1503 558 pro·

178 560 301 642 posito,
334 559 465 626 minime
495 559 617 626 Vestra
648 559 692 626 sit
722 559 954 644 impedimento
985 559 1209 637 Fraternitas3
1242 562 1349 645 magis
1380 566 1501 642 autem,

178 648 295 730 quibus
317 647 438 715 valetis
466 648 765 726 adhortationibus,
795 649 954 734 pastorali
984 648 1205 717 admonitione
1230 651 1435 730 succendite,
1466 657 1503 719 ut

178 738 288 803 fervor
303 738 398 803 buius
414 737 566 803 desiderii
588 738 622 802 in
645 758 684 802 eo
707 760 773 803 non
788 742 953 822 tepeseat;
977 738 1086 820 utqui
1109 760 1130 805 a
1145 739 1333 807 turbulento
1350 760 1502 807 curarum

178 827 393 893 saecularium
416 828 559 893 tumultu
581 848 617 894 se
640 847 829 910 segregans,
854 826 973 910 quietis
990 827 1150 894 desiderio
1165 832 1296 912 portum
1312 829 1502 896 monasterii

177 915 325 1001 appetiit,
349 937 479 981 rursum
499 916 532 982 in
554 915 849 982 ecclesiasticarum
865 936 1016 982 curarum
1032 937 1097 981 non
1113 916 1232 985 debeat
1246 918 1501 1002 perturbationi-

176 1005 236 1070 bus
259 1004 429 1090 implioari,
452 1005 510 1071 sed
533 1004 567 1070 in
589 1003 651 1071 Dei
672 1004 824 1071 laudibus
839 1004 1052 1089 permittatur
1066 1025 1180 1071 secure
1203 1007 1245 1073 ab
1268 1006 1319 1072 his
1342 1007 1499 1085 omnibus,

176 1097 213 1159 ut
234 1094 391 1179 postulat,
415 1097 614 1160 remanere.'‘

433 1301 589 1369 VO'PUM
612 1302 661 1367 IN
664 1300 952 1368 GREDIENDAE
979 1301 1242 1371 RELIGIONIS.

738 1451 849 1519 dasne.
876 1458 934 1528 (80)

265 1595 353 1655 Gaius
368 1604 398 1654 et
412 1594 484 1654 (laia
499 1592 563 1654 eius
577 1613 662 1654 soror
675 1600 787 1653 vovent
804 1593 879 1653 haec
893 1612 926 1653 ee
947 1591 1011 1652 fieri
1030 1592 1197 1667 monialem,
1217 1594 1268 1654 ille
1282 1613 1315 1654 ee
1328 1597 1500 1672 religiosum

174 1676 238 1735 fieri
252 1676 337 1737 velle.
371 1676 481 1735 Verum
496 1694 561 1734 cum
576 1674 666 1734 (laius
686 1673 744 1733 iam
758 1673 905 1733 admissus
925 1678 1016 1745 esset,
1037 1674 1225 1751 expelluntur
1238 1693 1255 1735 e
1269 1676 1368 1752 patria
1382 1678 1501 1737 ordines

175 1756 344 1827 clericales,
372 1755 573 1815 monachalem
602 1761 700 1814 antem
725 1754 856 1813 ordinem
883 1753 999 1830 ingredi
1025 1773 1086 1813 non
1114 1761 1202 1816 amat
1244 1754 1316 1815 (laia
1343 1758 1374 1816 in
1402 1764 1500 1817 mente

174 1836 290 1913 quidem
311 1836 415 1896 babuit
436 1854 553 1895 sorores
573 1834 808 1905 misericordiae,
830 1838 862 1893 at
883 1853 949 1893 cum
969 1833 1193 1894 candidaturam
1214 1854 1267 1913 per
1286 1836 1500 1898 hebdomadam

174 1917 251 1992 egit,
278 1916 356 1975 hanc
376 1917 469 1976 vitam
490 1914 547 1975 sibi
567 1915 733 1991 graviorem
753 1914 816 1973 iore
836 1918 961 1991 putans,
984 1914 1097 1990 cogitat
1117 1916 1216 1991 potius
1238 1916 1500 1992 congregationem

174 1996 283 2072 eligere
304 2015 380 2074 quae
407 1996 574 2056 scholarum
602 2015 702 2055 curam
729 1995 822 2070 gerit:
850 1993 1019 2053 institutum
1048 1999 1147 2054 autem
1170 1995 1246 2071 quod
1274 1995 1302 2054 ei
1328 1998 1501 2076 praeplacet

173 2078 291 2137 exsulat
318 2079 351 2136 in
370 2077 524 2148 Amerina,
552 2075 637 2154 proin
659 2074 789 2152 quaerit,
817 2079 915 2134 utrum
936 2079 1037 2133 votum
1065 2093 1151 2133 suurn
1177 2094 1231 2152 per
1259 2094 1354 2136 annos
1382 2077 1500 2138 differre

172 2158 283 2234 possit,
312 2157 405 2217 donec
426 2156 569 2216 moniales
594 2155 664 2214 illae
684 2155 824 2225 redeant,
852 2153 980 2213 maxime
1000 2173 1067 2212 cum
1091 2174 1145 2231 per
1165 2156 1401 2233 experimentum
1422 2159 1499 2236 apud

173 2257 290 2297 sorores
311 2236 532 2297 misericordiae
552 2236 611 2294 iam
631 2235 769 2294 videatur
790 2239 859 2294 voto
881 2234 1075 2294 satisfecisse.

173 2344 350 2415 ansarrun
371 2344 400 2401 1ο
425 2343 462 2402 ad
483 2342 551 2418 quid
572 2347 710 2401 teneatur
730 2341 825 2417 quoad
846 2340 1022 2417 ingressum,
1044 2340 1094 2417 qui
1115 2341 1199 2401 vovit
1219 2341 1403 2419 religionem.

370 2434 400 2490 2⁰
425 2431 502 2490 sitne
523 2450 542 2490 a
562 2436 632 2490 voto
654 2450 708 2490 suc
728 2430 812 2501 liber,
834 2430 883 2507 qni
903 2435 1009 2507 postea
1029 2430 1188 2506 egreditur.

370 2523 400 2580 3ο
425 2521 492 2596 quid
515 2521 550 2579 de
572 2519 643 2580 Caio
665 2525 696 2579 et
717 2519 788 2580 Onia
808 2519 840 2578 in
862 2538 933 2579 casu
955 2519 1012 2578 dici
1034 2520 1148 2579 debeat.

767 2701 903 2770 Solutio.

110 2852 161 2905 293
261 2839 313 2902 An
337 2857 527 2912 ouansrruu
553 2839 590 2900 1¹⁰
613 2835 652 2902 R.
672 2839 699 2901 1.
739 2834 940 2916 Quamquam
965 2837 1131 2921 rel-ipimus
1151 2834 1204 2900 vel
1227 2838 1376 2902 monialis
1400 2857 1498 2903 sensu

170 2925 285 2993 stricto
316 2925 471 2991 canonico
500 2924 704 3006 intellegitur
732 2924 912 2989 membrum
942 2924 1080 2990 alicuius
1101 2924 1259 3003 instituti,
1290 2926 1377 3008 quod
1400 2927 1497 3011 pleno

170 3037 267 3081 sensu
298 3019 335 3082 ut
364 3016 440 3080 orde
463 3017 630 3099 relipiosus
659 3034 680 3079 a
709 3013 742 3079 S.
766 3013 850 3079 Sede
873 3014 1074 3097 approbatus
1097 3013 1159 3080 sit:
1190 3017 1302 3080 tamen
1325 3021 1495 3093 voventes,

171 3105 233 3170 nisi
262 3106 348 3169 hunc
373 3125 502 3169 sensum
533 3103 684 3169 strictum
707 3102 956 3177 intellexerunt,
988 3108 1126 3186 possunt
1148 3103 1247 3169 etiam
1271 3103 1395 3186 eligere
1419 3127 1495 3171 con-

169 3193 380 3277 gregationes
403 3193 583 3274 religiosae,
607 3192 640 3256 in
662 3191 777 3273 quibus
798 3196 877 3257 vota
895 3191 1063 3274 religionis
1078 3190 1309 3258 substantialia
1332 3194 1396 3259 etsi
1418 3193 1496 3258 sim-

169 3283 265 3366 plicia
288 3286 418 3349 tantum
442 3281 646 3348 emittuntur.
681 3279 773 3356 Quod
797 3279 837 3344 de
860 3279 990 3345 feminis
1014 3280 1113 3346 etiam
1137 3280 1258 3347 certius
1282 3280 1374 3348 valet
1397 3302 1494 3364 quarn

170 3371 319 3448 devina,
344 3393 414 3436 cum
440 3370 633 3448 ,moniales“
656 3369 846 3452 plerumque
870 3389 934 3433 non
957 3368 1065 3436 stricti
1084 3369 1215 3447 ordinis,
1240 3369 1297 3436 sed
1321 3370 1495 3455 religiosae

169 3460 434 3543 congregationis
456 3460 531 3533 sint,
565 3479 669 3541 neque
692 3458 758 3523 iam
780 3457 948 3535 moniales,
979 3458 1007 3523 si
1031 3458 1191 3536 dicuntur,
1215 3458 1365 3542 intellegi
1388 3460 1496 3528 solent

169 3551 259 3614 solae
283 3550 484 3615 claustratae
506 3548 616 3632 papali
640 3548 791 3613 clausura
815 3551 849 3613 et
872 3567 945 3612 cum
968 3547 1055 3613 votis
1077 3547 1297 3614 sollemnibus.

259 3638 353 3704 Unde
386 3638 484 3703 etiarn
517 3637 664 3718 sequitur
698 3658 785 3714 eum,
819 3635 874 3718 qui
906 3636 999 3702 vovit
1030 3636 1158 3720 ingredi
1189 3637 1397 3720 religionem,
1433 3637 1493 3703 nisi

168 3727 251 3795 satis
268 3731 397 3794 constet
420 3747 492 3792 eum
516 3726 549 3791 in
572 3731 682 3792 mente
705 3725 857 3790 habuisse
881 3725 1026 3790 ordinem
1050 3725 1238 3808 religiosum
1259 3747 1357 3792 sensu
1377 3726 1493 3793 stricto

169 3817 340 3893 canonico,
372 3838 435 3881 non
466 3814 604 3897 obligari
634 3817 728 3901 quasi
758 3837 795 3880 ea
825 3823 891 3879 voto
921 3824 1088 3882 reservato.
1135 3815 1182 3881 uf.
1208 3816 1490 3893 Vermeersch,

168 3907 217 3971 De
242 3909 396 3990 religiosis
419 3907 573 3970 irretit-utic
596 3912 624 3970 et
645 3907 790 3990 personis
812 3925 843 3968 n.
871 3906 944 3968 161.
972 3906 1044 3970 162.

258 4011 295 4076 R.
321 4014 351 4077 2.
398 4011 458 4086 Qui
481 4010 574 4075 vovit
596 4008 803 4090 religionem,
838 4029 902 4073 non
932 4009 986 4074 diu
1009 4013 1121 4093 potest
1143 4007 1328 4091 ingressum
1351 4010 1489 4077 differre.

168 4101 290 4166 Verum
314 4099 427 4166 dilatio
451 4120 610 4182 quaenam
633 4098 745 4181 mavis
769 4098 822 4175 sit,
847 4097 985 4162 multum
1008 4119 1028 4163 a
1051 4103 1161 4163 mente
1183 4099 1336 4165 voventis
1359 4099 1490 4183 eiusque

168 4196 279 4257 aetate
302 4190 432 4274 pendet.
467 4188 527 4264 Qui
551 4187 583 4252 in
607 4192 718 4253 aetate
741 4191 871 4253 matura
893 4186 946 4251 vel
970 4188 1177 4270 provectiore
1191 4193 1303 4266 vovet,
1327 4208 1387 4273 per
1411 4189 1490 4254 dile·

166 4280 289 4346 tionem
305 4280 393 4345 ultra
409 4298 468 4343 sex
484 4298 613 4342 menses
629 4279 705 4361 post
719 4297 797 4341 mox
813 4275 995 4356 quaesitam
1020 4281 1054 4343 et
1077 4277 1245 4343 obtentam
1262 4276 1489 4342 admissionem

167 4369 236 4434 sine
260 4390 360 4434 eausa
382 4368 575 4451 productam
591 4365 739 4448 graviter
762 4368 872 4448 potest
888 4386 1041 4447 peccare;
1066 4367 1201 4432 nonita
1224 4366 1335 4448 quiin
1358 4363 1488 4433 iuvenili

168 4463 278 4524 aetate
302 4461 361 4522 est.
414 4457 469 4522 To.
495 4480 534 4522 m.
559 4456 584 4534 I,
609 4457 683 4521 451.

105 4577 157 4631 294
255 4564 293 4629 lt.
319 4568 349 4630 3.
395 4564 529 4629 Vovens
559 4567 690 4629 tenetur
719 4560 913 4626 mediocrem
944 4560 1147 4642 diligentiam
1170 4562 1341 4640 adhibere,
1374 4569 1411 4630 ut
1433 4563 1488 4630 ad-

167 4653 331 4719 mittatur:
356 4673 458 4734 quare
481 4653 508 4718 si
532 4652 696 4735 repulsam
719 4651 844 4733 patitur
866 4650 901 4715 in
923 4672 987 4716 uno
1012 4652 1209 4718 monasterio
1226 4653 1279 4718 vel
1299 4674 1362 4718 uno
1379 4654 1487 4720 ordine
