3106 5168
171 283 236 346 362
309 278 350 332 De
368 277 516 332 virtutibus
535 283 563 332 et
581 277 678 333 officiis
697 296 762 347 erga
780 278 910 333 homines.
929 308 965 317 —
983 277 1036 333 Oli.
1055 278 1127 335 cuca
1144 280 1214 336 bona
1232 283 1356 338 externa.

170 476 269 537 quam
293 452 466 520 accusandi
489 451 638 537 privant,
662 452 883 518 confessarius
898 453 1011 519 videre
1034 454 1141 532 debet,
1165 477 1242 521 num
1259 456 1425 540 imperata
1440 457 1497 523 illa

170 544 222 609 sui
244 542 468 609 manifestatio
491 541 546 607 vel
569 540 767 607 matrimonii
791 541 929 608 abiectio
952 543 1167 627 probabiliter
1189 566 1379 611 successum
1404 546 1496 612 habi·

169 639 246 699 tura
269 633 323 699 sit.
354 631 507 713 Alioquin
531 630 558 695 si
582 651 624 696 ex
647 651 713 696 una
736 635 831 714 parte
854 631 963 714 puella
986 632 1019 697 in
1042 633 1206 700 bonafide
1221 639 1304 713 erat,
1329 655 1373 700 ex
1389 635 1496 702 altera

170 727 266 806 parte
289 721 330 787 de
353 741 505 786 successu
528 719 715 786 monitionis
738 720 796 784 vix
818 741 883 785 non
907 725 980 787 erat
1003 721 1259 805 desperandum:
1288 724 1360 789 sine
1383 744 1494 799 causa,

170 811 269 876 immo
292 810 390 876 valde
418 809 642 893 imprudenter
664 808 884 874 confessarius
914 830 953 875 ea
982 810 1153 894 imposuit,
1184 832 1269 895 quae
1299 812 1496 896 providebat

170 900 212 965 ad
236 900 361 966 exitum
384 899 578 981 productum
600 920 666 964 non
688 897 738 977 iri,
755 902 854 980 atoue
878 919 938 964 sua
961 898 1180 983 imprudentia
1195 901 1312 968 Afrani
1334 901 1368 966 in
1393 902 1496 968 sacri·

168 988 257 1072 legia
279 986 433 1056 detrudit.

109 1128 160 1181 718
258 1117 311 1184 An
335 1139 525 1195 coansrrun
550 1121 589 1183 3m
611 1118 651 1184 R.
679 1121 707 1184 1.
754 1117 981 1202 Quaecumque
1004 1119 1127 1187 fuerint
1150 1120 1368 1205 obligationes
1393 1124 1495 1191 Afrae

170 1213 248 1274 ante
271 1206 530 1286 matrimonium,
561 1211 636 1291 post
658 1207 900 1274 matrimonium
925 1213 1130 1276 contractum
1160 1232 1213 1276 res
1237 1211 1335 1295 plane
1365 1218 1494 1281 mutata

170 1303 231 1364 est.
278 1297 357 1362 Cum
390 1296 475 1362 enim
507 1296 748 1362 matrimonium
781 1296 882 1362 semel
913 1297 1022 1363 valide
1053 1304 1260 1382 contractum
1293 1322 1358 1366 non
1390 1303 1495 1386 possit

170 1386 264 1461 solvi,
288 1385 447 1469 imprimis
471 1384 578 1451 curari
601 1384 708 1464 debet,
733 1405 774 1450 ne
789 1407 856 1470 pax
878 1386 965 1452 inter
981 1387 1135 1470 coniuges
1151 1389 1372 1472 perturbetur.
1409 1391 1494 1468 Qua·

170 1479 306 1560 propter
328 1474 427 1552 Afra,
458 1474 575 1539 nedum
599 1474 762 1556 obligetur
784 1474 826 1539 ad
849 1475 1091 1542 manifestanda
1114 1477 1232 1543 marito
1259 1484 1400 1561 peccata
1423 1503 1493 1546 cum

170 1565 275 1631 altero
292 1564 363 1628 viro
386 1563 568 1640 commissa,
593 1584 633 1629 ea
655 1563 837 1646 generatim
860 1585 901 1629 ne
925 1564 1002 1630 licet
1018 1565 1148 1648 quidem
1170 1566 1395 1648 manifestare,
1421 1569 1494 1652 quia

169 1674 237 1737 pax
260 1652 441 1735 coniugalis
463 1652 497 1716 in
520 1673 623 1734 grave
646 1652 855 1718 induceretur
877 1653 1066 1737 periculum.

259 1768 297 1833 R.
325 1769 354 1834 2.
400 1767 481 1833 Post
503 1766 618 1832 initum
642 1766 900 1845 matrimonium,
931 1789 1005 1832 oum
1028 1790 1093 1834 non
1117 1773 1246 1836 constet
1267 1770 1302 1835 in
1325 1771 1494 1837 matrimo-

170 1857 259 1922 nium
293 1856 420 1922 illatam
455 1876 527 1921 esse
560 1857 683 1938 prolem
716 1855 950 1934 adulterinam,
984 1857 1065 1922 haec
1098 1857 1210 1939 nequit
1242 1864 1279 1925 ut
1308 1859 1493 1926 adulterina

170 1946 308 2012 tractari
337 1966 442 2028 nequa
474 1944 604 2010 excludi
634 1965 655 2009 a
684 1943 753 2010 iure
786 1944 977 2012 hereditatis
1007 1951 1175 2029 paternae.
1222 1947 1330 2024 Quare
1360 1956 1495 2033 propter

171 2034 240 2100 eius
264 2034 394 2100 dubiam
416 2033 659 2116 legitimitatem
683 2054 746 2097 non
770 2033 804 2098 in
833 2034 904 2099 sola
926 2032 1079 2113 Austria,
1112 2036 1171 2100 sed
1202 2036 1235 2101 in
1269 2036 1343 2102 aliis
1366 2060 1494 2122 quoque

169 2124 356 2278 legionibus
380 2123 537 2206 obligatio
561 2122 735 2206 reparandi
758 2122 884 2201 damni,
913 2124 1005 2204 quasi
1029 2124 1148 2190 marito
1171 2123 1272 2204 illati,
1296 2126 1433 2193 videtur
1454 2129 1493 2194 ab

232 2235 253 2278 a
276 2233 297 2279 a
319 2234 401 2278 esse.

259 2310 348 2394 Ergo
364 2310 456 2387 Afra,
480 2309 508 2373 si
531 2309 627 2374 modo
644 2308 683 2374 de
707 2308 850 2392 peccatis
872 2306 1051 2374 commissis
1066 2331 1152 2376 nunc
1167 2309 1330 2376 sincerum
1351 2314 1495 2380 ostendit

170 2399 325 2478 dolorem,
350 2421 370 2464 a
394 2397 593 2463 confessario
616 2396 816 2463 absolvenda
839 2401 900 2464 est.

110 2540 161 2593 719
259 2531 312 2594 An
336 2550 527 2604 ooaasrrun
550 2533 589 2594 4¹²
612 2530 651 2596 R.
680 2533 708 2595 1.
754 2529 792 2594 In
815 2529 875 2595 tali
898 2550 994 2607 casu,
1026 2551 1098 2595 cum
1122 2530 1285 2597 adulteria
1315 2531 1385 2600 sint
1408 2555 1493 2599 com-

170 2618 281 2696 missa,
305 2617 425 2683 iniuria
448 2618 542 2684 illata
565 2623 616 2684 est
632 2617 734 2682 Afrae
757 2619 893 2694 marito;
918 2624 1018 2700 atque
1041 2619 1125 2684 hanc
1147 2619 1298 2685 iniuriam
1323 2642 1389 2687 non
1414 2623 1493 2688 Afra

170 2708 276 2772 solum
299 2707 356 2770 sed
382 2707 481 2773 etiam
498 2708 591 2772 Titus
614 2712 649 2774 et
665 2707 770 2772 Titius
794 2707 824 2773 ei
847 2707 1027 2773 intulerunt
1050 2713 1085 2774 et
1107 2709 1234 2774 damnis
1257 2708 1345 2775 forte
1361 2711 1492 2776 orituris

172 2795 364 2880 reparandis
394 2818 429 2860 se
453 2796 609 2861 obnoxios
641 2797 799 2862 fecerunt.
846 2796 1003 2862 Attamen
1033 2796 1067 2861 in
1099 2802 1211 2863 nostro
1235 2820 1331 2876 casu,
1365 2801 1492 2882 quando

171 2886 282 2968 agitur
306 2885 346 2950 de
369 2885 486 2950 damno
509 2889 645 2969 propter
671 2885 795 2968 prolem
826 2885 1043 2951 adulterinam
1067 2886 1212 2951 familiae
1241 2887 1369 2953 illatam
1402 2911 1493 2973 repa·

170 2975 290 3053 raudo,
324 2995 376 3039 res
410 2974 603 3040 difficultate
633 2995 698 3039 non
729 2977 828 3039 caret.
875 2975 1038 3039 Damnum
1062 2975 1180 3040 marito
1210 2975 1339 3041 illatum
1363 2984 1493 3060 praeter

171 3085 334 3148 expensas
364 3068 478 3146 partus
507 3067 584 3129 sunt
607 3084 772 3145 expensae
802 3063 1019 3139 educationis;
1054 3063 1205 3128 damnum
1238 3066 1392 3147 genuinis
1421 3067 1492 3132 filiis

170 3154 299 3219 illatum
329 3152 381 3217 vel
413 3157 502 3217 certo
533 3152 723 3236 impendens
753 3156 804 3216 est
833 3152 1027 3218 hereditatis
1057 3153 1227 3219 diminutio
1258 3175 1300 3219 ex
1331 3156 1492 3223 consortio

169 3242 361 3326 illegitimae
385 3241 486 3325 prolis
509 3246 672 3308 secutura.
719 3240 925 3324 Quapropter

260 3358 298 3422 R.
324 3359 354 3421 2.
401 3356 434 3419 Si
458 3365 540 3420 certo
567 3354 751 3421 constiterit
775 3355 898 3437 prolem
922 3376 986 3420 non
1003 3376 1098 3438 posse
1122 3377 1194 3421 esse
1218 3378 1261 3421 ex
1276 3359 1492 3435 matrimonio,

171 3453 277 3513 mater
301 3466 343 3509 ex
366 3466 426 3509 sua
449 3449 543 3528 parte
568 3450 657 3509 certo
673 3449 805 3508 tenetur
828 3465 886 3527 pro
910 3465 1006 3527 posse
1030 3445 1148 3510 damna
1164 3467 1320 3529 reparare
1344 3469 1388 3513 ex
1405 3450 1493 3514 bonis

171 3535 321 3618 propriis,
346 3534 374 3597 ai
390 3534 498 3611 habet,
523 3534 575 3597 vel
593 3534 657 3598 alio
681 3554 744 3615 quo
768 3533 873 3615 possit
895 3534 1007 3606 modo,
1032 3534 1145 3615 quodsi
1162 3534 1294 3619 insuper
1310 3538 1493 3604 constiterit

171 3630 270 3699 certo,
295 3627 369 3687 uter
393 3643 435 3686 ex
458 3622 615 3687 adulteris
639 3622 683 3686 sit
705 3627 809 3704 pater,
833 3622 889 3686 ille
913 3643 985 3687 cum
1009 3628 1115 3688 matre
1139 3624 1171 3688 in
1195 3624 1335 3690 solidum
1359 3626 1401 3692 de
1423 3626 1492 3694 istis

172 3712 298 3776 damnis
322 3715 454 3777 tenetur
477 3709 649 3794 (imprimis
672 3711 778 3793 quoad
801 3715 916 3793 partus
940 3716 975 3777 et
998 3711 1199 3777 educationis
1223 3735 1398 3797 expensas,
1423 3716 1492 3781 dein

172 3801 270 3865 etiam
295 3800 399 3881 quoad
428 3800 674 3882 hereditatem),
706 3799 768 3864 nisi
790 3800 892 3877 forte,
924 3801 1009 3882 quod
1039 3822 1115 3866 raro
1145 3806 1276 3867 tantum
1306 3802 1414 3869 locum
1439 3806 1493 3870 ha·

171 3889 276 3966 bebit,
308 3892 414 3953 mater
437 3889 536 3971 prolis
568 3889 771 3954 adulterinae
801 3889 1056 3971 suppositionem
1081 3889 1153 3973 (per
1176 3895 1306 3974 partum
1332 3895 1492 3960 occultum

171 3980 204 4043 in
229 3978 495 4061 brephotrophio)
519 3978 614 4042 facile
639 3978 764 4043 evitare
788 3978 931 4060 potuerit
955 4000 1059 4059 neque
1083 3979 1208 4045 fecerit.

111 4097 163 4152 720
261 4093 299 4157 R.
323 4095 353 4156 3.
400 4093 471 4157 Nisi
503 4098 612 4158 tamen
645 4095 799 4175 probetur
829 4095 1051 4177 inpossibilem
1081 4115 1153 4158 esse
1184 4098 1290 4159 ortum
1322 4097 1426 4179 prolis
1455 4118 1492 4162 ex

172 4184 242 4265 ipso
266 4181 484 4258 matrimonio,
510 4182 639 4245 omnino
663 4182 813 4247 standum
840 4189 890 4248 est
920 4203 978 4265 pro
1009 4184 1109 4265 prolis
1133 4183 1359 4264 legitimitate,
1392 4207 1492 4269 neque

172 4293 213 4335 ex
243 4293 280 4336 co
312 4271 397 4352 quod
421 4271 649 4353 probabiliter,
680 4271 778 4335 immo
802 4272 899 4336 valde
930 4271 1143 4354 probabiliter
1166 4276 1239 4337 orta
1269 4274 1314 4339 sit
1338 4296 1381 4339 ex
1406 4276 1492 4341 adul·

172 4361 265 4438 tario,
290 4361 360 4425 sive
385 4359 543 4426 adulteris
560 4359 640 4422 viris
655 4360 724 4424 sive
747 4360 844 4425 matri
869 4361 1065 4443 imponenda
1090 4367 1140 4427 est
1163 4362 1322 4444 obligatio
1339 4385 1491 4448 reparan-

173 4451 285 4513 dorum
310 4450 511 4526 damnorum,
536 4449 632 4529 idque
656 4471 696 4514 ne
719 4470 777 4532 pro
802 4453 876 4514 rata
900 4450 987 4514 dubii
1011 4450 1150 4531 quidem,
1175 4472 1247 4514 cum
1272 4454 1490 4538 praesumptio

173 4539 251 4602 iuris
275 4538 318 4603 sit
342 4539 481 4615 omnino,
507 4539 538 4602 id
563 4538 648 4618 quod
673 4540 828 4602 nascatur
845 4541 878 4602 ic
896 4538 1112 4616 matrimonio,
1137 4544 1251 4604 natum
1269 4563 1342 4607 esse
1366 4567 1405 4609 ea
1428 4564 1490 4609 ma·

172 4627 334 4703 trimonio,
360 4627 421 4691 nisi
446 4627 645 4693 contrarium
670 4628 825 4709 probetur
849 4631 948 4693 certe.
