3106 5168
482 302 627 358 Cessurae.
646 331 681 342 —
700 303 865 358 scansoria
884 305 1021 358 absolutio.
1350 308 1416 373 513

94 479 295 546 necessitate
317 500 375 545 seu
399 480 579 546 exsistente
603 479 746 564 periculo
773 480 918 545 scandali
943 481 995 545 vel
1020 479 1132 563 gravis
1155 480 1319 559 infamiae,
1344 482 1416 564 qui·

94 568 176 633 libet
199 568 418 634 confessarius
450 570 620 635 absolvere
652 574 778 654 potest,
811 569 961 653 imposito
995 590 1109 646 onere,
1142 569 1228 635 infra
1259 591 1414 649 mensem,

94 657 213 722 saltem
237 679 298 740 per
320 657 460 723 medium
484 658 685 736 confessarii,
710 658 846 723 Romam
869 679 929 741 per
951 659 1080 724 litteras
1104 658 1291 724 recurrendi
1316 663 1415 741 atque

95 746 128 811 S.
154 746 431 812 Paenitentiariae
455 748 611 812 mandata
640 747 852 830 suscipiendi,
885 747 983 829 idque
1006 748 1066 813 sub
1089 768 1194 831 poena
1217 748 1415 813 reincidendi

93 835 129 899 in
153 836 285 900 easdem
308 857 472 902 censuras.
520 837 572 902 lta
594 837 680 903 decr.
706 836 738 903 S.
763 835 885 902 Offio.
910 837 939 903 d.
966 836 1116 901 301nnii
1142 839 1237 901 1886.

186 941 223 1007 R.
249 944 279 1006 3.
327 940 418 1018 Quod
440 941 525 1006 idem
549 941 658 1006 facere
682 941 774 1018 licet,
808 942 870 1007 etsi
893 962 956 1006 non
989 941 1090 1008 instet
1120 941 1297 1025 periculum
1320 963 1416 1008 scan-

95 1030 163 1095 dali
186 1030 233 1094 sel
258 1029 422 1109 infamiae,
446 1030 626 1113 paenitenti
651 1034 761 1095 tamen
778 1030 875 1094 valde
892 1030 1006 1095 durum
1023 1035 1083 1106 est,
1108 1035 1177 1096 tam
1201 1030 1255 1094 diu
1271 1030 1303 1094 in
1320 1031 1414 1112 gravi

95 1123 233 1202 peccato
258 1140 436 1196 remanere,
461 1120 536 1184 dum
560 1140 711 1184 recursus
734 1120 885 1185 effectum
909 1119 1038 1187 habeat.
1072 1121 1124 1185 Ita
1139 1119 1171 1186 S.
1197 1119 1319 1186 Offic.
1336 1119 1366 1185 d.
1384 1121 1415 1187 d.

98 1207 246 1272 181unii
272 1211 366 1286 1897,
392 1208 423 1275 S.
448 1208 607 1274 Pontifice
630 1208 842 1291 approbante.

186 1315 224 1384 R.
249 1318 279 1381 4.
325 1315 427 1380 Immo
451 1315 480 1380 si
502 1314 672 1398 paenitens
695 1335 800 1396 neque
824 1335 940 1398 perse
970 1334 1075 1396 neque
1098 1335 1158 1398 per
1181 1314 1414 1379 confessarium

94 1403 217 1470 litteris
239 1404 377 1469 Romam
407 1406 510 1488 possit
540 1404 659 1469 habere
683 1425 867 1476 recursum,
899 1408 998 1484 atque
1022 1403 1137 1468 durum
1161 1409 1212 1469 est
1234 1403 1416 1486 paenitenti

96 1493 196 1557 alium
221 1492 453 1558 confessarium
477 1493 583 1576 adire,
617 1493 769 1558 absolutio
795 1493 872 1556 duri
892 1500 989 1578 polest
1011 1496 1080 1557 sisse
1102 1515 1194 1559 onere
1218 1494 1415 1558 recurrurdi.

96 1580 148 1647 Ita
181 1582 295 1646 eodem
326 1582 422 1647 modo
456 1583 486 1648 S.
512 1581 634 1650 Offic.
660 1582 690 1647 d.
716 1583 745 1646 d.
771 1583 789 1645 9
815 1578 900 1645 Nou.
929 1583 1029 1656 1898,
1065 1601 1085 1645 a
1116 1581 1253 1646 Leone
1283 1581 1361 1646 XIII
1385 1582 1415 1647 d.

98 1672 138 1734 12
157 1670 241 1735 Nov,
267 1672 399 1754 approb.
441 1671 542 1747 Quem
566 1670 683 1752 agendi
706 1671 836 1735 modum
861 1671 1006 1734 adhiberi
1030 1692 1093 1735 aon
1110 1693 1211 1754 posse,
1237 1674 1273 1737 ut
1296 1670 1343 1735 sic
1359 1671 1416 1736 ab·

95 1759 246 1824 solvatur
269 1760 435 1836 sacerdos,
467 1759 521 1841 qui
544 1759 717 1825 incurrerit
740 1757 1107 1823 excommunicationem
1130 1763 1265 1842 propter
1288 1760 1417 1825 absolu·

96 1848 222 1913 tionem
246 1849 427 1932 complicis,
459 1849 624 1913 decretum
650 1854 717 1926 est,
748 1848 951 1931 approbante
974 1846 1110 1911 Leone
1133 1848 1212 1912 XIII
1235 1849 1265 1913 d.
1292 1851 1310 1913 7
1334 1848 1417 1913 Iunii

99 1939 197 2003 1899.
244 1936 291 2002 cf.
316 1938 528 2003 Analecta
552 1937 699 2002 eccles.
724 1937 788 2002 vol.
813 1936 885 2013 VII,
909 1958 940 2019 p.
966 1939 985 1999 6
1010 1941 1044 2002 st
1067 1957 1097 2019 p.
1123 1939 1198 2002 339.

187 2061 239 2124 Ao
263 2081 454 2136 aunusrruu
478 2064 517 2125 3¹³
547 2061 584 2126 R.
614 2063 641 2126 l.
688 2061 888 2144 Supponitur
921 2059 953 2124 in
979 2080 1056 2125 casu
1080 2059 1302 2142 paenitentes,
1334 2069 1480 2142 qnos1001

93 2147 330 2213 'trasimundus
347 2153 462 2215 nactus
479 2154 539 2227 est,
556 2149 687 2214 novisse
703 2171 841 2233 poenam
858 2147 1201 2215 excommunicationis
1218 2148 1414 2225 criminibus,

95 2257 180 2318 quae
205 2238 451 2316 commiserunt,
482 2238 684 2321 impositam:
716 2239 858 2320 alioquin
886 2242 1020 2322 propter
1051 2236 1271 2318 ignorantiam
1301 2238 1342 2302 ab
1365 2237 1415 2301 in·

95 2326 257 2390 currenda
281 2348 418 2392 censura
448 2327 597 2393 excusati
628 2333 754 2404 essent,
785 2348 889 2410 neque
920 2327 952 2391 in
976 2327 1047 2392 foro
1071 2325 1290 2391 conscientiae
1315 2327 1415 2391 ullum

95 2434 179 2480 onus
205 2415 340 2481 Romam
364 2416 552 2482 recurrendi
576 2417 716 2482 adesset.
755 2415 867 2492 Quoad
891 2416 1026 2481 iuvenes
1048 2415 1132 2493 illos,
1157 2436 1239 2497 quos
1262 2415 1415 2480 videntur

94 2509 252 2586 parentes
275 2526 382 2570 secum
408 2507 557 2582 duxisse,
589 2509 625 2570 ut
649 2526 720 2569 cum
750 2506 830 2588 ipsis
853 2509 1030 2588 praecepta
1053 2525 1180 2569 annuae
1204 2504 1416 2569 confessionis

95 2597 131 2659 et
155 2593 318 2676 paschalis
341 2595 580 2660 Communionis
603 2594 792 2677 implerent,
823 2615 902 2660 sane
926 2595 1038 2676 gravis
1061 2594 1159 2659 rubor
1183 2598 1235 2659 est
1257 2593 1356 2659 fateri
1379 2614 1415 2658 ss

95 2701 161 2746 non
185 2702 258 2748 esse
281 2684 458 2759 absolutos,
483 2703 587 2765 neque
612 2683 842 2749 diffamationis
866 2683 977 2765 gravis
1000 2683 1180 2767 periculum
1204 2682 1335 2749 videtur
1358 2683 1415 2748 ab·

95 2791 184 2835 esse:
217 2777 415 2855 quapropter
447 2794 488 2836 ex
518 2772 579 2838 hac
610 2793 710 2837 causa
740 2773 772 2836 vi
803 2773 926 2838 decreti
951 2775 1002 2838 30.
1028 2772 1111 2836 Iunii
1138 2773 1222 2836 1886
1254 2772 1416 2838 absolutio

96 2859 170 2924 dari
192 2864 303 2944 potest
326 2882 399 2925 eum
424 2882 521 2926 onere
545 2861 730 2926 recurrendi
754 2862 796 2926 ad
820 2862 851 2928 S.
878 2860 1178 2927 Paenitentiariam.
1434 2865 1435 2869 ’

186 2966 225 3032 R.
252 2969 281 3032 2.
328 2966 440 3043 Quoad
464 2966 621 3049 reliquae,
656 2966 710 3049 qui
743 2967 839 3050 plane
870 2966 919 3031 sui
942 2965 1022 3030 iuris
1045 2971 1122 3031 sunt
1145 2987 1250 3047 neque
1275 2967 1316 3031 ab
1340 2966 1414 3030 aliis

94 3054 144 3119 ita
168 3056 394 3132 observantur,
420 3078 472 3120 res
488 3057 682 3121 difficultate
706 3077 771 3120 non
795 3060 896 3121 caret.
929 3055 1019 3131 Quod
1043 3058 1178 3137 propter
1202 3054 1338 3120 dilatam
1355 3054 1413 3119 ab·

94 3143 290 3209 solutionem
327 3146 455 3227 penitus
485 3146 696 3210 retrahantur
719 3166 739 3210 a
762 3144 994 3222 sacramentis,
1028 3145 1109 3209 haec
1132 3143 1218 3209 ratio
1252 3146 1413 3229 pustulis

94 3253 201 3315 neque
224 3235 257 3297 in
282 3234 413 3300 decreto
437 3234 512 3299 anni
540 3237 623 3298 1886
649 3255 752 3316 neque
777 3234 809 3298 in
834 3234 965 3299 decreto
989 3232 1064 3297 anni
1086 3234 1167 3297 1897
1186 3233 1332 3308 affertur,
1357 3254 1414 3296 cur

93 3321 194 3387 liceat
218 3323 330 3388 statim
354 3323 533 3389 absolvere.
581 3323 667 3387 Nam
691 3344 795 3405 neque
819 3323 996 3405 periculum
1021 3321 1175 3386 infamiae
1199 3342 1303 3402 neque
1327 3319 1413 3404 peri·

94 3411 204 3476 culum
227 3412 370 3476 scandali
394 3411 542 3486 infertur,
567 3413 684 3478 saltem
709 3433 772 3476 non
788 3411 934 3476 scandali
958 3411 1103 3487 aliorum,
1128 3409 1214 3491 quod
1229 3410 1333 3474 solum
1358 3409 1413 3473 de·

94 3503 222 3565 cretum
245 3501 324 3565 illud
348 3501 478 3566 videtur
500 3501 707 3583 intellegere,
731 3501 920 3566 scandalum
944 3499 1032 3582 ipsos
1056 3498 1185 3581 quidem
1208 3499 1414 3582 paenitentes

93 3609 225 3654 sumere
248 3610 290 3653 ex
315 3590 416 3655 dilata
439 3590 652 3667 absolutione,
677 3611 740 3654 non
765 3587 963 3671 negaverim,
987 3593 1024 3654 at
1039 3592 1171 3653 sumunt
1187 3588 1283 3670 plane
1299 3588 1414 3652 volun·

93 3677 180 3743 tario
216 3679 405 3743 scandalum
445 3700 502 3743 seu
533 3700 647 3745 ansam
677 3677 815 3762 amplius
850 3677 1022 3761 peccandi,
1063 3677 1159 3758 idque
1195 3677 1413 3760 pharisaicum

93 3766 292 3836 scandalum.
339 3768 454 3850 Neque
484 3767 667 3832 formaliter
695 3767 752 3832 illa
782 3789 880 3832 causa
904 3767 1037 3831 subesse
1060 3765 1206 3841 videtur,
1238 3787 1333 3848 quam
1358 3766 1414 3830 de·

93 3859 221 3921 cretum
245 3856 321 3921 anni
348 3859 429 3922 1897
455 3878 513 3939 pro
537 3856 710 3922 sufficienti
734 3856 888 3930 admittit,
913 3855 998 3936 quod
1019 3855 1114 3919 valde
1131 3856 1246 3919 durum
1270 3856 1313 3920 sit
1336 3875 1414 3938 pae-

93 3944 213 4010 nitenti
236 3945 357 4011 diutius
380 3966 513 4010 manere
537 3946 569 4010 in
592 3945 686 4026 gravi
710 3950 861 4029 peccat0;
892 3944 923 4008 id
955 3943 1041 4009 enim
1064 3945 1220 4009 eiusmodi
1244 3944 1412 4027 paeniten-

92 4033 198 4111 tibus,
238 4034 294 4116 qui
331 4056 389 4118 per
428 4056 547 4100 annum
585 4034 618 4098 in
651 4034 794 4118 peccatis
832 4034 1025 4111 tabuerunt,
1065 4055 1129 4099 non
1161 4033 1290 4098 videtur
1317 4031 1413 4096 valde

93 4124 209 4189 durum
235 4144 317 4189 esse.

184 4211 307 4277 Verum
336 4213 469 4278 hortatu
500 4211 687 4276 confessarii
718 4233 755 4276 00
786 4211 919 4294 perduci
948 4214 1099 4293 possunt,
1133 4213 1170 4274 ut
1193 4230 1294 4287 nunc,
1328 4207 1480 4277 00110166.Ι

92 4305 302 4385 peccaterum
325 4301 546 4384 paenitentes,
578 4301 610 4365 id
634 4321 692 4384 pro
723 4322 757 4364 re
782 4301 862 4365 dura
893 4301 1051 4376 habeant,
1083 4298 1168 4380 quod
1198 4297 1412 4380 nonpossint

92 4391 207 4457 statim
232 4411 304 4455 cum
328 4392 396 4454 Deo
421 4390 630 4454 reconciliari.
677 4388 796 4465 Quodsi
821 4389 861 4454 ad
886 4390 918 4452 id
941 4411 977 4453 re
1001 4409 1080 4452 vera
1103 4388 1324 4461 adducuntur,
1356 4386 1412 4450 de-

93 4484 221 4546 cretum
244 4478 320 4544 anni
347 4481 429 4543 1897
455 4479 565 4543 licebit
588 4479 761 4560 applicare.
788 4513 828 4522 -
854 4478 954 4542 lmmo
977 4481 1150 4563 pancratius
1174 4475 1283 4541 timori
1315 4475 1361 4538 illi
1393 4495 1413 4539 a

92 4569 295 4634 confessario
319 4568 496 4651 prudenter
519 4572 685 4649 concepto,
711 4587 751 4630 ne
774 4587 833 4648 per
857 4567 1051 4647 denegatam
1076 4588 1133 4631 seu
1157 4564 1293 4630 dilatam
1317 4565 1413 4628 abso·

91 4657 251 4725 lationem
274 4658 307 4722 in
331 4658 421 4741 peius
445 4660 521 4722 ruat
544 4656 722 4738 paenitens,
747 4655 878 4721 videtur
900 4656 1032 4720 subesse
1054 4656 1132 4721 talis
1148 4675 1257 4732 causa,
1283 4674 1325 4719 ex
1348 4675 1413 4736 qua

144 4768 574 4816 Lehmkuhlfflasusconsdentiao.
600 4768 618 4809 L
1166 4759 1200 4812 33
