3106 5168
353 292 424 346 Iuris
442 291 509 348 laesi
526 293 661 363 reparatio
679 321 715 330 —
732 311 765 346 ec
783 294 891 346 tributis
909 310 961 346 non
980 296 1081 348 solatis.
1241 329 1250 349 ι,
1312 297 1377 363 353

57 466 163 534 velint
187 467 272 533 idem
296 471 444 534 statuere
468 468 507 533 de
530 468 663 535 tributis
686 468 828 534 directis.
862 469 984 534 Verum
1007 490 1072 534 non
1087 470 1182 535 video
1206 470 1376 551 rationem,

57 579 143 640 quae
166 557 228 622 hoc
251 556 442 634 convincat,
476 578 547 623 cum
579 558 612 622 iu
636 578 756 640 genere
780 557 960 624 certissime
983 561 1113 625 constet
1142 559 1289 626 subditos
1312 583 1378 627 non

57 667 156 730 posse
179 645 410 727 obligationem
435 647 582 712 solvendi
605 647 730 713 tributa
753 647 786 711 in
810 651 900 713 certa
924 648 1063 729 quadam
1083 669 1235 713 mensura
1259 671 1277 713 e
1301 671 1377 715 con·

57 734 199 801 scientia
231 755 290 800 sua
314 737 478 801 excutere.
525 736 561 800 Id
586 735 715 801 facilius
748 736 818 800 dari
848 740 975 820 potest,
1009 736 1115 819 legem
1147 757 1210 818 qua
1234 737 1306 818 quis
1328 739 1379 803 iu·

56 826 177 891 beatur
205 823 275 907 ipse
305 824 345 889 ad
379 824 533 889 amussim
564 823 713 908 proprios
744 846 821 890 suos
853 824 977 890 reditus
1009 825 1193 904 declarare,
1227 847 1291 908 quo
1323 828 1378 892 de·

57 913 229 978 terminari
261 912 388 996 possint
417 914 557 989 tributa,
590 934 662 978 esse
692 913 799 995 legem
830 935 872 979 ex
901 935 937 979 se
966 934 1056 980 mere
1085 914 1272 998 poenalem,
1305 936 1379 981 curn

58 1007 93 1067 et
124 1002 182 1066 illa
213 1002 268 1067 lex
297 1022 364 1067 rem
395 1006 524 1069 statuat
553 1001 735 1067 bominibus
765 1002 861 1068 valde
892 1002 1055 1069 difficilem
1086 1008 1119 1070 et
1149 1002 1311 1081 odiosam,
1345 1010 1379 1072 et

57 1090 258 1156 sinceritatis
282 1090 444 1169 defectus,
469 1090 597 1173 quando
622 1090 900 1174 deprehendatur,
927 1091 1123 1175 gravissima
1145 1091 1268 1159 mulcta
1292 1114 1380 1158 eom·

57 1185 224 1264 pensetur.

149 1305 202 1369 Ao
225 1323 415 1378 onnssmcu
440 1305 478 1366 2¹²
501 1302 539 1367 R.
567 1307 594 1369 1.
635 1303 732 1369 Ratio
748 1304 936 1385 Iugurthae,
961 1305 1046 1385 quod
1069 1326 1134 1370 non
1157 1326 1231 1371 raro
1255 1304 1440 1375 tributa698

58 1392 290 1476 impendantur
311 1392 344 1457 in
368 1412 421 1456 res
443 1391 574 1457 inutiles
598 1397 632 1458 et
655 1392 804 1470 nocivas,
838 1413 916 1458 sane
946 1413 1010 1457 non
1040 1398 1151 1477 potest
1180 1393 1298 1477 ubique
1327 1414 1380 1459 re·

58 1482 193 1566 probari
223 1480 363 1565 penitus.
410 1480 519 1546 Facile
551 1481 652 1563 igitur
682 1482 790 1565 potuit
821 1481 903 1547 satis
934 1503 1086 1569 magnam
1117 1483 1380 1568 probabilitatem

59 1570 230 1654 concipere
254 1570 294 1635 de
309 1572 416 1655 portis
431 1569 625 1636 tributorum
643 1570 812 1638 iniustitia.
844 1570 1049 1653 Quapropter
1071 1571 1098 1636 si
1113 1573 1147 1637 in
1163 1571 1380 1656 deprimendis

58 1660 128 1724 suis
163 1658 320 1725 reditibus
354 1658 470 1723 annuis
504 1659 592 1724 intra
626 1659 790 1724 modestos
821 1658 942 1724 limites
974 1681 1010 1725 se
1040 1661 1270 1740 continuisset,
1305 1663 1381 1744 post

58 1749 185 1813 factum
210 1746 348 1830 obligari
371 1768 435 1811 nou
458 1752 570 1830 posset
594 1748 635 1812 ad
659 1747 779 1829 aliquid
796 1747 1043 1814 restituendum.
1075 1750 1166 1827 Quod
1190 1754 1299 1816 autem
1322 1748 1380 1813 vix

59 1837 201 1902 mediam
224 1842 352 1920 partem
376 1836 538 1901 redituum
562 1857 693 1901 suorum
717 1836 855 1914 indicat,
889 1837 1020 1902 videtur
1050 1838 1150 1904 nimia
1179 1838 1281 1903 fuisse
1311 1837 1381 1902 veri

58 1925 257 2009 suppressio.
304 1924 521 1990 Nihilominus
544 1925 572 1990 si
596 1925 656 1990 sibi
680 1925 876 2009 persuadeat
899 1947 935 1990 se
958 1925 1028 1990 sive
1057 1926 1188 1993 tributis
1212 1927 1282 1992 sive
1307 1926 1381 1992 aliis

60 2014 290 2079 donationibus
313 2018 347 2079 et
370 2014 585 2097 eleemosynis
609 2015 650 2079 ad
673 2037 850 2079 communes
865 2014 1079 2081 necessitates
1102 2022 1136 2081 et
1157 2019 1237 2100 fines
1252 2018 1381 2081 sociales

59 2102 307 2187 proportionata
330 2103 411 2167 satis
435 2103 583 2169 conferre
606 2107 705 2185 atque
728 2102 892 2168 defectum
916 2105 1119 2169 commissum
1144 2124 1180 2169 se
1202 2104 1263 2170 tali
1285 2104 1381 2169 modo

59 2193 144 2258 satis
167 2191 375 2257 consuevisse
398 2192 565 2275 supplere,
597 2192 707 2274 urgeri
729 2191 842 2275 nequit
873 2192 906 2256 in
930 2192 1127 2258 conscientia
1154 2193 1196 2258 ad
1218 2195 1292 2276 plus
1315 2192 1381 2257 sol·
1425 2233 1427 2242 ·

59 2282 213 2347 vendum.
259 2281 311 2347 Ita
334 2280 475 2346 maxime
498 2281 665 2357 iudicabis,
688 2280 726 2357 si,
751 2281 850 2348 etiam
874 2282 952 2346 dato
976 2281 1060 2363 quod
1084 2281 1242 2363 Iugurtha
1264 2302 1382 2365 pecca·

58 2370 163 2447 verit,
195 2375 288 2436 tenes
320 2370 445 2435 tributa
476 2390 540 2434 non
574 2391 616 2434 ex
648 2369 773 2436 iustitia
797 2370 1031 2436 commutativa
1062 2370 1119 2435 sed
1143 2391 1185 2435 ex
1208 2370 1306 2452 legali
1330 2370 1381 2434 iu·

59 2459 154 2526 stitia
178 2479 250 2523 esse
272 2459 439 2523 solvenda.

151 2564 190 2632 R
208 2568 238 2630 2
285 2564 375 2641 Quod
397 2563 473 2628 filiis
496 2564 564 2628 suis
586 2569 714 2648 partem
731 2565 886 2629 bonorum
910 2585 1040 2629 suorum
1064 2564 1221 2630 donett
1185 2568 1221 2630 a
1223 2585 1284 2646 que
1306 2567 1382 2629 tan-

60 2659 133 2721 tum
156 2658 313 2736 quantum
337 2653 551 2730 sufficiat‚ut
514 2657 681 2718 uteorum
703 2653 787 2718 redit
772 2657 826 2718 tus
841 2658 998 2719 maneant
1022 2653 1213 2720 atributis
1205 2674 1380 2719 immunes:

59 2745 95 2809 in
120 2744 180 2808 hoc
204 2742 338 2808 utitur
329 2763 398 2807 rure
422 2764 559 2808 suo.-
515 2741 702 2842 -Quodsi
726 2743 842 2823 aliquis
866 2742 974 2807 defeat
960 2747 1013 2807 tus
1037 2743 1153 2824 legalis
1172 2743 1316 2807 formalit
1302 2742 1382 2808 tatis

58 2832 249 2910 occurrerit,
273 2832 328 2897 ille
352 2836 464 2897 censet
466 2853 505 2896 ur
527 2831 622 2895 nimis
645 2851 704 2915 per
728 2831 877 2896 accidens
893 2852 975 2907 esse,
1000 2852 1097 2932 quam
1120 2837 1158 2897 ut
1174 2831 1382 2896 donationem

58 2923 94 2986 in
120 2921 269 2986 conscien
271 2921 318 2987 tia
271 2920 443 2987 tfaciat
429 2920 595 2996 tirritam,
620 2919 767 3001 bonaque
790 2920 847 2984 illa
864 2920 1058 3000 relinquat
1049 2942 1082 2984 m
1099 2920 1299 2985 conscientia
1321 2918 1382 2986 tri·

57 3011 149 3076 butis
172 3009 325 3087 obnoxia,
357 3010 384 3074 si
410 3009 504 3073 modo
527 3013 622 3091 pater
651 3009 768 3074 seriam
793 3009 968 3091 perfecerit
992 3009 1209 3074 donatiouem.
1256 3007 1382 3073 Nihilo·

58 3099 168 3163 minus
188 3098 216 3162 si
231 3099 389 3180 Iugurtha
412 3099 445 3162 in
467 3098 528 3164 hac
552 3119 588 3162 re
604 3097 864 3181 deprehenditur,
882 3097 1012 3162 debebit
1028 3097 1155 3162 solvere
1171 3097 1265 3163 iuxta
1280 3097 1381 3176 leges,

58 3187 124 3252 etsi
148 3187 210 3252 bae
233 3208 369 3268 gravem
393 3187 478 3253 forte
501 3207 639 3271 poenam
664 3187 886 3270 imposuerint.

150 3300 189 3366 R.
215 3302 245 3365 3.
291 3301 329 3365 In
362 3300 592 3366 defraudandis
624 3300 839 3382 vectigalibus
873 3320 915 3364 ex
946 3298 1105 3382 probabili
1138 3300 1245 3380 legum
1280 3297 1444 3371 inter-699

58 3389 248 3474 pretatione
271 3410 335 3454 nou
358 3394 489 3473 peccat,
521 3389 641 3454 sisino
665 3389 832 3454 mendacio
856 3388 935 3453 solis
958 3389 1084 3454 artibus
1107 3409 1143 3452 se
1174 3409 1194 3452 a
1217 3385 1382 3452 solvendis

57 3479 278 3562 vectigalibus
293 3478 427 3555 liberat;
452 3483 488 3543 at
504 3498 709 3561 corrumpere
733 3479 894 3555 custodes,
917 3476 967 3542 ita
989 3481 1026 3542 ut
1040 3477 1087 3542 illi
1104 3482 1219 3543 contra
1240 3475 1382 3541 officium

58 3589 153 3632 suurn
186 3567 411 3648 delinquentes
435 3566 626 3649 Iugurtham
657 3567 798 3633 scientes
822 3566 1005 3644 dimittant,
1036 3587 1099 3630 non
1129 3565 1248 3632 licebit.
1295 3565 1382 3631 Nam

58 3657 124 3723 etsi
148 3656 318 3722 custodum
336 3656 574 3722 advertentiam
598 3655 712 3720 fallere
735 3677 799 3721 non
822 3655 866 3720 sit
889 3659 1005 3720 contra
1025 3654 1194 3733 iustitiam,
1219 3675 1282 3719 non
1305 3654 1384 3719 licet

59 3766 173 3812 eorum
196 3745 341 3828 peccatis
364 3744 554 3810 subiectivis
570 3745 754 3827 cooperari;
779 3749 917 3828 peccant
933 3749 1044 3810 autem
1059 3744 1131 3827 ipsi,
1155 3743 1253 3825 idque
1269 3748 1384 3809 contra

57 3834 237 3912 iustitiam,
269 3834 298 3898 si
330 3834 362 3897 in
394 3855 526 3898 munere
558 3854 634 3911 suo,
668 3834 821 3915 quamdiu
854 3835 893 3899 de
916 3834 1112 3900 tributorum
1136 3833 1296 3898 iniustitia
1319 3854 1384 3897 non

59 3927 192 3990 constat
215 3923 248 3987 in
271 3922 394 4006 specie,
426 3922 616 3987 fidelitatem
640 3944 705 3987 non
728 3927 879 3997 servant,
910 3943 989 4004 ergo
1014 3922 1114 3989 etiarn
1144 3922 1166 3986 ii
1197 3928 1311 3987 contra
1334 3922 1384 3986 iu·

58 4014 186 4079 stitiam
210 4015 358 4095 peccant,
383 4011 436 4093 qui
461 4032 572 4076 eorum
597 4010 741 4094 peccatis
765 4021 982 4096 cooperantur.

151 4110 236 4175 Hinc
260 4130 323 4173 non
348 4108 512 4189 quaelibet
542 4108 672 4190 quidem
702 4130 870 4173 munerum
900 4109 1034 4190 largitio
1063 4109 1177 4175 statim
1201 4107 1263 4172 dici
1288 4105 1384 4172 debet

59 4199 242 4282 corruptio:
267 4203 303 4263 at
319 4197 421 4262 videri
439 4198 559 4264 debent
579 4198 733 4263 adiuncta
757 4202 791 4262 et
807 4198 975 4263 custodum
993 4199 1129 4274 animus,
1154 4203 1188 4262 et
1210 4216 1327 4261 revera
1349 4194 1383 4259 in

59 4289 194 4354 violabili
224 4287 400 4353 donatione
431 4286 598 4351 donatoris
627 4286 754 4350 animus
778 4287 1003 4369 corrumpendi
1034 4309 1092 4371 per
1121 4308 1156 4352 se
1180 4283 1382 4368 supponitur.

59 4379 168 4454 Quare
198 4377 225 4441 si
257 4376 409 4442 custodes
439 4375 577 4458 pecunia
601 4380 734 4458 accepta
759 4380 947 4451 moventur,
981 4380 1018 4441 ut
1045 4377 1258 4457 neglegenter
1281 4376 1384 4454 agant

59 4489 133 4532 curn
157 4466 317 4548 Iugurtha
340 4464 473 4546 eiusque
497 4485 621 4529 merces
644 4484 876 4546 recognoscere
899 4464 1119 4539 dissimulent,
1149 4463 1229 4527 satis
1253 4464 1384 4526 constat

59 4578 128 4621 rem
162 4576 227 4620 non
257 4555 311 4637 agi
344 4554 413 4619 sine
446 4553 614 4619 custodum
646 4554 852 4635 corruptione
882 4552 1023 4630 efficaci,
1058 4558 1156 4632 atque
1187 4572 1228 4614 ex
1260 4571 1298 4614 ea
1330 4571 1383 4613 re·

58 4644 217 4711 stituendi
247 4643 478 4725 obligationem
511 4643 629 4708 enasci.
677 4642 765 4718 Quae
795 4640 960 4705 restitutio
991 4641 1038 4706 ita
1068 4640 1218 4705 facienda
1249 4645 1314 4716 est,
1347 4643 1384 4704 ut

113 4754 541 4804 Lehmkubl,CasuscousclentIae.
568 4755 586 4796 Ι.
1136 4744 1170 4797 23
