3106 5168
486 265 592 334 Regula
610 272 711 319 remota
728 281 777 320 seu
795 267 855 320 lex:
873 264 920 320 lex
939 264 1044 319 vitiata.
1387 267 1429 331 45

193 442 233 509 R.
258 445 288 508 2.
328 441 441 519 Quoad
464 444 626 507 rosarium
649 442 781 508 videtur
803 442 933 525 quidem
951 442 1116 507 Ausonius
1139 440 1339 507 satisfecisse
1363 441 1431 525 epi·

103 532 229 615 scopali
258 530 340 614 legi,
375 553 448 596 cum
478 531 668 597 recitaverit
696 531 872 610 rosarium,
903 552 1008 614 neque
1035 530 1256 614 indulgentias
1280 534 1431 597 censetur

103 620 275 705 episcopus
299 620 442 686 voluisse
466 619 576 685 offerri
598 640 657 705 pro
681 620 844 688 defunctis
867 620 928 686 nisi
953 620 1192 698 condicionate,
1217 619 1244 686 si
1268 640 1350 702 quas
1372 641 1432 703 per

103 730 196 775 suam
221 709 356 793 quisque
379 709 605 775 recitationem
629 711 783 777 lucretur.
830 711 876 775 At
906 710 946 775 de
968 710 1048 793 ipsis
1077 708 1305 792 indulgentiis,
1338 708 1431 791 quasi

103 799 254 864 Ecclesia
276 820 335 883 pro
357 819 469 864 earum
486 798 700 881 acquisitione
723 820 787 864 non
811 804 924 883 posset
946 799 1108 865 internum
1126 802 1236 865 actum
1252 798 1431 865 meditandi

102 888 337 973 praescribere,
362 888 448 954 male
471 891 721 970 argumentatus
737 893 788 954 est
804 887 983 966 Ausonius3
1009 909 1085 954 nam
1107 887 1219 970 agitur
1241 887 1282 953 de
1305 888 1430 966 favore,

103 997 201 1060 quem
224 976 375 1043 Ecclesia
396 976 517 1043 nemini
540 976 653 1054 debet;
678 998 742 1061 quo
766 976 820 1060 qui
842 976 906 1042 frui
930 977 1012 1057 vult,
1037 976 1242 1042 condiciones
1259 976 1431 1061 impositas

103 1065 235 1132 omnino
258 1065 394 1150 implere
416 1070 557 1132 tenetur.

192 1180 233 1246 lt.
258 1182 290 1246 3.
335 1179 451 1263 Neque
478 1179 600 1246 rectius
629 1179 731 1246 sentit
753 1181 918 1246 Ausonius
949 1181 988 1247 de
1019 1203 1139 1247 secessu
1169 1180 1307 1247 alternis
1337 1180 1430 1247 annis
1439 1187 1472 1242 87

102 1268 319 1353 praescripto.
366 1269 601 1352 Praeterquam
627 1269 712 1351 quod
742 1289 784 1334 ex
814 1270 910 1354 praxi
933 1269 1100 1336 Ecclesiae
1133 1269 1215 1336 satis
1248 1268 1431 1336 ostenditur

102 1357 285 1424 Ecclesiam
309 1378 405 1443 posse
428 1358 514 1424 hunc
537 1358 706 1441 iniungere
730 1357 785 1440 (cf.
809 1361 943 1442 praeter
966 1360 1095 1425 Bullcm
1118 1361 1314 1444 Apostolicac
1337 1360 1432 1425 Sedis

101 1469 167 1514 ser.
188 1447 216 1513 V
240 1469 298 1513 seu
323 1448 362 1514 de
386 1447 662 1532 suspensionibus,
687 1451 749 1513 art.
770 1449 806 1524 7;
832 1447 864 1514 S.
889 1447 921 1514 C.
947 1446 980 1514 Ο.
1006 1450 1058 1515 20.
1079 1447 1168 1532 Sept.
1196 1449 1280 1513 1878
1303 1446 1337 1512 in
1360 1451 1429 1517 Act.

102 1539 136 1605 S.
154 1538 250 1604 Sedis
268 1535 341 1614 XII,
360 1539 423 1604 609
440 1557 528 1620 sqq.;
553 1537 714 1613 Wernz,
738 1537 795 1602 Ios
818 1539 964 1603 decretal.
988 1536 1029 1614 Il,
1053 1558 1084 1604 n.
1105 1538 1192 1619 182),
1217 1536 1289 1621 ipsa
1311 1541 1430 1604 natura

101 1626 152 1691 rei
184 1626 217 1691 id
249 1626 355 1692 docet.
403 1626 503 1692 Sacer
533 1626 589 1691 ille
621 1646 769 1691 secessus
802 1647 866 1691 non
899 1630 950 1692 est
982 1625 1104 1708 aliquid
1136 1647 1226 1691 mere
1255 1625 1428 1693 intornum.

101 1714 307 1797 Quamquam
330 1720 367 1782 ut
390 1715 453 1781 rite
475 1716 544 1793 fiat,
567 1714 705 1780 internis
721 1713 858 1793 actibus,
883 1714 1105 1793 meditatione,
1130 1715 1348 1782 conscientiae
1365 1716 1430 1781 dis·

102 1803 255 1870 cussione
279 1807 342 1869 etc.
367 1804 521 1889 compleri
538 1803 650 1870 debet:
675 1804 832 1869 eiusmodi
849 1805 1087 1889 complementa
1110 1806 1151 1870 ab
1171 1804 1320 1870 Ecclesia
1335 1808 1430 1871 sinaut

102 1896 188 1980 exigi
211 1913 307 1977 posse
331 1893 440 1958 nullus
463 1897 515 1959 est
538 1893 707 1958 dubitandi
730 1893 830 1959 locus.

193 2030 247 2094 Au
262 2048 453 2105 quansrruu
477 2030 516 2092 3¹n
540 2028 579 2093 R.
599 2029 627 2092 1.
662 2026 818 2093 Alfredus
833 2028 907 2111 lege
923 2027 1052 2109 quidem
1069 2049 1135 2093 non
1150 2032 1296 2105 tenetur;
1315 2049 1429 2093 verum
1438 2040 1472 2096 88

101 2116 136 2182 id
161 2119 267 2184 oritur
289 2138 332 2182 ex
354 2117 420 2182 alia
443 2137 544 2182 causa
567 2137 664 2198 quam
688 2116 758 2199 ipse
781 2120 886 2201 putat.
923 2116 1099 2183 Concilium
1116 2117 1316 2201 provinciale
1331 2118 1430 2184 altior

102 2210 156 2272 est
180 2206 370 2283 auctoritas,
395 2205 531 2289 singulis
548 2205 709 2289 episcopis
726 2206 889 2291 superior:
915 2227 1016 2288 quere
1039 2205 1119 2289 ipsis
1143 2206 1303 2291 episcopis
1322 2206 1428 2288 legem

102 2293 271 2380 imponere
293 2299 414 2380 potest,
438 2315 544 2376 neque
567 2294 627 2378 ipsi
658 2298 736 2361 sunt
759 2296 866 2378 quoad
889 2295 973 2361 hanc
1003 2300 1040 2363 ut
1062 2295 1270 2377 legislatores
1298 2295 1332 2361 in
1355 2297 1429 2378 lege

102 2406 174 2450 sua.
221 2387 268 2451 At
290 2384 461 2451 concilium
484 2383 682 2468 provinciale
713 2404 755 2449 ex
785 2405 863 2450 casu
893 2389 1083 2450 enumerato
1113 2384 1219 2466 legem
1248 2384 1338 2450 illam
1368 2385 1429 2449 im·

102 2475 213 2558 posuit
229 2476 455 2557 cacerdotibus,
475 2494 540 2556 qua
555 2494 636 2538 voce
659 2474 691 2538 in
715 2473 917 2539 favoralibus
940 2473 1084 2558 episcopi
1100 2473 1427 2558 comprehenduntur,

102 2584 168 2629 nou
192 2564 226 2628 in
249 2563 378 2629 odiosis.

192 2677 231 2745 R.
253 2680 282 2744 2.
323 2677 474 2743 Ceterum
489 2676 659 2759 legislator
682 2697 742 2742 sua
758 2676 889 2758 quidem
911 2675 984 2757 lege
1003 2675 1186 2742 formaliter
1208 2697 1273 2741 non
1291 2676 1427 2758 ligatum

102 2787 217 2832 verum
234 2769 445 2833 materialiter
467 2786 507 2831 ea
529 2770 661 2832 tenetur
678 2765 894 2842 nihilominus,
919 2785 1116 2847 quamquam
1139 2785 1198 2848 per
1220 2785 1257 2829 se
1280 2786 1345 2831 non
1369 2767 1429 2831 sub

101 2856 216 2939 gravi;
242 2856 356 2933 immo,
381 2855 562 2922 exsistente
585 2855 772 2921 rationabili
796 2875 912 2932 causa,
937 2858 1069 2920 tenetur
1093 2855 1289 2922 nullatenus.
1335 2854 1429 2921 Com·

101 2946 246 3011 muniter
261 2944 387 3010 scilicet
401 2944 538 3009 dedecet
554 2949 652 3028 caput
664 2944 850 3026 discrepare
866 2965 886 3008 a
902 2944 1065 3020 membris,
1082 2943 1180 3008 immo
1197 2944 1270 3008 boni
1288 2944 1428 3027 exempli

101 3034 287 3100 aedificatio
311 3034 466 3117 postulat,
492 3038 615 3099 utnon
639 3034 708 3099 sine
731 3054 831 3099 causa
855 3033 1002 3117 superior
1017 3054 1053 3098 se
1069 3033 1193 3098 eximat
1213 3033 1255 3097 ab
1271 3032 1320 3110 iis,
1345 3054 1429 3114 quae

100 3145 161 3209 pro
192 3123 330 3189 subditis
361 3122 542 3189 constituit.
590 3123 661 3188 Hae
691 3123 835 3189 rationes
859 3123 957 3188 etiam
982 3121 1015 3185 in
1038 3126 1151 3187 nostro
1175 3142 1252 3186 casu
1280 3122 1430 3188 similiter

101 3215 322 3278 conrmendont
345 3212 606 3278 observationem
630 3212 759 3278 illarum
783 3212 892 3294 legum
916 3211 1016 3277 etiam
1039 3232 1098 3294 pro
1121 3210 1291 3294 episcopis.

299 3472 542 3539 PEREGRINI
565 3471 715 3549 QUOAD
739 3471 878 3538 LEGES
901 3468 1233 3538 OBSERVANDAS.

668 3672 779 3740 Gasus.
807 3680 864 3748 (24)

191 3838 324 3907 Drusus,
355 3856 420 3895 cum
451 3841 532 3895 esset
561 3855 599 3894 ex
627 3836 732 3895 itinere
762 3835 792 3893 in
820 3835 919 3893 vicina
946 3835 1088 3905 dioecesi,
1119 3855 1178 3894 non
1199 3836 1361 3895 celebravit
1382 3837 1428 3896 die

102 3919 140 3977 13
162 3917 291 3992 Augusti
316 3917 425 3976 festum
446 3917 474 3976 S.
497 3915 647 3986 Cassiani,
676 3916 793 3993 patroni
822 3916 894 3983 loci,
922 3935 1017 3991 neque
1039 3916 1085 3974 die
1108 3918 1144 3975 14
1165 3916 1306 3975 ieiunium
1333 3936 1427 3992 neque

101 3999 149 4057 die
165 3999 202 4057 15
217 3999 326 4056 festum
341 3996 572 4073 Assumptionis,
594 3996 670 4072 quod
690 3996 721 4054 in
740 4015 794 4054 sua
815 3997 913 4072 patria
931 3996 1065 4071 sequenti
1080 3996 1226 4055 dominica
1245 3997 1427 4057 celebratur:

101 4098 167 4138 cum
189 4077 338 4154 peregrini
358 4077 474 4153 legibus
494 4076 552 4135 loci
573 4097 632 4135 non
653 4081 817 4135 teneantur.
853 4076 953 4152 Neque
973 4075 1118 4135 ieiunavit
1138 4077 1272 4152 sequenti
1293 4079 1426 4148 sabbato,

100 4159 176 4236 quod
199 4162 286 4217 extra
306 4158 432 4234 patriam
453 4156 551 4233 patria
571 4156 638 4231 lege
657 4176 717 4215 non
738 4157 854 4230 ligetur.
896 4156 930 4215 In
954 4155 1186 4232 Quadragesima
1207 4162 1321 4228 autem,
1343 4158 1427 4216 cuius

99 4239 213 4299 ieiunia
234 4239 264 4296 in
285 4238 382 4314 patria
403 4238 467 4296 eius
488 4236 621 4296 severius
643 4238 848 4307 observantur,
871 4256 908 4296 ex
929 4237 1074 4296 industria
1096 4236 1178 4295 sein
1200 4237 1328 4296 vicinam
1350 4237 1427 4296 dioe-

100 4320 193 4380 cesim
216 4319 331 4378 confert
352 4323 440 4393 atque
462 4317 600 4376 carnibus
620 4316 759 4377 vescitur.

99 4451 282 4522 Qnsssruus
302 4453 331 4510 1ο
355 4451 499 4527 quomodo
527 4449 675 4527 peregrini
702 4454 860 4508 teneantur
887 4449 1002 4524 legibus
1030 4449 1087 4508 loci
1115 4453 1145 4508 et
1172 4447 1277 4524 patriis
1301 4446 1424 4521 legibus,

356 4532 405 4590 vel
426 4530 569 4591 utriusvis
589 4529 753 4606 privilegiis
774 4531 918 4590 fruantur.

302 4641 332 4697 2⁰
356 4638 425 4715 quid
445 4637 632 4697 iudicandum
653 4636 693 4695 sit
714 4637 750 4695 de
770 4637 856 4713 praxi
877 4635 975 4696 Drusi.
