3106 5168
171 276 236 338 400
309 271 349 325 De
367 271 517 326 virtutibus
535 275 564 325 et
581 271 678 326 officiis
697 289 763 341 erga
781 271 911 326 homines.
930 302 964 310 -
983 271 1034 326 Off.
1054 272 1126 328 circu
1144 273 1215 328 bons
1232 276 1355 329 externe.

171 448 226 514 lib.
251 450 283 526 4,
306 470 338 514 n.
365 450 445 524 188;
472 447 620 514 similiter
644 449 821 514 Genicot
844 450 869 525 Ι,
894 471 925 516 u.
951 452 1015 515 633
1040 454 1074 516 et
1097 450 1128 515 N
1136 449 1250 514 oldin
1273 450 1316 530 II,
1340 452 1417 528 588,
1441 451 1493 533 qui

172 537 312 602 alteram
335 536 464 619 quidem
488 537 685 603 seutentiam
709 561 899 604 communem
924 543 1053 616 vocant,
1081 538 1155 604 huic
1178 541 1290 604 tamen
1313 539 1495 623 benigniori

173 648 237 692 non
260 629 384 708 negant
407 647 536 691 omnem
558 626 834 710 probabilitatem.

506 847 671 913 EMPTIO
695 847 910 914 FlLIORUM
937 848 1158 915 MINORUM.

728 1002 838 1068 Casus.
865 1011 940 1077 (244)

263 1141 358 1202 Guido
380 1147 410 1201 et
431 1143 532 1213 Felix,
563 1142 647 1218 pueri
670 1144 707 1202 14
728 1162 871 1202 annorum
892 1143 1032 1214 studiosi,
1063 1143 1144 1218 prior
1163 1143 1242 1203 filius
1264 1143 1365 1202 divitis
1387 1164 1495 1203 merca-

172 1223 261 1292 toris,
284 1224 360 1281 alter
380 1223 466 1298 egeni
488 1223 619 1299 opificis,
641 1223 698 1282 sibi
719 1229 819 1282 emunt
840 1223 957 1298 singula
977 1223 1131 1298 horologia
1151 1224 1238 1300 pretii
1259 1225 1297 1283 60
1319 1243 1391 1296 mc,
1420 1225 1494 1301 qnod

173 1303 268 1362 Guido
290 1322 328 1361 ex
349 1303 385 1361 iis
408 1302 508 1373 solvit,
529 1322 604 1378 quae
625 1303 707 1377 genii
727 1303 824 1377 gratia
845 1309 966 1380 epatre
988 1311 1018 1361 et
1039 1323 1095 1362 avo
1117 1304 1328 1374 conceduntur,
1351 1305 1438 1364 Felix
1458 1325 1494 1364 ex

172 1402 294 1455 summa,
317 1402 404 1458 quam
424 1401 478 1458 pro
499 1390 585 1460 patre
606 1389 763 1460 acceperat
784 1383 949 1443 adebitcre
971 1384 1085 1442 domum
1106 1386 1353 1444 transferendam.
1390 1385 1495 1444 Patres

171 1483 243 1522 vero
258 1462 402 1523 Gnidonis
424 1470 455 1522 et
475 1463 584 1521 Felicis
604 1463 819 1538 indignabundi
840 1464 876 1523 de
896 1463 1019 1523 levitate
1040 1463 1166 1522 filiorum
1187 1469 1217 1523 et
1238 1464 1274 1524 de
1294 1466 1392 1540 pretio
1413 1466 1493 1524 horo

171 1543 325 1618 logiorum,
340 1542 417 1618 quod
431 1563 485 1620 pro
500 1543 654 1602 excessivo
669 1545 789 1612 habent,
805 1563 869 1602 oum
884 1563 937 1620 pro
954 1545 991 1603 50
1007 1562 1061 1603 mc.
1076 1544 1193 1620 possint
1207 1544 1267 1603 alia
1281 1545 1414 1604 eiusdem
1428 1565 1495 1621 qus·

171 1623 266 1682 litatis
282 1624 456 1698 comparari,
478 1624 588 1682 adeunt
609 1625 753 1682 artificem
774 1625 961 1700 postulantes
981 1624 1188 1684 rescissionem
1206 1629 1388 1695 contractus,
1410 1645 1493 1701 quam

172 1703 281 1761 artifex
302 1704 445 1777 denegat,
473 1723 508 1762 eo
529 1704 606 1780 quod
627 1704 749 1763 levitate
771 1709 801 1763 et
821 1704 949 1763 stultitia
970 1708 1133 1779 emptorum
1153 1705 1307 1781 horologia
1328 1705 1390 1764 iarn
1411 1706 1494 1764 detri-

171 1790 301 1842 mentum
323 1783 463 1859 ceperint.

262 1863 384 1922 Fulvius
399 1882 493 1938 caupo
508 1863 648 1922 studiosis
662 1864 818 1922 iuvenibus
834 1865 952 1923 16-20
967 1883 1110 1922 annorum
1125 1864 1275 1940 copiosum
1289 1864 1493 1924 subministrat

171 1948 273 2018 potum
293 1943 419 2020 pecunia
440 1963 498 2001 non
520 1944 634 2014 soluta,
657 1944 708 2002 sed
731 1943 876 2002 solutione
899 1944 1003 2014 dilata,
1032 1944 1120 2002 immo
1142 1964 1200 2002 non
1221 1963 1288 2003 raro
1311 1945 1363 2004 dat
1384 1945 1422 2004 iis
1443 1965 1492 2022 pro

171 2029 272 2082 mutuo
294 2023 448 2099 pecuniam
469 2029 593 2100 accepto
611 2024 816 2100 chirographo,
839 2044 895 2100 quo
916 2043 949 2083 se
964 2023 1112 2083 debitores
1133 2030 1308 2099 agnoscunt.
1326 2058 1361 2067 -
1385 2026 1492 2085 Verum

171 2109 233 2162 tum
263 2109 403 2180 parentes
431 2109 492 2162 turn
521 2105 686 2181 complures
708 2105 834 2163 existis
859 2103 1015 2163 iuvenibus
1036 2104 1163 2163 maiores
1184 2105 1258 2163 facti
1279 2105 1429 2181 denegant
1450 2127 1492 2165 so·

171 2184 321 2244 lutionem.

172 2289 349 2361 Qusnmrun
372 2291 400 2347 1⁰
426 2289 478 2348 filii
500 2289 630 2347 familias
651 2289 780 2348 minores
801 2308 871 2347 uum
892 2288 1008 2365 possint
1029 2289 1126 2348 valide
1148 2291 1332 2350 contrahere.

371 2379 400 2436 2⁰
426 2378 565 2438 rescissio
587 2383 760 2436 contractus
780 2379 897 2436 iustene
918 2378 1085 2453 postuletur
1106 2398 1145 2437 au
1166 2379 1337 2455 denegetur.

370 2469 400 2525 3ο
426 2467 493 2541 quid
515 2467 694 2525 censendum
715 2467 755 2526 sit
776 2468 812 2524 de
833 2466 939 2525 debitis
968 2466 1027 2525 illis
1056 2486 1092 2525 ex
1120 2467 1272 2544 potatione
1293 2468 1492 2545 similibusque

425 2549 513 2605 rebus
535 2547 704 2606 contractis.

766 2668 900 2736 Solutio.

112 2823 163 2876 793
261 2810 592 2886 Anonsns1ruu1⁰²
623 2812 660 2877 R.
689 2817 716 2876 1.
763 2811 828 2875 Vix
858 2832 921 2875 nou
946 2811 1064 2892 ubique
1091 2811 1182 2892 leges
1206 2811 1368 2894 positivae
1392 2813 1492 2878 facul·

173 2905 276 2965 tatem
296 2900 506 2966 contrahendi
530 2901 708 2965 minoribus
730 2901 981 2978 restrinxerunt,
1006 2901 1052 2966 ita
1069 2901 1198 2981 quidem
1223 2905 1347 2966 utnon
1372 2902 1491 2985 possint

172 2989 310 3054 firmiter
325 2990 527 3065 contrahere,
552 2990 580 3054 si
603 2994 723 3072 agatur
747 2991 786 3053 de
809 3010 845 3052 re
868 2990 973 3054 adbuc
989 2989 1198 3073 praestanda,
1224 2990 1276 3054 vel
1299 2989 1327 3054 si
1352 2996 1492 3057 resecta

173 3078 268 3144 cedat
302 3078 334 3142 in
367 3078 424 3143 filii
456 3080 589 3143 minoris
621 3079 851 3143 detrimentum
884 3100 941 3142 seu
973 3079 1220 3143 incommodum.
1275 3079 1328 3142 Ad
1360 3081 1493 3144 firmiter

172 3168 429 3234 contrahendum
458 3168 604 3249 indigent
636 3189 795 3232 consensu
818 3167 993 3243 curatoriS,
1025 3167 1079 3248 qui
1103 3168 1209 3248 quoad
1239 3168 1323 3233 filios
1353 3168 1492 3234 familias

173 3261 224 3321 est
246 3258 315 3340 ipse
338 3261 443 3340 pater.
476 3257 638 3321 Rescissic
655 3257 756 3337 igitur
773 3260 960 3320 contractus
984 3256 1257 3338 uniusquidem,
1283 3257 1338 3338 qui
1354 3258 1492 3323 scientes

173 3367 244 3410 cum
269 3346 392 3411 minore
417 3349 662 3422 contraxerunt,
688 3347 745 3410 sed
769 3345 831 3427 ipsi
854 3344 969 3408 minori
993 3346 1104 3409 eiusve
1128 3346 1270 3411 curatori
1295 3348 1490 3422 conceditur,

172 3435 347 3499 secundum
372 3435 539 3518 complura
562 3436 633 3499 iura
651 3434 851 3517 simpliciter,
875 3433 1052 3498 secundum
1070 3436 1227 3499 Gallicum
1243 3435 1321 3516 (art.
1339 3438 1438 3516 1125)
1461 3448 1491 3501 et

172 3527 350 3607 duplicem,
367 3525 393 3587 si
411 3545 446 3587 se
462 3523 586 3588 laesum
603 3545 674 3588 esse
690 3523 887 3606 probaverit.
928 3523 974 3588 Cf.
993 3524 1023 3586 Μ
1034 3544 1119 3600 arc,
1136 3525 1215 3589 lust.
1232 3526 1327 3609 Alpa
1346 3547 1377 3590 n.
1392 3528 1490 3591 1039:

173 3613 408 3694 bellegre,
434 3614 480 3677 Le
504 3616 577 3678 code
601 3616 673 3677 sicil
696 3616 863 3678 coarmantes
887 3613 929 3678 ad
953 3613 972 3678 l.
999 3634 1025 3678 c.

261 3718 300 3782 It.
326 3722 355 3783 2.
401 3718 617 3781 Nihilominus
641 3719 668 3782 si
692 3719 802 3800 agitur
825 3719 865 3782 de
888 3719 985 3782 rebus
1008 3719 1195 3795 minoribus
1220 3718 1252 3782 in
1277 3718 1394 3799 quibus
1419 3741 1490 3785 con-

173 3811 299 3871 tractus
329 3807 494 3889 perficitur
524 3808 699 3872 traditione
729 3808 776 3872 rei
807 3813 840 3873 et
868 3807 1027 3871 solutione
1051 3807 1165 3889 pretii,
1196 3809 1381 3888 generatim
1405 3810 1490 3873 valet

173 3900 371 3969 contractus
396 3895 524 3976 quando
548 3897 629 3959 sumi
654 3900 763 3978 potest
788 3896 902 3961 adesse
919 3917 1109 3960 consensum
1133 3901 1305 3978 parentum
1323 3898 1376 3961 vel
1401 3919 1490 3962 cura·

173 3991 290 4050 torum.
338 3985 534 4050 Accuratius
565 3986 724 4050 videndae
755 3990 832 4050 sunt
862 3987 952 4066 leges
984 3985 1134 4065 regionis,
1181 3985 1235 4049 lus
1260 3986 1390 4053 Germ.
1419 3988 1488 4052 dicit

172 4075 189 4153 ,ξ
216 4078 279 4137 llll
304 4079 506 4139 contractum
531 4079 649 4153 colere,
686 4075 730 4149 ,si
756 4075 858 4137 minor
879 4079 1074 4158 praestiterit
1098 4096 1140 4137 ex
1165 4075 1219 4149 iis,
1248 4095 1332 4153 quae
1356 4077 1419 4140 sibi
1442 4076 1488 4138 vel

172 4166 217 4227 cd
241 4165 296 4227 boc
319 4165 370 4227 vel
396 4166 440 4226 url
463 4166 592 4228 literam
619 4167 851 4249 dispositionem
877 4165 946 4227 sive
970 4185 988 4227 a
1016 4164 1162 4244 legitimo
1186 4170 1337 4229 curatore
1362 4166 1432 4230 sive
1455 4186 1489 4229 eo

172 4253 439 4317 consentientes
464 4254 561 4317 tertio
586 4254 664 4317 data
688 4253 784 4317 sint“.

262 4359 300 4422 R.
326 4363 354 4423 3.
392 4359 429 4422 ln
454 4359 525 4423 aliis
550 4360 656 4433 robus,
682 4359 707 4421 si
733 4358 837 4421 minor
858 4359 979 4438 frrrudc
1004 4380 1080 4421 usus
1104 4365 1164 4434 est,
1190 4359 1393 4424 rescindendi
1419 4381 1488 4424 con·

172 4452 298 4513 tractus
322 4448 371 4512 ius
395 4469 473 4511 sane
497 4470 559 4510 uon
585 4447 707 4511 arurittit-
738 4456 882 4510 curetur:
912 4469 1023 4510 verum
1049 4448 1133 4511 tilius
1157 4448 1211 4511 ille
1235 4449 1340 4513 minor
1364 4454 1489 4515 tenetur

174 4557 214 4598 ox
238 4537 352 4600 fraude
376 4559 444 4610 sua,
470 4536 605 4616 ideoque
629 4537 747 4600 saltem
766 4541 936 4618 postquam
954 4538 1058 4601 iunior
1073 4538 1181 4602 frictus
1198 4539 1307 4608 fuerit,
1334 4540 1375 4603 ad
1400 4560 1488 4623 prac-

173 4626 322 4688 standem
347 4625 602 4690 indemnitatem.
