3106 5168
524 1012 529 1019 ’
563 1051 639 1132 uu
670 1050 1052 1135 consoruurm.

433 1259 751 1326 CONSCIENTIAE
775 1260 1003 1327 DlOTAMEN
1027 1261 1183 1339 QUALu.

708 1419 820 1485 basus.
848 1425 907 1495 (15)

235 1557 260 1615 1.
284 1555 384 1626 Cleon,
406 1575 470 1614 curn
493 1560 632 1630 ageretur
653 1555 688 1614 de
710 1555 854 1631 eligendis
869 1554 1027 1632 deputatis,
1050 1555 1156 1614 malum
1178 1573 1245 1613 esse
1266 1558 1393 1631 putabat
1413 1578 1473 1618 non

145 1635 188 1694 uti
209 1636 272 1694 iure
294 1655 364 1705 suo;
392 1655 494 1694 verum
516 1655 564 1693 res
586 1635 744 1713 desperata
764 1640 845 1706 erat,
873 1635 917 1694 ita
944 1641 978 1694 ut
997 1635 1116 1694 vincere
1136 1653 1196 1693 non
1217 1640 1321 1711 posset
1340 1637 1399 1697 nisi
1421 1645 1474 1698 aut

144 1714 191 1774 uir
209 1716 388 1775 liberalismo
408 1715 574 1790 irreligioso
594 1715 709 1774 deditus
731 1720 783 1775 aut
803 1715 966 1775 socialista.
1002 1716 1099 1787 Quare
1114 1714 1205 1775 Cleon
1225 1715 1294 1773 huic
1314 1720 1474 1793 posteriori

144 1801 245 1854 votum
266 1815 351 1855 suurn
372 1796 467 1867 dedit,
488 1795 545 1854 sibi
566 1794 680 1866 dicens,
703 1799 812 1871 quanto
833 1796 918 1873 peius
939 1796 1143 1855 consuleretur
1164 1797 1252 1854 rebus
1273 1796 1414 1872 publicis,
1437 1819 1472 1860 eo

144 1876 249 1935 melius
277 1895 359 1945 esse,
388 1895 422 1934 eo
444 1877 519 1951 quod
541 1875 629 1935 citius
650 1875 778 1935 omniurn
806 1895 903 1934 rerum
930 1876 1114 1953 perturbatio
1142 1877 1241 1946 fieret,
1270 1894 1309 1934 ex
1329 1897 1389 1953 qua
1408 1880 1474 1939 sola

145 1976 214 2032 spes
235 1961 338 2032 posset
359 1956 490 2032 concipi;
512 1975 605 2032 neque
627 1960 726 2015 tamen
744 1961 810 2015 orat
829 1956 895 2015 sine
915 1955 1117 2015 conscientiae
1139 1955 1286 2032 scrupula,
1309 1976 1376 2017 cum
1397 1961 1473 2020 bens

144 2044 247 2096 nosset
272 2057 290 2095 a
311 2037 458 2095 fractione
478 2037 624 2095 catholica
646 2037 859 2113 proclamabam
880 2055 947 2095 esse
968 2055 1116 2104 normam,
1147 2042 1180 2094 ut
1209 2035 1370 2098 socialistis
1392 2059 1475 2099 num·

144 2136 230 2192 quarn
252 2117 394 2192 suffragia
416 2117 565 2186 darentur,
588 2117 640 2175 sed
661 2116 759 2194 potius
780 2118 817 2189 ab
838 2117 917 2176 omni
939 2116 1152 2191 suffragatione
1173 2116 1383 2178 abstineretur.

234 2206 260 2264 2.
283 2205 353 2265 Cum
375 2205 406 2263 in
426 2205 535 2264 iudicio
556 2209 695 2280 ageretur
710 2206 746 2264 de
767 2204 943 2264 excutiendo
966 2225 984 2263 a
1005 2225 1038 2264 se
1059 2205 1167 2274 debito,
1189 2203 1264 2280 quod
1286 2224 1358 2282 erga
1373 2207 1473 2267 Titum

144 2286 282 2355 habebat,
307 2285 358 2344 sed
379 2287 454 2361 quod
477 2285 717 2361 compensatione
740 2285 865 2361 quadam
886 2285 1022 2359 legaliter
1043 2304 1102 2344 uon
1123 2285 1226 2360 agnita
1246 2303 1299 2360 pro
1321 2288 1472 2348 exstincto

144 2366 253 2424 habere
281 2369 444 2436 statuerat,
471 2365 586 2424 iuratus
615 2365 745 2424 assernit
773 2384 806 2424 se
833 2366 911 2424 banc
941 2371 971 2424 et
1000 2365 1082 2424 illam
1102 2383 1164 2423 rem
1185 2385 1203 2424 a
1224 2364 1292 2425 Tito
1312 2387 1472 2444 numquam

144 2447 260 2518 emisse,
282 2464 377 2522 neque
394 2445 550 2521 quidquam
572 2464 605 2504 se
625 2444 668 2504 illi
689 2445 796 2504 debere
817 2478 856 2485 -
878 2445 1062 2504 couscientia
1083 2445 1199 2520 quidem
1219 2446 1411 2520 reclamante,
1433 2469 1472 2509 ne

143 2525 221 2584 forte
242 2526 377 2602 periurus
398 2526 490 2585 fieret.

232 2617 259 2674 3.
288 2614 359 2674 (lum
382 2619 484 2689 ageret
506 2614 634 2672 officium
658 2613 790 2672 custodis
819 2633 971 2688 agrorum,
1001 2614 1127 2690 aliquem
1154 2615 1405 2676 damnificatorem
1434 2637 1472 2677 ex

143 2695 345 2754 misericordia
366 2714 425 2752 non
448 2694 648 2764 denuntiavit,
672 2696 747 2752 bene
768 2699 869 2752 tamen
889 2713 1000 2752 memor
1021 2693 1178 2754 iuramenti
1198 2695 1245 2754 sui
1266 2696 1372 2770 officii,
1395 2698 1472 2774 quod

143 2775 200 2835 sibi
223 2775 401 2834 contrarium
424 2775 528 2834 suasit.

232 2866 258 2924 4.
287 2864 386 2922 Testis
407 2868 550 2922 evocatus
572 2867 676 2922 contra
698 2862 897 2933 sacerdotem,
926 2863 975 2939 qui
1003 2865 1200 2923 accusabatur
1222 2866 1298 2941 legis
1319 2865 1472 2942 religioso·

143 2944 282 3021 politicae
310 2945 410 3002 laesae
439 2962 476 3002 ex
505 2943 642 3001 contione
664 2942 782 3013 habita,
811 2948 914 3001 contra
942 2950 1070 3002 mentem
1098 2963 1183 3003 suam
1204 2945 1279 3004 dixit
1306 2965 1339 3006 se
1367 2947 1472 3006 talium

143 3027 299 3084 verborum
320 3025 502 3101 prolatorum
523 3023 658 3082 notitiam
680 3042 739 3082 non
759 3024 878 3083 habore.

144 3138 320 3209 Quaerimus
343 3142 371 3197 1ο
396 3139 493 3278 quali}
523 3138 668 3198 certitudo
697 3137 899 3197 conscientiae
928 3137 1096 3197 dictaminis
1125 3138 1292 3216 requiratur
1321 3141 1359 3199 ad
1389 3142 1472 3202 licite

397 3240 474 3296 agen
495 3239 551 3280 um.

341 3318 372 3375 2⁰
397 3319 484 3394 quale
505 3316 544 3375 sit
565 3321 718 3392 peccatum
741 3335 831 3391 agere
853 3335 918 3375 cum
940 3315 1123 3374 conscientia
1144 3316 1241 3376 dubia.

343 3417 372 3473 3ο
397 3414 465 3491 quid
488 3415 522 3472 de
545 3414 670 3489 singulis
692 3413 824 3473 illeootis
845 3413 1014 3473 actionibus
1035 3413 1232 3474 iudicandum.

739 3595 874 3663 Solutio.

98 3745 132 3800 50
232 3741 285 3803 Ao
308 3758 499 3814 oususrrun
528 3741 563 3801 1¹¹²
586 3738 624 3803 R.
660 3737 832 3803 Dictamen
849 3738 1069 3804 conscientiae
1092 3738 1242 3804 ultimum
1265 3762 1323 3806 seu
1347 3743 1472 3826 practi-

143 3849 226 3904 cum,
251 3849 314 3909 quo
336 3827 433 3892 homo
456 3826 581 3892 iudicat
603 3825 664 3890 sibi
694 3827 742 3891 itu
773 3831 807 3892 et
835 3826 884 3891 ita
907 3847 1006 3909 agere
1029 3827 1137 3906 licere,
1166 3830 1349 3895 necessario
1374 3833 1472 3899 debet

142 3937 214 3982 esse
239 3921 379 3990 certum;
405 3915 548 3997 alioquin
571 3915 667 3980 homo
691 3935 793 3996 agens
817 3935 852 3979 se
875 3915 959 3997 legis
975 3916 1148 3982 violandae
1163 3918 1307 4001 periculo
1324 3921 1470 4004 exponit,

142 4005 355 4071 violationem
373 4004 456 4086 legis
480 4008 579 4085 atque
602 4008 772 4088 peccatum
795 4003 888 4087 parvi
908 4004 989 4071 facit
1013 4026 1051 4070 ac
1075 4005 1166 4089 proin
1184 4014 1308 4090 peccat.
1349 4010 1472 4085 „Omne

142 4095 228 4177 quod
251 4116 316 4159 non
341 4097 393 4158 est
416 4114 457 4158 ex
481 4093 544 4157 fide
567 4092 601 4173 (i.
619 4114 647 4160 e.
669 4097 760 4159 certa
781 4093 992 4177 persuasione
1007 4093 1186 4178 limitetis),
1211 4101 1383 4180 peccatum
1408 4106 1469 4166 est.

142 4184 236 4251 Rom.
263 4186 313 4260 14,
339 4186 392 4248 23.
439 4180 486 4248 uf.
516 4184 572 4248 Tb.
597 4205 637 4248 m.
662 4182 687 4258 Ι,
713 4184 765 4248 48.
790 4184 843 4248 49.

232 4281 353 4346 Verum
376 4279 642 4367 haeccertitudo
666 4280 787 4346 sufficit
813 4284 848 4346 ut
870 4280 914 4346 sit
937 4280 1055 4347 latiore
1073 4301 1172 4347 sensu
1196 4283 1340 4362 moralis,
1368 4285 1470 4369 siqui-

142 4369 214 4435 dem
238 4370 270 4434 in
295 4370 391 4434 rebus
414 4368 569 4453 practicis
591 4369 649 4434 vix
673 4392 737 4436 non
760 4391 890 4454 semper
913 4370 972 4437 tali
996 4368 1191 4436 certitudine
1213 4372 1361 4438 homiues
1392 4397 1470 4441 con·

141 4459 225 4526 tenti
249 4480 322 4524 esse
346 4458 481 4532 debent;
507 4457 604 4524 aliter
626 4459 695 4524 fere
720 4480 848 4543 semper
871 4459 912 4523 ab
937 4459 1063 4540 agendo
1081 4459 1325 4544 impedirentur.
1362 4462 1469 4540 Quare

141 4547 302 4614 certitudo
326 4549 512 4614 necessaria
535 4570 598 4614 non
623 4549 803 4615 destruitur
826 4547 1077 4631 supervenient-e
1108 4549 1216 4631 aliquo
1242 4550 1337 4616 dubio
1370 4574 1469 4637 nega·
