3106 5168
441 275 593 346 coniugum
611 279 725 348 peccata
743 279 837 330 contra
855 275 1018 330 castitatem.
1328 277 1391 342 281

66 454 169 522 factio
185 458 282 520 extra
298 457 407 519 actum
424 452 629 534 coniugalem
651 452 849 536 legitimum:
873 455 984 518 tactus
1003 451 1141 518 solitarii
1164 450 1198 516 in
1218 472 1254 517 se
1272 450 1394 534 sumpti

67 543 222 610 mortalia
244 546 382 627 peccata
403 541 594 624 coniugibus
616 562 682 606 non
704 547 791 620 sunt,
816 541 879 607 nisi
900 541 1057 608 inducant
1079 561 1182 622 grave
1204 539 1394 625 pollutionis

68 633 259 717 periculum,
284 631 367 713 quod
385 630 531 714 legitimo
548 635 624 696 actu
641 631 803 713 coniugali
819 631 1011 715 praevenire
1026 632 1194 712 nequeant
1208 630 1263 695 vel
1278 629 1392 695 nolint.

157 748 210 812 An
234 766 426 823 qunasrrun
449 749 488 810 2¹²
511 746 550 812 R.
578 749 606 811 1.
645 745 740 813 Uxor
769 745 928 812 eiusmodi
957 745 1097 828 querelis
1120 745 1227 809 virum
1257 749 1394 811 conatur
1404 755 1454 808 551

69 858 89 901 a
119 835 261 920 petendo
291 835 401 902 debito
429 834 576 918 legitimo
606 839 768 902 avertere.
826 835 946 913 Quodsi
977 835 1117 900 coniciet
1146 833 1250 899 virum
1281 834 1314 898 in
1344 834 1393 898 in·

69 925 290 992 continentiae
319 930 491 1009 peccatum
514 927 614 1006 atque
636 924 709 1008 ipsa
732 924 994 1002 animadvertat,
1024 923 1150 1002 virum,
1182 943 1220 988 co
1249 922 1393 1007 periculo

68 1015 218 1099 proximo
242 1013 440 1094 exsistente,
471 1018 583 1081 tamen
613 1035 678 1079 non
702 1014 823 1079 audere
846 1013 941 1079 uxori
964 1012 1137 1080 molestum
1161 1032 1233 1077 esse
1255 1032 1314 1077 seu
1338 1012 1393 1076 de·

67 1105 172 1169 bitum
195 1108 324 1188 petere,
349 1124 433 1168 uxor
454 1103 604 1185 graviter
625 1108 757 1188 peccat,
782 1102 843 1168 nisi
867 1102 1018 1185 querelas
1041 1101 1201 1185 deponat:
1229 1099 1342 1177 aliter,
1366 1100 1394 1165 si

69 1193 119 1257 vir
142 1214 212 1258 rem
236 1192 384 1276 graviter
406 1214 471 1258 non
495 1192 583 1259 ferat
612 1197 712 1275 atque
742 1192 812 1258 sine
838 1190 995 1276 peccandi
1024 1190 1169 1275 periculo
1193 1210 1214 1255 a
1236 1189 1394 1274 petitione

70 1282 171 1349 debiti
195 1282 376 1364 coniugalis
399 1281 549 1348 desistat.

157 1388 197 1454 R.
215 1390 244 1455 2
283 1387 437 1453 Graviter
459 1407 595 1452 uxorem
620 1407 758 1471 peccare
781 1387 881 1454 etiam
904 1385 1010 1470 magis
1033 1385 1167 1452 evidens
1185 1389 1252 1479 est,
1276 1383 1304 1449 si
1327 1383 1395 1450 suis

68 1476 241 1559 querelis
232 1498 266 1541 ιιι
290 1497 391 1541 causa
414 1480 475 1555 est,
501 1498 559 1541 cur
576 1475 629 1540 vir
651 1496 745 1541 usum
768 1475 966 1542 matrimonii
989 1462 1206 1541 onanisticum
1229 1478 1394 1541 exerceat.

158 1582 196 1648 R.
215 1584 245 1648 3.
285 1581 320 1647 si
343 1581 498 1664 coniuges
521 1581 591 1646 sine
614 1580 710 1663 gravi
732 1581 877 1665 periculo
899 1580 1157 1647 incontinentiae
1179 1583 1293 1646 mutuo
1317 1601 1395 1645 con·

68 1692 166 1736 sensu
191 1669 426 1736 continentiam
449 1691 585 1736 servare
607 1670 739 1748 volunt,
771 1671 812 1736 ab
835 1670 896 1735 hoc
920 1669 1053 1735 consilio
1083 1691 1149 1735 non
1172 1668 1395 1753 prohibentur,

69 1760 133 1826 etsi
156 1781 213 1825 eos
236 1759 395 1844 imprimis
418 1759 517 1825 timor
540 1758 781 1825 numerosioris
793 1759 895 1844 prolis
918 1759 960 1824 ad
983 1759 1015 1824 id
1038 1763 1181 1825 moveat.

157 1848 195 1913 In
219 1869 283 1951 quo
313 1870 407 1928 casu,
438 1850 466 1914 si
497 1848 602 1915 nolint
631 1848 812 1932 perfectam
843 1847 1077 1915 continentiam
1107 1867 1258 1924 servare,
1288 1839 1396 1913 illiciti

69 1938 244 2022 quidem''
223 1960 264 2002 ns
287 1959 329 2003 ex
352 1958 388 2003 se
411 1959 476 2003 non
499 1941 578 2004 sunt
595 1943 689 2004 actus
712 1936 906 2021 imperfecti,
885 1937 985 2019 rqui
1007 1936 1187 2039 periculum
1208 1936 1397 2021 pollutionis

68 2049 133 2093 non
156 2026 313 2094 inducant
298 2032 329 2102 t;
354 2048 467 2092 verum
490 2028 589 2110 longe
604 2027 767 2092 cautiores
783 2031 818 2093 et
835 2026 1079 2104 restrictiores
1071 2048 1104 2091 ιιι
1120 2026 1160 2092 iis
1176 2046 1249 2092 esse
1265 2025 1396 2104 debent,

69 2138 107 2182 eo
129 2116 216 2198 quod
240 2116 418 2200 periculum
442 2115 503 2181 hoc
525 2116 604 2200 ipsis
627 2116 756 2182 facilius
780 2116 914 2182 oriatur.

157 2231 211 2295 An
227 2250 418 2306 quassrruu
438 2232 477 2295 3¹¹²
500 2230 539 2297 R.
559 2233 587 2297 1.
634 2229 681 2296 Ut
705 2250 746 2294 ex
770 2250 848 2295 casu
871 2231 1020 2312 apparet,
1045 2230 1198 2311 querelae
1222 2228 1458 2297 Plautillae552

68 2339 168 2384 causa
191 2319 262 2384 viro
287 2324 363 2386 sunt
385 2319 606 2402 fnequentium
628 2323 848 2402 peccatorum.
883 2317 1172 2402 Quapropter-sub
1195 2318 1292 2401 gravi
1315 2318 1397 2384 obli·

68 2408 180 2490 ganda
202 2412 254 2473 est
276 2407 447 2487 Plautilla,
478 2413 516 2475 ut
538 2407 610 2473 viro
633 2429 670 2473 se
691 2412 845 2493 paratam
868 2407 1023 2474 exhibeat
1047 2407 1088 2473 ad
1111 2407 1295 2490 legitimum
1319 2428 1397 2472 oon·

68 2517 218 2580 gressum
243 2496 456 2580 coniugalem.

158 2602 197 2670 R.
223 2605 253 2669 2.
299 2602 402 2668 Immo
431 2602 494 2686 ipsi
524 2602 571 2668 illi
601 2608 695 2669 actus
725 2602 829 2669 mutui
858 2603 1043 2686 imperfecti
1066 2602 1220 2668 videntur
1248 2601 1297 2668 ita
1324 2621 1397 2666 esse

68 2697 193 2776 turpes,
217 2696 255 2757 ut
276 2713 336 2776 per
351 2713 387 2757 se
409 2692 594 2776 proximum
611 2692 800 2776 pollutionis
823 2693 1001 2776 periculum
1025 2713 1136 2757 secum
1156 2692 1282 2767 ferant3
1306 2691 1397 2756 ideo·

69 2802 131 2863 que
155 2780 202 2846 illi
225 2801 267 2846 ex
290 2802 327 2846 se
351 2784 389 2847 ut
411 2781 560 2863 graviter
582 2781 687 2848 illiciti
711 2781 823 2847 haberi
847 2781 982 2860 debent,
1014 2785 1114 2864 atque
1137 2785 1208 2847 tum
1231 2780 1302 2846 viro
1326 2783 1396 2846 turn

69 2870 164 2935 uxori
187 2873 322 2954 peccato
346 2870 442 2953 gravi
465 2874 551 2938 sunt.

158 2975 197 3041 R.
223 2978 253 3042 3.
300 2974 392 3051 Quod
415 2974 570 3040 Plautilla
594 2996 673 3040 vero
697 2974 852 3041 solitariis
876 2975 1019 3042 tactibus
1042 2975 1175 3040 libidine
1197 2974 1343 3051 fruet-ur,
1367 2973 1396 3039 ai

68 3065 130 3130 hoc
154 3065 194 3130 de
225 3065 387 3148 completa
416 3064 643 3131 satisfactione
672 3063 892 3147 intellegitur,
924 3065 1023 3131 etiam
1053 3066 1115 3130 hoc
1139 3063 1314 3130 Plautillae
1344 3065 1396 3127 est

68 3159 206 3238 peccato
230 3154 341 3236 gravi;
366 3153 482 3219 sinon
506 3175 544 3219 eo
568 3174 670 3235 usque
693 3154 866 3237 perveniat
889 3174 994 3236 neque
1017 3175 1120 3236 grave
1145 3154 1214 3219 eius
1238 3152 1284 3218 rei
1308 3151 1396 3236 peri·

70 3244 177 3308 culum
200 3242 262 3308 sibi
286 3248 385 3322 creet,
410 3264 475 3308 non
498 3243 647 3325 graviter
669 3242 808 3324 quidem,
832 3242 889 3308 sed
913 3241 1031 3309 leviter
1053 3250 1180 3327 peccat.
