3106 5168
163 266 228 331 206
320 262 361 317 De
378 261 527 318 virtutibus
545 267 573 317 et
591 263 689 319 officiis
707 280 773 332 erga
791 262 921 319 homines.
940 293 976 302 -
993 264 1102 319 Caritm
1118 264 1148 319 in
1165 266 1327 336 proximum.

162 438 236 504 vice
258 442 430 522 ageretur,
460 439 570 524 potius
593 439 739 505 domiso
762 438 946 517 continere;
977 440 1035 506 sed
1065 440 1142 523 quia
1163 438 1206 506 de
1227 438 1400 507 occasione
1422 440 1487 506 fre·

163 532 301 610 quanter
320 531 354 595 et
368 527 580 594 habitualiter
595 534 787 595 occurrente
803 529 923 612 agitur,
939 551 1005 595 aava
1014 537 1116 616 potest
1127 529 1261 597 Missam
1276 535 1487 615 praeceptam

163 617 354 701 neglegere,
383 639 447 684 aon
470 625 593 684 tenetur
615 618 734 684 liberos
762 618 871 685 exitus
894 618 1057 686 omittere.
1107 619 1165 686 ra.
1189 641 1230 686 m.
1254 619 1387 696 1‚635.
1413 622 1486 686 686.

463 835 679 902 sannnLI
703 834 921 901 EVITANDI
943 832 1188 904 OBLIGATIO.

717 991 828 1060 casus.
854 999 932 1069 (112)

251 1133 336 1193 Felix
358 1133 510 1205 diaconus,
532 1133 581 1210 qui
602 1133 633 1192 in
654 1133 813 1194 seminario
834 1133 941 1195 studiis
962 1139 993 1193 et
1014 1133 1112 1194 ascesi
1132 1133 1324 1194 immoderate
1344 1134 1486 1207 incubuit,

161 1233 216 1291 pro
236 1214 319 1273 feriis
346 1212 384 1273 ad
412 1213 541 1291 patrium
568 1214 728 1291 parochum
750 1214 921 1287 dimittitur,
952 1220 986 1273 ut
1005 1215 1086 1274 vires
1113 1219 1270 1274 restauret.
1319 1215 1391 1287 Qui,
1422 1235 1486 1274 cum

162 1294 311 1371 parochus
332 1314 369 1353 ex
390 1293 553 1372 improvisa
573 1293 753 1353 necessitate
775 1296 881 1354 abesse
902 1293 1027 1370 cogitur,
1049 1314 1087 1354 ex
1101 1295 1166 1354 eius
1183 1294 1390 1355 commissione
1412 1315 1486 1355 com·

161 1375 272 1452 pluries
286 1375 427 1451 baptizat,
450 1373 502 1434 sed
517 1381 660 1434 consueta
677 1375 758 1446 ,iura
773 1375 885 1434 stolae“
902 1374 1035 1446 remittit,
1057 1374 1127 1452 quia
1139 1375 1171 1434 in
1185 1394 1243 1435 uno
1259 1395 1330 1436 casu
1345 1383 1486 1453 expertus

162 1460 209 1514 est
235 1455 303 1514 iude
332 1455 406 1514 sumi
437 1474 541 1514 ansam
568 1454 724 1513 incusandi
750 1455 913 1531 parochum
934 1455 1066 1531 aliosque
1095 1455 1268 1515 sacerdotes
1289 1457 1437 1517 avaritiae
1457 1464 1487 1516 et

162 1534 349 1612 cupiditatis3
379 1554 445 1594 cum
467 1554 553 1594 curru
575 1534 644 1594 vehi
664 1535 768 1606 debet,
796 1540 830 1593 ut
849 1535 1050 1612 blasphemias
1072 1536 1194 1610 aurigae
1215 1536 1374 1612 impediat,
1399 1537 1485 1612 duplo

161 1615 228 1692 plus
249 1615 357 1686 solvit;
377 1614 409 1673 in
424 1633 511 1674 curru
525 1615 593 1675 viae
614 1616 729 1674 ferreae
749 1615 930 1674 breviarium
950 1615 1077 1675 recitare
1098 1634 1157 1675 non
1171 1616 1270 1687 audet,
1292 1636 1330 1675 ne
1351 1617 1485 1676 homines

161 1696 211 1772 qui
239 1695 327 1754 simul
350 1692 459 1754 adsunt
485 1695 645 1770 irreligiosi
666 1715 769 1754 ansam
791 1701 911 1755 sumant
930 1695 1156 1772 blasphemandi
1185 1702 1216 1755 et
1242 1695 1397 1772 religionis
1423 1697 1486 1757 irri-

162 1775 289 1846 dendae;
318 1794 413 1851 neque
439 1775 472 1834 in
492 1794 628 1851 caupona
655 1776 745 1835 audet
765 1774 986 1851 dispensatione
1007 1795 1025 1834 a
1045 1777 1112 1852 lege
1134 1776 1334 1836 abstinentiae
1360 1777 1422 1850 uti,
1449 1797 1485 1836 ne

161 1855 301 1914 catholici
322 1857 400 1915 forte
420 1870 594 1932 praesentes
615 1856 862 1917 scandalizentur.

162 1959 339 2029 Qussarrna
365 1966 486 2020 rectene
506 1961 688 2021 intellexerit
707 1962 793 2021 Felix
814 1961 978 2021 doctrinam
1000 1961 1036 2021 de
1057 1961 1214 2034 scandalo,
1236 1961 1372 2022 iudicans
1394 1981 1428 2023 se
1448 1963 1484 2022 ad

365 2043 518 2119 praedicta
538 2042 675 2101 facienda
696 2061 749 2102 seu
770 2042 934 2101 omittenda
953 2041 1088 2118 obligari.

756 2222 890 2291 Salutio.

98 2380 151 2433 405
250 2367 302 2431 An
319 2386 510 2442 Quaasmuu
533 2365 571 2432 R.
591 2368 619 2435 1.
659 2365 772 2443 Quoad
792 2370 944 2453 priscum,
961 2365 1022 2432 nisi
1038 2365 1182 2434 adfuerit
1198 2365 1372 2450 peculiaris
1387 2367 1483 2444 ratio,

160 2455 254 2521 Felix
274 2460 364 2522 recte
387 2476 452 2520 non
468 2455 546 2537 egit,
570 2476 642 2520 cum
662 2456 839 2539 parochum
854 2477 946 2520 suum
963 2456 1135 2523 fraudaret
1156 2455 1236 2533 iure,
1261 2456 1348 2539 quod
1370 2457 1484 2522 habuit

159 2565 220 2629 per
238 2544 328 2623 ,iura
343 2545 481 2623 stolae“,
505 2543 658 2610 videlicet
681 2544 751 2609 iure
766 2545 826 2611 tali
845 2544 940 2610 modo
957 2545 1165 2630 accipiendae
1180 2544 1339 2612 honestae
1354 2550 1484 2612 susten·

159 2633 305 2700 tationis.
356 2633 441 2700 Nam
474 2634 588 2699 fideles
619 2633 680 2698 hoc
712 2635 807 2699 modo
839 2635 1017 2700 secundum
1049 2634 1315 2701 consuetudinem
1346 2634 1411 2700 loci
1442 2634 1483 2699 ad

159 2722 327 2789 ministros
358 2722 526 2789 Ecclesiae
558 2724 789 2788 sustentandos
821 2728 975 2790 tenentur
1009 2728 1122 2806 atque,
1158 2723 1185 2788 si
1220 2745 1262 2789 ex
1296 2723 1483 2805 ignorantia

159 2812 348 2878 scandalum
372 2816 513 2890 sumant,
538 2811 715 2878 dedocendi
737 2815 823 2878 sunt.
845 2850 889 2858 -
912 2812 1009 2878 Aliud
1033 2816 1093 2889 est,
1117 2811 1201 2879 siin
1224 2812 1382 2896 peculiari
1405 2834 1482 2878 casu

158 2904 294 2986 propter
308 2900 497 2985 parochiani
512 2905 739 2985 paupertatem
764 2901 835 2966 sive
856 2899 978 2967 caritas
1001 2901 1071 2967 sive
1094 2901 1166 2985 ipsa
1185 2903 1241 2967 lex
1259 2901 1482 2968 ecclesiastica

157 2990 270 3058 iubeat
292 2989 471 3067 remittere,
496 3011 579 3073 quae
602 2989 685 3056 alias
708 2991 778 3056 iure
801 2990 1012 3074 accipiuntur.
1053 2990 1191 3057 Omnino
1215 2989 1301 3056 enim
1324 2991 1397 3057 vult
1420 2991 1481 3057 Ec·

158 3080 268 3158 clesia,
292 3101 334 3146 ne
349 3079 505 3145 eiusmodi
522 3078 777 3146 contributiones
795 3079 843 3145 ita
859 3079 1043 3162 exigantur,
1068 3085 1106 3146 ut
1128 3080 1170 3145 ab
1193 3100 1304 3145 earum
1321 3079 1482 3147 solutione

159 3169 342 3254 dependeat
365 3172 644 3234 sacramentorum
668 3168 918 3235 administratio.

247 3268 286 3334 R.
312 3270 341 3333 2.
381 3266 496 3349 Neque
519 3267 626 3348 quoad
649 3268 822 3332 secund-cm
847 3265 1004 3348 obligatio
1027 3266 1094 3332 ulla
1117 3265 1215 3331 Felici
1239 3271 1321 3343 erat,
1346 3269 1384 3332 ut
1406 3287 1481 3350 pro·

159 3355 235 3438 diga
258 3356 421 3423 solutione
443 3355 578 3438 aurigae
601 3355 760 3421 malitiam
783 3356 946 3433 vinceret;
977 3377 1053 3420 nam
1083 3354 1111 3420 si
1140 3356 1222 3420 haec
1245 3359 1346 3433 esset,
1378 3376 1480 3437 grave

158 3446 287 3510 omnino
317 3448 411 3511 fieret
442 3466 522 3510 onus
552 3444 717 3510 hominum
746 3444 890 3528 piorum,
921 3450 956 3511 et
986 3444 1123 3510 aliorum
1152 3443 1327 3510 insolentia
1355 3444 1481 3511 indies

157 3534 262 3615 magis
279 3538 465 3616 augeretur,
490 3556 562 3599 cum
578 3533 700 3600 scirent
722 3554 758 3600 se
780 3534 841 3600 hoc
865 3534 960 3598 modo
975 3533 1146 3618 pecuniam
1162 3554 1257 3616 posse
1274 3537 1479 3615 extorquere.

157 3661 201 3670 —
225 3623 259 3688 Si
282 3628 392 3689 tamen
416 3623 509 3688 Felix
532 3628 667 3707 propter
682 3624 850 3706 penuriam
866 3623 1001 3704 aurigae
1025 3623 1053 3688 ei
1078 3621 1220 3703 adquam
1239 3622 1480 3705 eleemosynam

158 3711 245 3776 ultra
269 3715 382 3777 taxam
407 3715 594 3777 consuetam
619 3712 697 3777 dare
720 3713 801 3789 vult,
826 3713 993 3778 exercebit
1015 3733 1096 3795 opus
1119 3711 1371 3778 misericordiae.

95 3817 147 3872 406
247 3809 285 3876 R.
306 3813 336 3875 3.
375 3809 487 3884 Quoad
502 3813 629 3874 tertium
645 3831 765 3888 casum,
789 3810 816 3875 si
836 3810 929 3875 Felix
951 3808 1122 3894 praevidet
1145 3808 1271 3891 aliquos
1294 3809 1481 3892 specialiter

157 3897 308 3979 religioni
331 3898 477 3963 infensos
500 3903 713 3981 prorupturos
738 3920 810 3964 esse
839 3899 871 3964 in
896 3898 1131 3982 blasphemias,
1163 3899 1289 3982 etipse
1313 3900 1480 3964 commode

158 3987 287 4052 differre
303 3992 413 4070 potest
429 3987 581 4053 breviarii
597 3987 834 4063 recitationem,
858 3989 940 4052 bene
956 3988 1037 4053 facit
1053 3987 1245 4061 differend03
1270 3986 1354 4053 alias
1370 3992 1479 4053 autem

157 4076 293 4141 istorum
316 4077 488 4159 impiorum
511 4077 675 4143 hominum
706 4078 791 4142 ratio
815 4078 964 4142 habenda
987 4098 1049 4141 non
1078 4082 1145 4153 est,
1177 4097 1282 4158 neque
1304 4080 1480 4161 propterea

156 4165 308 4230 recitatio
331 4166 535 4250 praescripta
559 4171 610 4232 est
633 4166 822 4243 ondttcnda,
847 4166 933 4249 quod
957 4166 1056 4248 aliqui
1079 4165 1169 4249 impii
1191 4166 1223 4230 id
1248 4186 1348 4248 aegre
1372 4165 1481 4232 ferant

157 4258 191 4321 et
215 4276 329 4319 ansam
352 4261 484 4321 sumant
507 4256 548 4321 ad
572 4260 709 4339 peccata
732 4256 795 4321 odii
819 4256 979 4338 augenda.

245 4353 283 4419 n.
304 4356 334 4419 4.
375 4352 487 4430 Quoad
511 4358 666 4436 altimum,
692 4354 777 4435 quod
800 4354 953 4422 videlicet
968 4353 1061 4418 Felix
1084 4352 1167 4418 nolit
1190 4373 1299 4417 coram
1324 4352 1399 4418 aliis
1415 4352 1478 4417 dis·

156 4441 348 4525 pensatione
371 4463 391 4507 a
414 4442 487 4525 lege
510 4443 728 4510 abstinentiae
753 4443 816 4508 uti:
845 4444 966 4526 optime
990 4441 1118 4524 quidem
1142 4442 1226 4523 agit,
1251 4442 1279 4507 si
1303 4442 1377 4508 aliis
1401 4442 1478 4508 cibis

156 4552 219 4595 uon
244 4533 325 4597 adeo
349 4532 484 4614 indiget,
509 4538 543 4598 et
566 4533 592 4595 ai
618 4532 716 4597 otiam
740 4553 812 4596 cunr
837 4532 945 4614 aliquo
969 4554 1027 4596 suo
1050 4530 1253 4596 incommodo
1277 4532 1319 4596 ad
1344 4531 1476 4597 aliorum

156 4622 413 4687 aedilicationem
438 4622 590 4699 attendit,
616 4623 691 4704 quia
715 4643 772 4704 pro
796 4622 943 4704 personis
967 4626 1001 4686 et
1023 4621 1102 4684 locis
1126 4619 1240 4685 aliisve
1264 4620 1476 4687 circumstan-
