3106 5168
488 263 640 331 Coniugnm
657 267 770 335 peccata
789 267 882 319 contra
902 264 1064 319 caetitatem.
1373 273 1438 342 279

113 440 172 507 sed
196 440 306 520 etiarn,
330 461 373 507 ne
395 439 523 508 ratione
545 441 711 524 sacrilegii
726 441 780 508 vel
799 440 1074 524 quasi-sacrilegii
1098 444 1294 526 peccaverit,
1322 445 1440 512 timen-

114 531 191 596 dum
221 535 282 598 est.
328 529 414 597 Nam
446 530 509 597 etsi
537 552 620 615 puer
646 531 702 596 illo
726 534 805 597 voto
834 530 966 615 privato
997 530 1138 596 nondum
1168 532 1270 599 fnen‘t
1299 555 1440 618 persona

114 640 226 699 sacra,
259 623 388 698 tamen,
420 620 497 701 quia
518 621 673 686 Lucullus
703 622 830 686 seduxit
858 641 916 686 seu
939 619 1130 687 scandalum
1154 623 1309 689 directum
1339 645 1440 707 puero

113 709 220 787 dedit,
250 712 387 793 peccato
417 730 476 774 suo
506 708 674 775 contraxit
697 708 867 793 specificas
889 708 1034 775 malitias
1057 708 1147 787 illas,
1179 712 1319 794 quaein
1349 714 1441 796 pueri
1493 794 1496 801 ἢ

114 802 249 882 peccato
272 797 401 875 insunt,
432 798 453 864 i.
478 818 506 864 e.
530 820 595 863 non
618 797 722 863 solum
746 798 913 877 luxuriae,
939 797 997 864 sed
1021 798 1119 864 etiam
1144 799 1226 865 laesi
1248 801 1317 867 voti
1341 803 1441 868 casti·

112 887 194 954 tatis
217 907 274 953 seu
291 889 561 974 quasi-sacritopii
582 886 752 954 malitiam.
792 886 840 954 cf.
857 887 987 971 Lugo,
1003 887 1054 953 De
1065 892 1186 974 poenit.
1204 888 1234 957 d.
1248 891 1298 968 16,
1317 894 1439 967 n.159;

114 975 483 1043 Ballerini·Palm.
507 981 550 1043 tr.
575 979 606 1054 5,
630 981 711 1043 sect.
736 978 767 1055 3,
791 998 823 1044 n.
850 979 923 1042 198.

202 1074 380 1140 Praeterea
404 1073 488 1156 quod
508 1073 626 1140 dicitur
640 1073 794 1140 Lucullus
816 1093 1015 1159 provocasse
1030 1095 1089 1139 suo
1106 1075 1256 1159 exemplo
1272 1075 1315 1141 ad
1331 1076 1441 1161 turpia

112 1183 186 1228 curn
217 1163 413 1229 animalibus
442 1162 587 1245 agenda,
619 1162 738 1247 duplici
768 1163 865 1230 titulo
892 1163 1047 1229 Lucullus
1077 1164 1263 1230 accuratius
1293 1166 1440 1231 confiteri

113 1253 221 1331 debet,
249 1252 326 1334 quid
342 1251 451 1318 fuerit.
490 1251 576 1316 Nam
599 1251 767 1318 siluerint
789 1252 850 1317 soli
872 1255 983 1318 tactus
1006 1251 1077 1317 sine
1098 1254 1219 1320 affectu
1242 1253 1284 1320 ad
1308 1254 1439 1333 animal,

111 1342 215 1407 babes
230 1341 335 1407 solam
351 1361 553 1407 communem
569 1339 752 1417 libidincm;
769 1341 797 1405 si
813 1362 892 1406 vero
908 1340 1064 1424 graviora
1080 1346 1185 1421 erant,
1203 1364 1287 1426 quae
1303 1344 1441 1411 tendant
1512 1398 1514 1402 Α

112 1431 154 1495 ad
179 1430 400 1508 concubitum,
427 1432 499 1494 tum
522 1429 555 1494 in
578 1429 704 1494 Luculli
727 1430 891 1513 exemplo,
915 1435 986 1497 tum
1008 1429 1042 1495 in
1065 1435 1201 1517 peccato
1224 1432 1317 1517 pueri
1340 1440 1441 1519 atque

112 1520 145 1584 in
178 1523 314 1603 peccato
344 1518 491 1585 scandali
514 1540 534 1584 a
557 1518 692 1583 Lucullo
722 1517 791 1583 dati
823 1519 925 1585 habes
954 1519 1113 1585 malitiam
1147 1521 1355 1589 bestialitatis.
1402 1522 1440 1587 ln

112 1629 211 1691 quarn
233 1607 383 1693 plurimis
406 1606 507 1690 igitur
529 1607 655 1673 Luculli
678 1606 838 1673 confessio
862 1610 935 1674 erat
958 1608 1149 1694 supplenda.

301 1844 497 1911 PECOATA
521 1843 755 1910 CONIUGUM
777 1879 822 1890 -
845 1843 921 1909 VIR
944 1843 1248 1912 INSOLESCENS.

669 2001 779 2067 Casus.
808 2007 884 2078 (162)

200 2139 334 2211 Fulvius,
356 2138 404 2198 vir
417 2139 564 2216 corruptis
585 2139 723 2211 moribus,
746 2142 783 2198 ab
804 2159 896 2199 uxore
917 2160 1002 2200 nsum
1024 2140 1156 2218 corporis
1177 2140 1261 2218 petit,
1283 2148 1315 2203 at
1336 2150 1438 2221 aperte

112 2241 145 2280 se
160 2221 238 2280 nolle
250 2220 320 2279 dicit
335 2226 433 2278 actum
447 2220 484 2277 ad
496 2220 715 2294 generationem
731 2220 903 2296 perfectum,
919 2221 971 2280 sed
986 2240 1069 2281 suam
1085 2222 1177 2280 solam
1193 2222 1438 2285 satisfactionem.

111 2301 220 2360 Mulier
240 2301 383 2360 eiusmodi
410 2300 602 2377 petitionibus
626 2319 715 2376 saepe
736 2305 894 2376 gravatur,
922 2320 1047 2367 renuere
1068 2301 1132 2360 sine
1154 2302 1285 2379 periculo
1306 2304 1437 2364 rixarum

111 2402 171 2441 non
192 2385 300 2458 potest.
341 2379 464 2450 Quaerit
490 2379 582 2455 igitur
603 2401 621 2439 a
642 2380 856 2453 confessario,
870 2400 939 2439 num
960 2382 1009 2440 vel
1030 2382 1172 2459 quomodo
1192 2383 1282 2442 liceat
1302 2384 1367 2444 viro
1389 2388 1438 2446 ob·

111 2464 284 2522 secundare.

111 2568 289 2638 Quanmrun
311 2569 340 2625 1⁰
365 2566 641 2706 quze·l?ongugibus
668 2571 769 2626 mutuo
796 2567 875 2626 inter
902 2586 935 2627 se
963 2586 1053 2643 agere
1073 2567 1177 2640 liceat,
1205 2588 1282 2646 quae
1304 2570 1439 2646 graviter

381 2666 390 2704 1
445 2667 454 2704 r
489 2667 505 2704 c
531 2666 557 2705 a.

308 2736 338 2793 2⁰
363 2666 432 2811 ‹spiid
453 2667 538 2794 nisolri
559 2735 589 2793 in
612 2754 683 2794 casn
704 2736 858 2795 dicendum
879 2736 927 2797 sit.

705 2917 840 2985 Solutio.

199 3060 252 3125 An
282 3080 473 3137 unansrrnn
503 3063 540 3124 1¹¹²
572 3061 610 3128 R.
645 3064 672 3127 1.
729 3061 805 3141 Sola
835 3082 875 3127 ea
904 3065 982 3127 sunt
1011 3061 1159 3144 graviter
1188 3062 1319 3142 illicita,
1351 3085 1497 3147 quae548

107 3154 186 3216 sunt
215 3157 326 3215 contra
354 3151 449 3233 finem
479 3150 694 3226 matrimonii,
726 3150 879 3217 videlicet
909 3150 1023 3216 effusio
1053 3150 1186 3216 seminis
1215 3153 1269 3217 vel
1293 3173 1435 3219 venerea

109 3240 262 3323 voluptas
285 3239 448 3322 completa
471 3242 569 3304 extra
597 3239 778 3321 legitimum
807 3261 1017 3322 congressum
1042 3239 1262 3322 coniugalem,
1294 3246 1353 3309 ant
1376 3263 1436 3309 eae

108 3328 255 3393 actiones
272 3348 356 3410 quae
371 3327 465 3392 huius
482 3327 647 3393 effusionis
662 3328 716 3393 vel
739 3329 856 3412 plenae
878 3328 1113 3395 satisfactionis
1136 3329 1315 3414 periculum
1330 3352 1435 3413 grave

106 3421 227 3483 natura
250 3438 310 3482 sua
333 3416 509 3495 inducunt,
541 3417 670 3500 quando
695 3418 850 3501 coniuges
873 3419 928 3484 vel
958 3418 1062 3485 nolint
1085 3420 1137 3483 vel
1167 3424 1332 3501 nequeant
1354 3420 1435 3487 illud

107 3527 312 3590 praevenire.

197 3611 236 3678 R.
262 3614 291 3678 2.
331 3611 366 3678 Si
389 3631 431 3676 ex
455 3611 576 3676 mutuis
600 3611 782 3677 actionibus
805 3612 982 3678 leviom'bus
1004 3633 1064 3697 per
1086 3613 1236 3679 accidens
1260 3619 1294 3681 et
1318 3620 1434 3682 contra

106 3701 321 3768 intentionem
342 3700 478 3785 pollutio
495 3704 661 3782 sequatur,
685 3700 717 3765 id
734 3722 798 3765 non
815 3701 926 3779 efficit,
950 3706 987 3768 ut
1003 3701 1160 3768 eiusmodi
1183 3702 1323 3770 leviores
1339 3709 1433 3772 actus

108 3789 298 3872 coniugibus
328 3790 394 3857 sint
424 3789 572 3873 graviter
595 3789 828 3873 peccaminosi,
860 3790 989 3857 etiarnsi
1012 3791 1170 3857 eiusmodi
1199 3792 1286 3859 inter
1307 3795 1433 3862 solutos

106 3885 227 3946 essent.

195 3986 234 4052 R.
260 3988 290 4055 3.
337 3985 427 4063 Quae
449 3985 551 4068 igitur
574 4007 637 4052 non
662 3987 981 4072 comprehenduntur
1003 3986 1090 4054 inter
1113 4009 1163 4067 ea,
1188 4009 1272 4072 quae
1294 3989 1327 4055 in
1350 3990 1389 4056 R.
1412 3992 1428 4055 1

105 4075 195 4143 dicta
218 4080 295 4143 sunt
318 4075 467 4159 graviter
488 4075 612 4154 illicita,
637 4076 719 4142 haec

197 4175 230 4256 1)
260 4174 358 4258 plane
380 4172 471 4239 licita
495 4179 573 4240 sunt
595 4173 663 4255 (vel
687 4173 787 4240 etiarn
810 4173 952 4256 debita),
983 4173 1010 4239 ei
1040 4175 1082 4240 ad
1105 4176 1204 4240 finem
1231 4175 1430 4242 matrimonii

105 4262 294 4341 conferunt,
328 4262 398 4327 sive
430 4262 472 4328 ad
495 4264 592 4328 finem
615 4263 804 4347 primarium
827 4263 898 4328 sive
921 4262 963 4329 ad
987 4263 1214 4329 secundarium
1237 4265 1290 4329 vel
1313 4264 1355 4329 ad
1378 4265 1429 4330 fo·

104 4352 246 4418 vandum
266 4372 409 4417 amorem
432 4358 596 4425 mutuum:
621 4352 727 4436 magis
750 4353 850 4418 etiarn
873 4352 905 4418 id
922 4352 1013 4420 valet
1028 4354 1134 4435 quoad
1157 4374 1230 4418 eum
1247 4353 1427 4435 coniugem,

104 4441 159 4524 qui
183 4440 320 4508 alterius
342 4440 493 4525 petitioni
517 4442 728 4519 obsecundat,
753 4463 817 4506 nen
841 4463 901 4507 sua
924 4446 1040 4526 sponte
1064 4442 1105 4508 ab
1129 4442 1234 4508 altero
1258 4442 1360 4525 petit;

195 4541 229 4623 2)
252 4538 381 4604 veniale
396 4545 473 4607 sunt
488 4543 671 4624 peccatum,
694 4539 722 4604 ei
737 4539 955 4624 intemperate
971 4546 1103 4623 praeter
1118 4539 1316 4606 matrimonii
1331 4541 1427 4606 finem

102 4634 300 4696 exercentur
331 4629 402 4694 sola
431 4628 612 4713 voluptatis
645 4646 763 4694 causa:
796 4634 832 4695 at
863 4650 904 4695 ne
934 4628 1062 4695 veniale
1094 4628 1223 4711 quidem
1256 4633 1429 4714 peccatum
