3106 5168
299 292 434 348 Bonorum
452 309 486 348 ao
503 292 604 375 iunium
621 291 706 347 laesio
724 321 759 330 -
777 291 911 346 iniustitia
927 294 1019 360 prauis
1037 294 1085 346 aut
1102 293 1172 346 levia.
1335 295 1398 359 317

75 469 162 537 tanti
185 467 323 546 valoris,
355 490 439 552 quae
468 468 646 551 requiritur
674 489 734 552 pro
757 467 888 534 diversa
911 472 1019 535 status
1042 468 1231 535 condicione
1254 467 1296 534 ad
1319 468 1401 535 coti-

76 560 208 626 dianam
230 558 478 643 patrisfamilias
500 579 573 623 cum
595 557 663 622 suis
685 558 968 635 sustentationem,
992 557 1047 623 vel
1065 578 1225 623 summam
1248 557 1402 623 cotidiani

77 650 158 715 lucri
182 648 268 731 quod
296 648 405 714 solent
432 647 543 713 facere
566 646 709 713 eiusdem
733 645 930 713 condicionis
952 646 1108 713 homines.
1154 646 1202 713 cf.
1227 646 1259 715 S.
1284 645 1400 731 Alpb.

77 740 98 804 l.
123 760 150 805 c.
175 758 207 804 n.
231 738 314 814 383,
338 758 370 819 q.
394 739 431 815 2;
460 735 653 820 Aertnijs
675 735 731 802 lib.
756 740 793 812 3,
818 757 849 802 u.
875 737 949 803 287.
995 735 1104 802 Aliter
1126 752 1218 801 sume
1241 756 1300 818 pro
1324 757 1402 820 ope·

77 827 173 893 rariis
196 824 368 892 ordinariis
391 825 521 892 circiter
545 828 720 903 3marcas,
743 846 803 910 pro
826 825 1009 890 bominibus
1031 825 1184 891 fortunae
1207 824 1315 892 tenuis
1339 825 1402 890 cir·

78 917 160 982 citer
184 917 203 981 5
227 935 306 992 ma,
335 935 395 999 pro
418 913 626 980 mediocriter
649 914 803 980 divitibus
826 917 936 980 8-10
959 935 1039 993 ma,
1062 935 1121 999 pro
1145 934 1224 979 vere
1247 913 1403 980 divitibus

80 1009 120 1070 15
137 1026 198 1071 mc.
218 1004 272 1069 vel
288 1003 385 1071 ultra.
425 1004 459 1069 Si
474 1003 560 1086 quod
583 1004 706 1070 furtum
729 1005 768 1070 fit
790 1006 905 1069 contra
927 1003 1090 1069 hominem
1113 1023 1192 1068 vare
1215 1022 1402 1088 pauperem,

78 1095 172 1250 {gallor
197 1097 213 1159 1
207 1114 368 1248 fferam}
391 1092 573 1248 {eglminus
596 1091 746 1159 sufficere
769 1093 900 1159 omnino
923 1096 1033 1177 potest
1056 1092 1098 1158 ad
1120 1096 1292 1176 peccatum
1316 1113 1403 1157 mor·

128 1205 156 1249 e.
257 1205 378 1259 .m.,
472 1234 479 1248 .

168 1279 235 1345 Alii
257 1286 410 1346 auctores
433 1283 582 1345 recentes
612 1278 697 1344 idem
720 1279 790 1344 fere
813 1283 974 1346 statuunt.
1021 1277 1219 1345 Palmieri
1249 1277 1282 1343 in
1312 1279 1404 1344 Bal·

78 1369 223 1446 lerini,
257 1371 344 1455 Opas
367 1370 454 1436 theol.
479 1391 556 1435 mor.
587 1373 629 1434 tr.
655 1370 692 1446 8,
717 1391 748 1453 p.
774 1371 810 1446 2,
835 1390 867 1434 n.
892 1370 933 1434 67
958 1372 1053 1435 notat
1082 1368 1187 1434 relate
1217 1368 1259 1433 ad
1284 1366 1405 1435 divites

78 1461 288 1543 praestantes
318 1479 383 1523 non
414 1463 524 1524 tamen
555 1457 819 1540 opulentissimos
842 1457 992 1523 sufficere
1023 1460 1109 1523 3-4
1133 1477 1251 1522 aureos
1274 1455 1307 1540 (l
1333 1478 1403 1524 aur.

80 1549 155 1614 circ.
173 1550 192 1611 5
208 1545 292 1627 fra),
315 1567 376 1631 pro
392 1547 546 1611 divitibus
563 1546 735 1612 ordinariis
752 1549 838 1612 2-3
855 1567 982 1625 aureos,
1005 1567 1065 1630 pro
1080 1546 1264 1612 hominibus
1279 1545 1405 1611 mediae

81 1638 234 1702 fortunae
259 1638 275 1700 1
302 1656 382 1712 aur,
407 1640 441 1702 et
464 1635 511 1700 sic
534 1657 641 1719 porro.

169 1732 441 1810 D’Annibale,
466 1735 632 1798 Summula
648 1733 689 1810 ll,
707 1736 772 1799 220
787 1769 809 1800 n.
825 1759 849 1799 m
869 1733 917 1799 ita
938 1732 1073 1799 statuit:
1097 1733 1238 1799 Materia
1255 1732 1405 1799 absolute

80 1823 194 1906 gravis
218 1824 261 1887 30
284 1821 360 1899 frc,
383 1822 488 1888 relate
511 1824 553 1886 ad
577 1821 744 1906 operarios
767 1824 818 1889 vel
843 1823 975 1906 opifices
999 1822 1130 1903 2-2¹la
1154 1822 1230 1899 fra,
1255 1822 1297 1887 ad
1320 1841 1406 1887 mer·

81 1917 211 1979 catores
234 1932 293 1994 pro
317 1910 447 1976 diversa
470 1910 657 1977 condicione
682 1913 756 1992 2¹l2‚
781 1917 812 1989 4,
837 1915 857 1977 8
880 1911 958 1989 fra,
984 1911 1027 1976 ad
1050 1910 1169 1977 divites
1194 1913 1303 1977 7-10
1326 1910 1405 1988 frc.;

82 2000 188 2103 quoad
213 1999 464 2067 communitates
487 2021 545 2065 seu
568 2021 726 2084 personas
750 2002 891 2067 morales
918 2003 1047 2066 10—20
1071 1999 1129 2067 fro.

171 2099 427 2176 Bucceroue‚
452 2099 669 2164 Institutiones
692 2099 878 2164 theotmar.
904 2099 929 2174 I,
953 2118 1060 2182 praec.
1079 2099 1121 2175 7⁰,
1145 2119 1176 2163 11.
1194 2099 1258 2163 448
1275 2101 1309 2164 et
1325 2099 1405 2163 450:

82 2188 224 2254 Materia
246 2187 395 2254 absolute
418 2187 530 2268 gravis
554 2187 630 2252 circ.
651 2189 694 2252 30
709 2185 786 2263 frc.;
811 2188 916 2254 relate
939 2187 980 2252 ad
1004 2186 1170 2270 operarios
1194 2207 1251 2252 seu
1274 2185 1406 2270 opifices

83 2279 170 2342 2-3
194 2276 271 2352 frc.;
301 2277 405 2342 relate
429 2276 470 2340 ad
501 2275 648 2341 homines
671 2275 814 2342 melioris
837 2276 990 2343 fortunae
1017 2279 1104 2342 5-6
1128 2276 1205 2352 fro.;
1235 2275 1340 2341 relate
1363 2275 1405 2340 ad

82 2365 264 2432 ordinarios
287 2364 407 2430 divites
430 2368 550 2442 9-10,
574 2365 682 2446 quoad
705 2366 925 2449 opulentiores
949 2368 1096 2440 10-15;
1120 2365 1225 2432 relate
1248 2364 1290 2429 ad
1313 2363 1407 2431 ditis-

84 2455 185 2520 simos
207 2454 347 2519 materia
370 2454 519 2519 absolute
542 2453 664 2536 gravis.

172 2550 317 2619 Attende
339 2556 461 2629 tamen,
484 2573 543 2634 pro
564 2551 665 2617 variis
688 2552 876 2635 regionibus
898 2553 1025 2619 variam
1049 2573 1121 2618 esse
1143 2551 1301 2636 pecuniae
1323 2551 1408 2617 rari·

82 2645 188 2707 tatem
211 2646 246 2707 at
269 2640 539 2707 aestimationem.
576 2640 682 2717 Quare
705 2663 853 2709 normam
875 2643 917 2707 ab
941 2641 1128 2708 auctoribus
1151 2641 1246 2707 modo
1271 2641 1405 2708 allatam

82 2730 196 2796 forsan
218 2734 309 2796 recte
333 2730 478 2797 tenueris
507 2751 566 2814 pro
589 2727 776 2813 regionibus
806 2732 912 2798 miuus
935 2730 1106 2808 divitibus3
1139 2751 1287 2796 normam
1312 2752 1332 2796 a
1355 2751 1406 2795 ma

82 2825 243 2886 statutam
267 2840 326 2903 pro
349 2819 536 2901 regionibus
559 2819 641 2885 satis
665 2819 834 2899 divitibus,
859 2826 897 2887 ut
920 2820 1109 2898 Germania,
1135 2819 1251 2897 Gallia,
1276 2820 1405 2902 Belgio;

83 2930 142 2991 pro
167 2909 363 2990 regionibus,
389 2929 472 2990 quae
497 2908 620 2974 divitiis
643 2908 816 2987 excedunt,
841 2931 872 2976 v.
889 2930 921 2991 g.
945 2908 1076 2992 Anglia,
1100 2909 1253 2976 Ameriae
1275 2912 1407 2992 septen·

83 2997 227 3075 trionali,
250 2997 350 3064 etiam
374 3019 520 3063 normam
545 2997 746 3081 ampliorem.

172 3119 226 3185 An
249 3142 440 3197 ouansrruu
468 3124 507 3186 2ΙΙ
536 3122 576 3187 a.
603 3124 632 3188 1.
678 3121 780 3189 Furta
809 3121 935 3187 minuta
965 3142 1022 3186 seu
1047 3120 1176 3203 singula
1204 3121 1237 3185 in
1267 3119 1468 3193 materiatae

83 3210 149 3275 levi
173 3210 362 3276 coalescunt
387 3210 420 3292 1)
444 3231 486 3275 ex
509 3210 691 3276 intentione
715 3211 813 3288 furis,
845 3211 900 3292 qui
923 3209 1064 3277 intendit
1086 3210 1224 3276 totalem
1246 3229 1407 3275 summam

84 3319 221 3381 gravem
237 3300 367 3364 auferre
384 3300 437 3366 vel
460 3303 535 3384 post
556 3299 731 3366 intervalla
746 3300 837 3366 furta
852 3304 1011 3384 repetere,
1036 3300 1114 3365 licet
1129 3298 1267 3381 singulis
1281 3298 1407 3364 vicibus

84 3393 194 3454 sumat
216 3410 349 3471 parum;
374 3389 408 3471 2)
432 3389 501 3454 sine
516 3389 574 3453 illa
589 3388 770 3455 intentione
789 3410 830 3455 ex
847 3409 895 3466 eo,
920 3388 1006 3471 quod
1022 3388 1075 3453 fur
1090 3388 1219 3454 demum
1235 3387 1407 3453 materiam

84 3498 221 3559 gravem
245 3478 421 3544 advertens
444 3477 604 3555 detineat,
637 3478 691 3544 vel
714 3478 776 3545 etsi
803 3500 868 3543 non
891 3477 1038 3543 detineat
1060 3482 1172 3544 tamn
1195 3477 1265 3543 sine
1287 3496 1407 3560 magno

85 3567 261 3633 intervallo
285 3566 463 3633 advertens
486 3568 658 3651 compleat.

174 3671 214 3738 R.
239 3673 268 3737 2.
316 3671 377 3748 Qui
400 3673 507 3756 priore
530 3672 626 3737 modo
650 3672 691 3737 ab
715 3671 807 3737 initio
832 3671 1045 3739 intentionem
1068 3671 1169 3737 habet
1198 3670 1409 3756 perveniendi

85 3761 127 3827 ad
150 3781 287 3843 gravem
311 3761 492 3838 materiam,
517 3761 629 3828 statim
653 3761 758 3845 primo
781 3761 870 3828 furto
894 3766 928 3827 at
951 3761 1089 3843 singulis
1112 3761 1238 3827 viribus
1261 3761 1410 3844 graviter

86 3853 217 3934 peccat;
248 3870 353 3932 neque
383 3852 424 3915 ad
453 3871 555 3933 grave
583 3853 753 3933 peccatum
777 3850 915 3933 amplior
936 3850 1114 3932 requiritur
1137 3871 1280 3928 summa,
1311 3871 1407 3932 quam

85 3959 170 4022 quae
192 3938 314 4005 sufficit
336 3938 369 4003 in
392 3938 550 4021 singulari
573 3940 672 4005 furto.
711 3939 747 4004 ln
765 3940 878 4005 ordine
900 3940 943 4005 ad
967 3939 1203 4005 confessionam
1219 3945 1329 4006 autem
1347 3939 1409 4004 dici

85 4031 196 4112 potest
218 4027 334 4093 adessa
357 4032 526 4111 peccatum
556 4051 687 4094 crucnero
713 4052 813 4095 caum
836 4029 890 4094 diu
913 4030 1147 4096 continuatum.
1173 4064 1216 4074 -
1245 4028 1307 4107 Qui
1329 4049 1408 4093 vero

85 4118 171 4184 hanc
192 4117 407 4183 intentionem
430 4117 562 4183 minime
586 4119 694 4196 habet,
719 4118 776 4184 sed
801 4123 837 4185 ut
859 4118 892 4182 in
916 4119 954 4184 R.
982 4122 996 4183 1
1024 4118 1091 4184 dixi
1115 4119 1244 4183 demum
1267 4117 1410 4199 complet

86 4227 222 4289 gravem
251 4206 440 4283 materiam,
472 4211 624 4272 censetur
647 4229 710 4274 non
734 4211 802 4273 tam
826 4207 922 4273 facile
946 4207 987 4273 ad
1015 4211 1185 4291 peccatum
1208 4226 1311 4288 grave
1334 4225 1408 4290 per-

87 4295 215 4373 venire,
246 4317 343 4379 quam
367 4294 396 4360 si
419 4317 484 4362 una
508 4296 578 4362 vice
601 4297 784 4374 furaretur,
814 4297 872 4362 sed
902 4301 988 4374 tum,
1021 4297 1149 4378 quando
1174 4297 1306 4360 stiricidio
1335 4297 1409 4379 plue

86 4384 281 4468 sumpserit,
315 4385 343 4449 si
374 4406 438 4450 uno
471 4386 648 4468 eodemque
681 4387 809 4451 domino
842 4406 896 4451 ras
928 4406 1006 4451 suas
1037 4386 1164 4459 aufert;
1198 4386 1294 4468 duffio
1323 4386 1407 4467 plus,

86 4475 115 4539 si
145 4473 290 4557 pluribus
319 4473 423 4555 iisque
447 4475 601 4551 diversis,
632 4475 752 4540 nemini
781 4495 850 4539 rem
881 4474 1072 4559 simpliciter
1101 4493 1237 4555 gravem
1268 4471 1406 4537 auferat.

86 4562 203 4646 Neque
231 4567 343 4629 tamen
373 4584 525 4646 umquam
556 4565 644 4629 ultra
674 4567 715 4629 30
745 4584 805 4629 mc.
837 4564 970 4629 ascendi
999 4584 1095 4646 posse
1127 4566 1204 4645 puto
1234 4561 1303 4626 sine
1333 4581 1408 4644 pec·

87 4658 163 4720 cato
186 4651 291 4734 gravi.
