3106 5168
652 262 727 318 Vitia
746 263 882 334 capitalia.
1389 265 1430 330 75

103 437 282 509 Quramruu
304 441 334 498 1⁰
358 459 433 516 quae
455 441 495 499 sit
516 438 662 516 superbia.

302 529 333 587 2⁰
357 528 473 604 quaudo
489 528 627 604 superbia
648 527 688 587 sit
708 533 862 605 peccatum
884 527 1018 598 mortale,
1041 528 1156 604 quando
1170 527 1287 588 veniale
1301 533 1429 600 tantum;

360 608 476 684 quando
497 608 650 668 iactantia.

304 699 334 756 3ο
358 698 503 773 quomodo
524 696 715 774 peccaverint
736 697 815 755 Rufa
835 702 866 756 et
887 696 1019 756 Rufinus.

303 788 334 844 4⁰
358 805 433 862 quae
454 786 584 846 remedia
605 791 709 846 contra
731 785 898 862 superbiam
920 786 982 845 eint
1001 786 1039 845 iie
1060 787 1237 863 praebenda.

702 968 837 1036 solutio.

194 1110 248 1176 An
271 1131 462 1186 ouansrruu
488 1112 525 1174 1¹²²
549 1110 587 1175 R.
608 1113 635 1176 1.
676 1109 834 1195 Superbia
856 1109 890 1175 in
913 1130 1033 1193 genere
1056 1114 1108 1176 est
1131 1110 1336 1176 inordinatus
1356 1122 1492 1194 pro-147

104 1199 429 1355 iniilfgsxteaetiiinffiae
445 1198 620 1284 appetitus.
661 1198 722 1276 Qui
744 1200 856 1267 multis
879 1200 1009 1282 quidem
1033 1199 1137 1264 modis
1160 1199 1376 1267 committ'bur
1399 1203 1432 1266 et

196 1386 234 1453 R.
260 1390 291 1452 2.
338 1384 559 1468 Distinguitur
582 1385 740 1471 imprimis
770 1385 924 1471 superbia
947 1386 1109 1470 completa
1139 1390 1173 1452 eb
1201 1387 1354 1470 superbia
1383 1387 1432 1451 in·

105 1477 286 1561 completa:
311 1476 473 1559 completa
496 1475 624 1553 dicitur,
649 1495 713 1558 qua
736 1475 809 1557 quis
832 1474 1066 1542 subiectionem
1090 1475 1219 1541 omnino
1243 1475 1359 1552 abicit3
1383 1474 1432 1540 in·

105 1565 281 1648 completa,
298 1585 363 1647 qua
378 1565 461 1647 quis,
485 1565 579 1630 salva
595 1564 795 1631 subiectione
811 1564 1007 1642 necessaria,
1028 1566 1101 1649 plus
1118 1566 1245 1650 appet't
1261 1565 1432 1644 excellere,

105 1675 205 1737 quam
236 1653 298 1719 sibi
328 1655 491 1731 convenit,
521 1654 659 1736 ideoque
682 1654 777 1738 plura
800 1653 967 1738 possidere
991 1654 1090 1739 cupit,
1116 1655 1232 1737 quibus
1258 1675 1339 1739 prae
1361 1653 1434 1719 aliis

105 1744 264 1821 excellat,
295 1743 350 1808 vel
381 1743 415 1808 iu
443 1743 500 1820 iis,
532 1764 616 1825 quae
645 1743 758 1820 habet,
790 1742 885 1808 nimie
915 1743 978 1808 sibi
1001 1744 1182 1829 complacet
1206 1764 1309 1826 eaque
1331 1743 1434 1828 pluris

105 1833 264 1898 aestimat
287 1832 456 1915 magisque
479 1832 541 1898 sibi
563 1831 719 1908 vindicat,
742 1853 838 1914 quam
862 1853 922 1917 par
945 1837 1006 1899 est.

197 1938 235 2004 R.
262 1940 292 2004 3.
339 1936 497 2021 Superbia
527 1959 591 2003 non
622 1938 802 2004 collocatur
830 1938 961 2023 proprio
990 1938 1078 2004 inter
1109 1943 1247 2024 peccata
1280 1938 1435 2023 capitalia

105 2028 165 2093 sed
188 2047 289 2111 supra
311 2027 378 2105 illa,
403 2026 496 2109 quasi
519 2027 593 2092 fons
617 2031 651 2093 et
674 2026 766 2110 origo
790 2027 943 2094 omnium.

198 2125 357 2191 Oriuntur
379 2129 490 2191 autem
513 2147 556 2191 ex
579 2125 732 2210 superbia
755 2125 914 2209 imprimis
937 2125 1034 2190 hacc:

198 2224 231 2306 a)
256 2221 380 2289 directe
403 2227 517 2308 utpote
540 2226 678 2306 peccata
701 2228 858 2304 cognata:
884 2224 1013 2289 ambitio
1037 2223 1254 2301 (inordinatus
1269 2223 1435 2308 appet‘tus

106 2312 267 2377 bonorum
292 2316 326 2378 et
349 2312 576 2395 dignitatum);
594 2315 814 2399 praesumptio
838 2312 1020 2396 (appetitus
1042 2312 1254 2395 aggrediendi
1277 2334 1326 2391 ea,
1352 2334 1436 2396 quae

106 2402 198 2467 viros
228 2401 417 2485 superant);
451 2424 535 2468 vana
562 2404 667 2487 pieria
699 2400 917 2482 (inordinatus
948 2402 1115 2486 appetitus
1144 2403 1306 2468 humanae
1336 2402 1436 2469 aesti-

107 2490 263 2556 mationis
287 2495 321 2557 et
343 2491 459 2570 laudis,
484 2491 626 2556 maxime
650 2512 692 2557 ex
714 2493 812 2557 rebus
834 2491 1015 2575 inanibus);

199 2589 233 2670 b)
257 2587 431 2654 indirecte:
458 2591 639 2675 pertinacia
662 2589 863 2667 (inordinata
886 2588 1041 2655 adhaesio
1064 2588 1187 2673 proprii
1202 2587 1343 2671 iudicii);
1368 2591 1436 2655 die·

107 2679 222 2744 cordia
255 2686 283 2743 et
315 2680 485 2762 contentia·
517 2681 704 2744 aoatametia
736 2676 871 2756 (iniusta
903 2678 1003 2744 laesio
1036 2676 1198 2760 honoris);
1232 2682 1436 2744 temerariam

110 2769 266 2832 iudicium
290 2771 324 2833 et
348 2769 499 2832 detractio
523 2766 659 2847 (iniusta
681 2768 786 2832 bonae
810 2767 917 2833 famae
939 2766 1066 2850 laesio).

199 2883 252 2946 An
275 2901 466 2957 ouansrruu
491 2884 529 2945 2¹²²
553 2880 592 2946 R.
616 2883 642 2946 l.
690 2880 848 2964 Superbia
870 2884 982 2965 potest
1004 2884 1175 2966 peccatum
1200 2880 1339 2946 mortale
1364 2901 1436 2947 esee
1447 2889 1497 2944 148

106 2971 237 3038 ratione
267 2970 333 3039 sui:
367 2973 477 3053 potest
500 2973 689 3054 praeterea,
721 2969 850 3035 etiamsi
878 2969 1006 3036 ratione
1029 2970 1079 3034 sui
1102 2975 1273 3054 peccalum
1297 2971 1436 3035 mortale

108 3061 253 3126 nondum
276 3059 330 3137 sit,
355 3059 396 3124 ad
420 3058 573 3126 mortalia
596 3063 733 3142 peccata
756 3059 884 3125 ducere.

199 3166 237 3232 R.
263 3169 294 3232 2.
344 3164 485 3230 Ratione
518 3164 569 3229 eui
603 3163 757 3247 superbia
790 3168 961 3248 peccatum
997 3164 1136 3229 mortale
1171 3169 1238 3242 est,
1273 3164 1301 3229 si
1336 3163 1437 3231 fuerit

108 3255 263 3340 superbia
281 3257 439 3340 completa,
461 3253 615 3319 videlicet
637 3253 665 3317 si
689 3252 761 3335 quis
785 3253 867 3320 nolit
885 3255 954 3318 Deo
974 3253 1156 3335 divinisque
1176 3252 1341 3319 mandatis
1360 3255 1436 3318 sub·

108 3345 227 3422 iacere,
258 3343 292 3409 id
321 3343 488 3424 indignum
519 3342 676 3420 iudicans,
708 3363 746 3407 ao
776 3342 805 3406 si
834 3342 946 3409 laedat
968 3342 1133 3426 propriam
1164 3342 1368 3425 dignitatem.
1392 3381 1436 3391 -

108 3435 200 3500 Idem
225 3433 276 3497 dic
299 3432 340 3498 de
363 3453 411 3509 eo,
437 3431 491 3514 qui
515 3453 557 3497 ex
580 3432 636 3497 illo
653 3432 777 3497 motivo
793 3437 924 3498 recuset
943 3431 1112 3498 subiacere
1131 3432 1257 3514 legibus
1275 3433 1435 3509 humanis,

108 3527 225 3608 utpote
249 3543 332 3604 quae
354 3521 388 3586 in
411 3522 481 3586 Deo
497 3521 687 3604 legislatore
703 3521 890 3587 fundentur.
930 3521 977 3586 cf.
1003 3522 1058 3588 rt.
1075 3545 1116 3587 ra.
1134 3521 1158 3599 1,
1173 3524 1254 3599 735;
1279 3521 1435 3600 Reater,

114 3614 219 3678 Tbeol.
243 3634 321 3677 mor.
347 3610 388 3688 ΙΙ,
412 3633 443 3678 n.
467 3614 539 3688 154,
564 3616 599 3678 et
621 3611 789 3694 Neo-conf.
813 3633 844 3677 n.
864 3612 906 3676 56
923 3632 994 3693 sqq.

199 3717 239 3785 R.
263 3720 294 3784 3.
341 3716 406 3781 Alii
430 3717 569 3783 affectus
595 3715 629 3780 in
651 3715 816 3801 propriam
840 3716 1070 3783 excellentiam
1093 3714 1227 3798 eiusque
1250 3714 1437 3782 aestimatio

109 3829 175 3873 non
199 3810 277 3873 suut
299 3827 342 3872 ex
365 3809 485 3871 natura
508 3827 568 3871 sua
590 3809 762 3888 peccatum
785 3805 958 3888 superbiae
981 3805 1130 3881 mortale,
1157 3826 1195 3870 eo
1220 3805 1306 3887 quod
1328 3825 1437 3870 esseu-

109 3897 223 3964 tialem
252 3916 334 3978 erga
356 3896 461 3960 Deum
484 3895 718 3960 subiectionem
747 3916 812 3959 uon
835 3894 1030 3960 excludant:
1063 3897 1140 3959 suut
1169 3898 1281 3960 tamen
1311 3893 1438 3960 fortilca

109 3990 242 4068 segetes
264 3987 484 4070 peccatorum,
510 3984 610 4050 ctiam
633 3984 830 4061 mortalium,
854 3982 1012 4068 imprimis
1035 3982 1236 4061 iniuriarum,
1260 4003 1343 4065 quae
1365 3983 1437 4049 aliis

108 4076 304 4142 inferantur.
600 4083 605 4087 “

200 4172 238 4239 R.
263 4176 294 4239 4.
341 4171 521 4248 lactantia,
555 4174 712 4253 quantum
745 4169 825 4236 dicit
856 4169 940 4234 nude
972 4169 1144 4251 gloriolam
1177 4190 1294 4253 capere
1327 4191 1368 4234 ex
1401 4189 1437 4233 re

109 4263 180 4329 sive
197 4284 276 4328 vera
298 4260 369 4325 sive
392 4260 487 4337 falsa,
511 4279 554 4325 ex
576 4281 613 4326 se
636 4259 765 4325 veniale
787 4262 958 4344 peccatum
982 4263 1043 4336 est,
1068 4260 1130 4324 etsi
1155 4279 1197 4323 ex
1219 4258 1435 4341 gravioribus.

109 4354 234 4418 Verum
257 4372 377 4415 novum
401 4353 573 4435 peccatum
597 4348 752 4414 accedere
775 4351 885 4433 potest
915 4368 957 4412 ex
987 4369 1033 4426 re,
1067 4348 1106 4413 de
1130 4368 1195 4430 qua
1224 4347 1341 4428 aliquis
1365 4347 1435 4427 glo·

109 4443 225 4508 riatur.
262 4441 347 4506 Nam
369 4439 409 4505 de
430 4460 466 4505 re
486 4439 723 4522 peccaminosa,
741 4441 821 4521 puta
836 4436 1021 4502 mortaliter
1037 4437 1273 4520 peccaminosa,
1290 4434 1434 4517 gloriari,

109 4533 282 4616 peccatum
306 4530 444 4595 mortale
468 4532 528 4605 est,
562 4528 632 4593 sive
662 4527 706 4593 sit
730 4547 843 4591 verum
873 4526 943 4590 sive
966 4528 1080 4591 fictum
1103 4530 1282 4608 peccatum,
1308 4525 1347 4588 de
1372 4544 1434 4604 quo

110 4620 280 4705 glorietur.
330 4618 433 4683 Immo
466 4616 621 4683 facillime
652 4617 686 4680 in
718 4616 778 4681 tali
810 4614 969 4680 iactantia
1001 4619 1070 4680 tres
1101 4614 1246 4678 malitiae
1279 4613 1435 4678 mortales
