3106 5168
153 252 195 316 74
719 247 760 303 Da
780 249 910 319 peccatis.

240 426 277 491 ln
302 425 463 491 desiderio
493 426 719 493 condicionato
743 426 833 493 vitae
864 425 1055 510 coniugalis,
1083 426 1113 492 61
1141 426 1241 493 fuerit
1264 426 1481 493 deliberatum

152 515 348 582 desiderium
371 515 539 599 appetitus
561 515 719 592 666611161,
744 515 940 598 Euergistus
957 520 1071 599 aperte
1094 515 1272 600 periculum
1295 517 1481 601 praesentis

151 604 294 670 libidinis
316 604 463 682 incurrit,
486 605 542 670 vel
564 605 669 689 ipsam
692 604 858 670 libidinem
881 604 982 680 fovit;
1013 605 1088 671 hinc
1111 605 1296 672 mortaliter
1317 605 1480 690 peccavit.

153 732 196 743 -
219 694 323 759 lmmo
346 693 446 760 solius
465 693 646 760 voluntatis
665 693 860 760 desiderium
883 715 949 759 666
972 714 1061 759 mere
1083 694 1274 761 transitorie
1298 695 1480 779 concipere,

152 782 211 849 sed
241 782 421 848 deliberate
450 803 523 847 cum
553 803 646 848 mora
675 782 789 849 fovere
820 804 923 866 grave
957 782 1081 850 inducit
1112 783 1307 868 periculum,
1341 783 1481 868 ideoque

152 873 330 955 Euergisto
354 872 416 938 erit
438 892 498 955 per
521 892 556 937 se
579 871 728 954 graviter
749 872 908 939 illicitum.

242 961 446 1026 Desiderium
463 961 634 1028 ebrietatis
657 964 709 1027 est
731 961 879 1043 graviter
900 960 1179 1045 peccaminosum;
1202 981 1264 1027 666
1285 960 1380 1027 iuvat
1403 982 1482 1026 con-

153 1050 237 1116 dicio
261 1049 422 1135 apposita,
452 1050 481 1114 si
511 1070 583 1116 eam
610 1050 859 1117 inadvertenter
887 1050 921 1115 16
951 1071 987 1115 66
1010 1054 1124 1133 posset
1146 1050 1335 1134 producere.
1382 1050 1481 1128 Nam,

153 1143 228 1206 utut
240 1139 435 1224 disputatur,
452 1139 592 1206 liceatne
608 1139 782 1221 aliquando
799 1141 839 1205 ob
851 1160 988 1222 gravem
1004 1159 1135 1205 causam
1152 1140 1293 1206 alterum
1308 1138 1482 1218 inebriare,

152 1228 185 1293 id
209 1250 322 1294 omnes
344 1228 492 1295 fetentur
514 1228 584 1294 sine
606 1229 704 1310 gravi
727 1249 827 1295 66666
848 1229 910 1294 hoo
944 1227 1092 1310 graviter
1114 1229 1376 1312 peccaminosum
1398 1250 1481 1308 esse,

154 1318 282 1385 etiamsi
305 1319 391 1384 alter
413 1318 623 1384 inebriandus
646 1339 710 1383 nou
733 1322 848 1403 peccet
870 1318 1059 1385 subiective.
1095 1316 1125 1381 A
1149 1317 1221 1401 pari
1242 1319 1372 1385 ratione
1396 1318 1482 1384 eius-

153 1408 239 1472 modi
253 1406 377 1489 factum
393 1406 544 1491 propriae
560 1405 730 1473 ebrietatis
745 1407 895 1490 graviter
909 1407 1170 1491 peccaminosum
1190 1410 1251 1485 est,
1276 1407 1406 1489 quaudo
1430 1410 1483 1473 in·

153 1499 311 1578 16611166·
333 1495 405 1561 aliis
421 1496 540 1573 verbis,
565 1496 634 1562 eius
651 1496 845 1562 desiderium
862 1518 921 1581 per
936 1517 972 1562 66
987 1517 1090 1580 grave
1105 1500 1275 1580 peccatum
1293 1496 1356 1562 dici
1372 1496 1481 1563 debet.

93 1607 144 1662 146
243 1602 281 1668 R.
305 1603 335 1668 2.
375 1600 426 1666 Ad
443 1601 536 1666 varia
559 1602 680 1685 gaudia
696 1601 862 1684 Evergisti
888 1601 974 1683 quod
998 1601 1134 1669 attinet:
1154 1603 1299 1687 primum
1313 1601 1481 1685 gaudium,

155 1711 227 1755 curn
250 1712 314 1756 non
338 1689 383 1755 sit
406 1690 446 1756 de
476 1691 566 1757 laesa
588 1690 671 1774 lege,
702 1692 760 1756 sed
784 1691 823 1755 de
847 1692 930 1756 bono
954 1691 1100 1774 prandio,
1129 1690 1270 1774 aculpa
1292 1695 1481 1759 excusatur.

154 1781 298 1845 Altera-m
322 1779 475 1862 gaudium
500 1780 540 1845 de
562 1784 669 1846 morte
692 1779 805 1845 fratris
828 1779 917 1846 61666
935 1780 1038 1847 violat
1059 1778 1203 1844 ordinem
1223 1779 1382 1856 caritatis,
1408 1801 1483 1845 cum

154 1869 266 1934 infima
301 1868 386 1934 bona
420 1869 573 1934 fortunae
607 1869 837 1953 praeferantur
870 1890 994 1934 summo
1028 1869 1112 1935 bono
1145 1868 1319 1953 temporali
1350 1869 1483 1935 fratris:

155 1956 281 2038 (licebit
310 1962 438 2035 tamen,
469 1957 689 2024 abstrahendo
719 1979 740 2024 a
769 1956 883 2023 fratris
912 1962 1034 2034 morte,
1066 1958 1107 2022 de
1135 1957 1268 2042 propria
1296 1957 1483 2025 hereditate

155 2047 323 2129 gaudere).
369 2048 419 2112 De
442 2050 533 2113 tertio
555 2047 675 2130 gaudio
699 2047 803 2113 creati
834 2067 855 2112 a
884 2068 920 2112 66
950 2046 1091 2112 incendii
1113 2046 1276 2112 difficilius
1306 2047 1370 2113 erit
1399 2046 1484 2115 certi

154 2135 276 2219 aliquid
299 2138 456 2202 statuere.
496 2136 530 2203 Si
554 2135 764 2201 1616666116
789 2157 877 2210 6666,
901 2158 933 2201 v.
951 2157 982 2218 g.
1007 2135 1152 2214 fulmine,
1177 2139 1293 2202 exorto
1314 2140 1481 2219 ageretur,

155 2247 249 2291 nemo
273 2226 388 2309 culpae
411 2229 559 2292 verteret
581 2225 757 2307 Evergisto
780 2224 935 2308 gaudium
965 2225 1004 2290 de
1034 2224 1165 2308 proprio
1188 2224 1351 2291 levamine
1383 2226 1483 2292 etde

154 2314 316 2380 levamine
331 2314 431 2379 vicini
446 2315 512 2392 sui;
537 2335 642 2397 neque
665 2314 699 2379 in
722 2335 761 2380 eo
785 2314 962 2380 laesionem
984 2312 1133 2380 caritatis
1149 2315 1221 2396 quis
1236 2313 1375 2392 videret,
1395 2315 1482 2398 quod

155 2403 268 2468 horum
285 2404 435 2469 levamen
452 2404 604 2469 damnum
628 2402 672 2470 sit
687 2402 855 2470 societatis
872 2403 1134 2470 assecurationis.
1166 2403 1288 2469 Verum
1305 2403 1483 2469 essentiale

155 2493 327 2557 discrimen
350 2493 465 2559 adesse
489 2515 554 2558 non
576 2493 716 2572 videtur,
747 2493 818 2558 sive
841 2492 984 2558 naturali
1014 2512 1092 2558 casu
1122 2491 1193 2557 sive
1221 2492 1365 2558 humana
1387 2492 1483 2559 inad-

154 2582 319 2647 vertentia
342 2586 474 2649 creatur
495 2581 689 2649 incendium.
728 2581 835 2658 Quare
859 2582 899 2646 de
922 2582 1065 2647 inccndio
1090 2584 1148 2647 isto
1170 2580 1331 2647 obiective
1349 2586 1482 2666 sumpto

155 2676 289 2754 propter
304 2671 405 2736 bonos
424 2672 560 2737 effectus
584 2671 727 2754 gaudere
750 2675 919 2755 peccatum
944 2691 1009 2735 666
1024 2669 1156 2736 videtur
1174 2690 1263 2747 6666ς
1288 2670 1328 2736 16
1351 2672 1483 2737 actione

154 2764 265 2825 autem
288 2781 348 2825 sua
371 2760 552 2827 subiectiva
567 2759 784 2826 materialiter
806 2760 893 2825 mala
915 2760 1059 2842 gaudere
1083 2780 1147 2824 666
1171 2760 1257 2825 11661.
1275 2795 1319 2804 -
1340 2760 1390 2824 De
1408 2760 1481 2844 1666

153 2855 264 2916 autem
280 2849 427 2914 16666116
444 2849 543 2916 etiam
559 2850 703 2932 gaudere
719 2870 783 2914 666
799 2849 914 2915 1166661
930 2848 1116 2930 Euergisto,
1140 2847 1169 2912 si
1192 2852 1269 2916 aute
1285 2848 1481 2916 ebrietatem

152 2938 370 3022 praevidisset
401 2959 437 3004 66
471 2938 504 3003 16
537 2937 698 3005 ebrietate
728 2938 912 3004 incendium
946 2938 1175 3004 excitaturum.
1230 2938 1318 3004 Nam
1352 2936 1386 3004 in
1419 2939 1481 3004 hoc

152 3049 230 3094 casu
248 3028 319 3111 ipse
336 3028 392 3093 ille
416 3029 555 3094 effectus·
570 3049 630 3111 pro
649 3028 746 3111 culpa
762 3026 938 3109 Evergisto
953 3027 1163 3111 imputandus
1186 3031 1291 3104 esset3
1316 3027 1357 3094 de
1376 3048 1480 3112 eoque

151 3119 295 3199 gaudere
319 3121 407 3183 esset
431 3118 574 3199 gaudere
598 3117 638 3182 (16
661 3122 798 3200 6666616
823 3115 1003 3183 commisse.

591 3360 727 3433 VITIA
761 3359 1035 3434 CAPITALIA.

700 3539 927 3606 SUPERBIA.

715 3679 825 3746 Casus.
853 3688 912 3755 (42)

239 3805 317 3863 Rufa
337 3825 451 3865 omnem
472 3807 582 3865 fastum
604 3806 775 3865 muliebrem
796 3807 932 3878 adamat;
961 3825 994 3864 66
1016 3805 1084 3866 61116
1105 3807 1302 3883 pulchriorem
1332 3827 1400 3868 6666
1430 3826 1478 3868 ve·

149 3885 302 3944 hementer
329 3888 454 3962 gaudet;
482 3887 610 3945 famulas
639 3895 668 3945 61
695 3906 840 3964 pauperes
868 3888 942 3946 satis
964 3905 1069 3964 aspere
1097 3893 1127 3945 et
1154 3890 1280 3965 superbe
1301 3887 1477 3965 alloquitur3

150 3965 336 4025 devotionem
364 3973 462 4026 tamen
485 4000 523 4008 -
545 3967 652 4043 quippe
673 3968 748 4041 quod
777 3967 814 4024 ad
836 3967 1064 4025 consuetudines
1086 3987 1240 4043 moresque
1267 3968 1418 4045 pertineat
1440 4003 1476 4011 —

149 4046 317 4122 frequentia
337 4047 594 4107 sacramentorum
617 4047 696 4115 colit,
718 4066 756 4105 ne
776 4047 806 4105 in
828 4047 885 4105 hac
907 4048 995 4106 etiam
1017 4067 1049 4106 re
1071 4048 1137 4106 aliis
1159 4049 1199 4107 sit
1218 4048 1349 4108 inferior.

238 4128 378 4196 Rufinus,
406 4147 439 4186 se
461 4128 535 4186 alios
555 4127 678 4186 talentis
699 4132 729 4185 et
750 4128 907 4203 prudentia
927 4128 1105 4204 praecedere
1126 4133 1227 4200 ratus,
1248 4128 1357 4189 altiora
1378 4129 1478 4190 officia

149 4208 265 4282 quaerit
293 4214 323 4266 et
350 4208 457 4277 ambit,
486 4213 573 4282 atque
601 4207 751 4282 ingenium
779 4227 864 4266 suum
893 4214 923 4266 61
951 4208 1159 4267 dexteritatem
1187 4209 1291 4284 quavis
1319 4211 1478 4270 occasione

149 4287 219 4345 data
246 4307 318 4364 prae
346 4308 379 4347 se
400 4289 473 4356 fe1t;
503 4288 646 4362 gloriatur
667 4288 772 4359 etiam,
801 4288 877 4346 falso
899 4288 1030 4363 quidem,
1059 4288 1135 4363 6661
1158 4289 1256 4348 166166
1278 4290 1406 4349 duellum
1427 4291 1477 4350 ha·

148 4367 254 4437 buerit,
276 4368 353 4444 quod
374 4388 427 4445 per
440 4369 567 4444 6616666
583 4387 676 4426 66666
691 4369 794 4444 pedem
812 4367 843 4426 16
858 4368 1015 4427 eeclesiam
1035 4389 1094 4426 non
1111 4369 1255 4440 intulerit,
1277 4390 1372 4447 neque
1387 4371 1477 4430 etiam

148 4447 179 4505 16
200 4448 331 4523 66616616
352 4449 455 4507 mortis
477 4467 509 4506 se
532 4448 623 4517 velle,
646 4454 679 4507 ut
699 4449 839 4507 sacerdos
861 4455 999 4517 vocetur;
1026 4448 1178 4524 indignum
1200 4451 1277 4509 enim
1298 4470 1365 4510 esse
1386 4452 1477 4510 homi·

148 4546 214 4584 nem
236 4529 427 4598 rationalem,
451 4528 547 4604 ipsum
569 4528 724 4599 66116616,
747 4548 855 4587 caecae
877 4530 1049 4588 auctoritati
1070 4550 1103 4589 se
1125 4530 1306 4590 submittere.
1348 4532 1414 4591 Hoc
1436 4533 1477 4592 lo·

149 4608 255 4682 quendi
278 4614 308 4667 61
330 4609 475 4683 gloriandi
497 4610 581 4667 modo
603 4609 658 4668 sibi
680 4609 758 4667 viam
780 4628 886 4685 parare
908 4615 993 4685 putat
1014 4610 1051 4668 ad
1072 4610 1207 4670 honores.
