3106 5168
181 276 246 340 378
318 271 359 326 De
378 271 525 325 virtutssans
544 274 572 324 et
590 270 688 325 officiis
706 286 772 338 erge
790 268 920 324 homines.
942 301 974 310 -
994 268 1045 325 Off.
1064 270 1137 325 cirea
1154 271 1224 325 bona
1243 273 1368 326 externa.

181 449 271 525 Quod
295 449 380 514 idem
405 448 544 513 observa
567 448 609 512 ad
633 468 743 513 casum
768 446 935 514 Antimi.
959 484 1003 492 ·—
1032 447 1135 511 Immo
1159 447 1186 511 si
1209 447 1257 513 ite
1279 448 1398 525 fuerit,
1423 449 1505 514 sumi

181 538 310 603 facilius
334 538 430 604 debet
454 538 554 603 etiam
577 537 684 618 quoad
708 557 823 601 usuras
847 556 902 601 eos
925 536 1092 601 indemnes
1116 557 1188 601 esse
1210 536 1390 603 faciendos.

120 657 171 710 149
269 645 365 711 114.
412 643 445 710 Si
469 643 622 710 Antimus
651 643 716 708 iarn
740 646 791 709 est
819 641 1045 719 moribundus,
1076 642 1158 708 haec
1189 663 1247 726 per
1269 646 1505 710 testamentum

180 733 345 800 restitutio
376 733 505 799 admitti
535 735 661 815 potest,
693 736 840 798 attamen
871 751 942 796 cum
973 731 1140 809 cautione,
1172 732 1212 797 de
1242 752 1307 814 qua
1337 754 1417 797 mox
1445 733 1506 798 dici

181 823 286 888 debet.
322 820 414 887 Alias
437 825 571 887 nonest
593 821 1024 889 illemodusadmittendus.
1059 821 1138 885 Cum
1153 820 1307 887 Antimus
1330 822 1506 888 restituere

180 910 285 994 possit
308 932 411 988 nunc,
441 932 506 976 non
529 913 640 994 potest
668 909 730 975 hoc
757 931 859 992 usque
883 910 924 976 ad
948 914 1077 993 tempus
1100 913 1175 993 post
1198 915 1337 976 mortem
1363 911 1505 978 differre.

180 999 367 1065 Restituere
390 999 492 1082 igitur
506 1003 618 1083 potest
632 1020 691 1082 per
707 1000 915 1065 donationem
932 999 1115 1065 manualem
1132 999 1245 1065 statim
1262 1000 1505 1083 perficiendam.

181 1088 333 1171 Alioquin
356 1089 447 1154 illum
470 1091 584 1166 finem,
616 1088 778 1172 hospitale
802 1088 890 1165 dico,
922 1087 1042 1170 eligere
1072 1108 1131 1170 pro
1162 1088 1307 1153 subiecto
1333 1089 1385 1155 cui
1409 1090 1506 1156 resti·

179 1178 264 1244 tutio
289 1178 471 1262 applicetur
493 1178 614 1244 licebit.

269 1267 392 1332 Verum
417 1266 599 1333 adhibenda
622 1270 674 1331 est
698 1264 823 1338 cautio,
854 1264 996 1330 maxime
1019 1265 1047 1329 si
1070 1286 1124 1330 res
1147 1265 1317 1333 devenerit
1341 1266 1384 1331 ad
1408 1266 1506 1333 resti·

179 1356 342 1423 tutionem
364 1377 424 1440 per
447 1355 594 1423 ultimam
618 1355 833 1431 voluntatem,
857 1358 894 1420 ut
917 1375 1044 1420 summa
1066 1353 1123 1419 illa
1147 1354 1277 1437 reipsa
1300 1355 1355 1438 pio
1378 1356 1428 1421 illi
1451 1356 1505 1421 fini

180 1445 372 1529 applicetur.
419 1445 457 1510 In
481 1445 657 1510 Germania
687 1443 816 1525 quidem
847 1464 931 1508 nunc
962 1443 1094 1509 donatio
1125 1465 1227 1525 usque
1257 1444 1300 1509 ad
1331 1446 1421 1510 5000
1446 1466 1504 1511 mc.

180 1535 333 1599 inefficax
367 1534 438 1599 fieri
476 1534 589 1615 nequit
626 1554 685 1617 per
720 1533 915 1613 denegatam
950 1531 1219 1615 approbationem
1254 1533 1416 1613 gubemii.
1473 1534 1505 1598 Si

180 1624 310 1705 quando
339 1623 373 1687 in
404 1622 477 1688 aliis
506 1623 586 1688 locis
617 1621 774 1687 eiusmodi
799 1621 991 1687 donationes
1020 1622 1062 1686 ab
1092 1621 1329 1705 approbatione
1356 1623 1506 1705 gnbernii

182 1712 384 1795 dependent,
410 1716 509 1794 atque
532 1713 631 1777 timor
653 1715 705 1776 est
728 1710 897 1776 habendae
921 1711 1088 1793 repulsae,
1120 1710 1186 1776 alia
1208 1710 1263 1775 via
1286 1712 1506 1779 restitutionis

180 1801 295 1883 quaeri
318 1801 448 1866 omnino
473 1801 570 1866 debet.

284 2017 544 2084 RESTITUTIO
569 2016 617 2082 IN
641 2015 871 2082 Paupuuus
895 2014 1083 2082 ALIASVE
1107 2014 1273 2082 CAUSAS
1296 2016 1407 2085 Pras,

737 2173 847 2239 Casus.
876 2179 953 2247 (231)

270 2324 416 2399 Sigfridus
449 2323 596 2398 insignem
631 2324 763 2382 fraudem
793 2322 939 2382 commisit
969 2328 1072 2381 contra
1106 2322 1234 2397 aliquem
1269 2323 1504 2383 associationem.

182 2405 275 2475 Quam
296 2411 329 2463 ut
350 2424 414 2462 curn
436 2405 548 2462 honore
568 2409 703 2479 reparet,
731 2403 796 2461 vult
823 2423 882 2462 non
903 2401 1096 2461 associationi
1123 2403 1175 2460 sed
1202 2403 1261 2479 piis
1292 2405 1395 2462 causis
1425 2405 1504 2463 resti·

181 2490 274 2555 tuere,
295 2484 433 2543 videlicet
448 2484 504 2542 duo
526 2483 607 2541 milia
621 2502 785 2541 marcarum
806 2483 934 2559 hospitio
951 2502 1111 2559 pauperum
1133 2489 1163 2541 et
1183 2487 1230 2542 tot
1250 2483 1341 2542 etiam
1363 2485 1504 2543 ecclesiae

180 2564 303 2640 pauperi
331 2564 377 2622 sui
406 2563 513 2640 oppidi.
557 2563 656 2622 Utitur
678 2582 713 2620 ea
734 2562 866 2634 ratione,
895 2564 970 2638 quod
994 2562 1151 2622 actionarii
1177 2563 1258 2622 illius
1287 2564 1503 2634 associationis,

181 2649 282 2720 utpote
304 2643 456 2712 ditissimi,
485 2643 620 2701 damnum
642 2663 701 2702 non
722 2644 869 2714 sentiant,
900 2644 987 2701 immo
1009 2649 1041 2701 ut
1062 2642 1288 2701 irancomurarii
1310 2663 1457 2704 summam
1476 2645 1503 2703 in

180 2724 289 2783 malum
311 2742 396 2782 usum
417 2724 478 2781 sint
498 2723 667 2799 impensuri.

182 2828 358 2898 Quannrrua
385 2829 518 2905 possitne
545 2828 575 2886 in
597 2848 667 2886 casu
696 2833 725 2886 et
749 2848 786 2886 ex
815 2827 913 2886 causis
935 2828 1094 2903 propositis
1117 2828 1263 2902 Sigiridus
1286 2830 1502 2890 restitutionem

383 2908 561 2985 pauperibus
582 2909 629 2967 vel
651 2909 750 2966 causis
772 2908 829 2984 piis
851 2908 1008 2984 applicare.

777 3108 910 3174 Solutio.

120 3271 171 3324 750
269 3254 322 3319 An
352 3274 543 3330 ouansmun
576 3253 614 3318 R.
642 3255 669 3316 l.
727 3252 895 3317 Generalis
926 3254 1041 3333 regula
1071 3258 1137 3328 est,
1169 3257 1207 3317 ut
1236 3253 1406 3319 restitutio
1436 3252 1500 3318 fieri

181 3345 299 3409 debeat
323 3343 451 3408 domino
476 3343 582 3418 laes03
608 3361 721 3422 eaque,
746 3342 774 3405 si
797 3341 867 3407 fieri
891 3346 1010 3424 potest,
1035 3342 1160 3422 obligat
1183 3342 1243 3405 sub
1267 3343 1375 3423 gravi,
1402 3343 1429 3407 si
1453 3342 1500 3407 uni

180 3433 348 3513 eidemque
373 3432 501 3496 domino
526 3430 665 3497 materia
689 3431 801 3512 gravis
825 3431 955 3495 sublata
978 3430 1078 3496 fuerit
1104 3431 1157 3495 vel
1190 3431 1260 3514 ipse
1293 3431 1326 3495 in
1352 3454 1388 3497 re
1412 3431 1500 3515 graui

180 3522 225 3585 sit
248 3521 485 3585 damnificatus.
533 3521 580 3586 01.
605 3542 705 3603 supra
728 3542 759 3585 n,
786 3521 849 3583 745
866 3541 936 3601 sqq.

270 3626 309 3690 R.
335 3629 364 3691 2.
411 3626 502 3689 Haec
532 3627 646 3708 regula
677 3627 767 3690 valet
797 3625 896 3690 etiarn
927 3625 958 3688 in
989 3627 1080 3690 laesa
1110 3646 1250 3708 persona
1280 3625 1420 3693 iuridica
1450 3645 1501 3691 seu

181 3715 298 3779 morali
328 3718 473 3790 tantum,
505 3716 633 3795 quando
664 3723 766 3780 caetras
790 3717 907 3799 uliquis
932 3716 1008 3795 fieris
1038 3714 1146 3779 licitus
1176 3715 1209 3778 in
1240 3717 1383 3782 materia
1414 3714 1500 3799 graui

182 3803 419 3868 damnificatur.
459 3802 578 3878 Quodsi
595 3824 673 3867 vero
697 3826 761 3868 non
778 3809 888 3868 certus
911 3803 966 3867 ille
989 3803 1061 3867 finis
1084 3803 1141 3866 sed
1166 3804 1286 3885 singuli
1310 3805 1360 3871 illi
1376 3803 1499 3878 domini,

182 3893 237 3974 qui
261 3893 302 3957 ad
327 3896 450 3957 certum
475 3894 572 3957 finem
594 3893 854 3974 prosequendum
879 3893 1069 3956 societatem
1098 3892 1259 3967 inierunt,
1292 3894 1449 3960 damnum
1471 3912 1500 3957 re

181 3983 253 4065 ipsa
283 3981 467 4065 patiantur,
498 3985 605 4067 prauis
634 3981 789 4063 obligatio
823 3985 922 4065 ipsum
948 3983 1030 4045 lurrc
1058 4004 1225 4064 personum
1252 3986 1429 4048 inridicnm
1458 3984 1499 4047 in·

182 4072 330 4135 damnem
354 4070 492 4135 faciendi
518 4092 580 4134 non
606 4072 717 4143 adest,
751 4070 812 4133 nisi
837 4072 868 4133 in
894 4075 1049 4150 quantum
1074 4070 1203 4151 singula
1226 4070 1313 4135 illius
1338 4071 1499 4138 societatis

181 4161 328 4225 membra
351 4160 403 4223 vel
428 4160 557 4241 aliquod
582 4179 692 4222 eorum
716 4159 748 4220 in
772 4159 910 4223 materia
934 4158 1029 4239 gravi
1049 4159 1199 4222 damnum
1224 4159 1400 4241 patiantur
1423 4158 1498 4243 quod

182 4250 351 4314 lanceando
376 4269 477 4328 eoque
501 4249 569 4311 solo
593 4251 773 4329 reparetur.

270 4356 308 4422 R.
335 4359 364 4420 3.
411 4354 576 4434 Pauperes
600 4353 653 4415 vel
678 4373 795 4416 causae
822 4352 894 4434 piae
918 4353 989 4416 loco
1014 4352 1216 4416 dominorum
1240 4353 1408 4419 laesorum
1433 4351 1499 4433 eligi

181 4450 334 4526 possunt:
369 4442 400 4522 1)
429 4443 454 4506 si
480 4441 558 4523 ipsis
582 4440 718 4504 dominis
742 4441 839 4504 laesis
863 4442 1028 4505 restitutio
1052 4441 1121 4505 fieri
1146 4441 1273 4522 nequit,
1308 4444 1343 4525 2)
1368 4445 1396 4509 si
1421 4444 1499 4508 nulla

182 4532 357 4612 singularis
381 4551 519 4613 persona
543 4530 575 4593 in
600 4528 695 4608 gravi
717 4530 856 4595 materia
879 4531 969 4596 laesa
993 4536 1057 4606 est,
1083 4536 1116 4595 et
1139 4531 1273 4612 insuper
1297 4554 1364 4597 non
1388 4535 1499 4617 impos·

182 4621 321 4685 sibilitas
352 4620 481 4700 quidem
514 4617 570 4681 scd
605 4617 739 4697 gravior
769 4621 928 4701 quaedam
959 4619 1134 4685 difficultas
1165 4623 1231 4695 est,
1273 4621 1365 4704 ipsos
1402 4625 1499 4688 laesos
