3106 5168
239 271 385 326 Censurae.
404 300 438 309 —
456 271 658 326 Excommuuio.
678 290 712 326 ex
732 276 900 341 oppressione
918 274 1015 326 Eccles.
1035 277 1121 326 ciccsec
1138 276 1271 330 iurisdict.
1349 275 1412 341 521

93 451 326 531 praeterquam
343 449 427 530 quod
451 470 493 514 ex
516 448 698 531 aliquorum
720 449 993 533 interpretatione
1009 449 1064 531 (cf.
1081 471 1180 534 supra
1197 472 1228 517 n.
1243 450 1342 532 1013)
1365 450 1414 515 in·

95 537 299 618 telleguutur
321 537 393 602 libri
418 539 475 602 sub
495 560 599 625 poeno
622 542 951 605 excommunicationis
973 539 1136 622 prohibiti,
1162 559 1267 622 neque
1290 539 1330 605 de
1352 539 1414 605 hac

95 625 590 709 circumstantiaprohibitionis
613 648 709 692 casus
732 632 844 694 noster
866 628 1041 711 quidquam
1068 632 1196 706 narret,
1227 649 1291 692 non
1315 628 1415 694 habe·

95 736 168 779 mus
198 715 447 798 prohibitionem
476 738 536 801 per
564 719 686 781 litteras
717 720 911 803 apostolicos.
968 717 1052 782 Nam
1081 716 1143 782 etsi
1172 716 1346 800 prohibitio
1377 740 1415 783 cc

94 805 249 868 mandato
272 806 305 870 S.
326 806 487 887 Pontificio
510 804 600 870 facta
624 809 684 883 est,
709 806 799 871 facta
821 810 932 871 tamen
956 826 1028 871 esse
1050 806 1193 872 refertur
1215 826 1274 889 per
1297 805 1414 889 Congr.

96 894 129 958 S.
155 892 271 970 Officii,
296 914 360 957 non
384 914 442 977 per
464 893 594 959 litteras
617 894 824 977 apostolicas.

189 982 225 1046 In
249 981 473 1064 quaestionem
496 982 582 1047 trahi
606 987 716 1066 potest
740 983 839 1050 etiam
864 1005 894 1049 n.
913 985 932 1048 8
948 1004 1011 1050 ser.
1028 983 1065 1047 1¹⁰
1082 982 1214 1050 constit.
1230 985 1293 1069 Ap.
1311 984 1413 1050 Sedis.

95 1069 260 1136 Videlicet
282 1071 392 1136 audax
415 1074 552 1137 conatus
574 1072 715 1137 Leandri
739 1072 896 1138 eiusmodi
920 1076 987 1150 est,
1019 1077 1056 1138 ut
1087 1094 1152 1136 non
1182 1072 1334 1139 videatur
1357 1073 1414 1138 ab·

95 1159 248 1237 horrere,
283 1160 310 1224 si
343 1159 404 1225 sibi
436 1160 578 1226 facultas
610 1161 726 1238 fuerit,
763 1161 950 1227 recurrendi
985 1162 1027 1227 ad
1056 1160 1173 1226 laicam
1204 1165 1414 1245 potestatem.

96 1249 220 1314 Verum
243 1248 305 1314 hac
330 1249 369 1314 de
392 1270 428 1314 re
451 1249 531 1314 nihil
554 1249 719 1332 hucusque
737 1250 855 1317 dicitur
877 1250 911 1314 in
934 1271 1021 1316 casu.
1050 1248 1084 1315 Si
1108 1249 1194 1315 enim
1217 1250 1250 1315 id
1265 1251 1415 1316 Leander

96 1337 244 1414 auderet,
269 1359 307 1402 eo
330 1338 393 1402 fine
417 1342 454 1404 ut
476 1337 648 1422 impediret
672 1338 914 1405 exsecutionem
938 1338 1060 1405 decreti
1082 1338 1238 1404 Romani:
1261 1338 1331 1422 ipso
1354 1338 1416 1404 boc

95 1447 231 1491 recursu
260 1425 419 1493 incideret
441 1427 475 1491 in
499 1428 864 1494 excommunicationem
889 1449 988 1511 supra
1012 1427 1133 1494 dictam
1157 1427 1290 1512 speciali
1319 1429 1415 1494 modo

95 1515 138 1580 R⁰
161 1515 311 1581 Pontifici
340 1520 553 1582 reservatam.
601 1517 645 1583 Et
675 1538 872 1599 quamquam
903 1516 1004 1599 aliqui
1027 1517 1195 1594 dubitant,
1226 1538 1303 1582 num
1326 1518 1414 1582 solus

96 1625 249 1669 recursus
272 1604 416 1671 sufficiat
439 1604 609 1684 inefficax,
633 1606 751 1671 saltem
774 1627 869 1670 nemo
893 1605 1022 1672 dubitat
1045 1605 1413 1672 excommunicationem

94 1693 229 1848 {aldesgi
259 1693 287 1759 si
310 1699 485 1777 utcumque
509 1693 663 1759 eiusmodi
688 1715 838 1760 recursus
868 1694 986 1759 efficax
1017 1695 1169 1761 evaserit.
1216 1694 1264 1761 Cf.
1293 1695 1349 1761 lt.
1372 1718 1414 1761 cn.

186 1880 225 1945 R.
250 1882 280 1945 3.
326 1880 456 1958 Restat,
481 1884 518 1946 ut
540 1879 719 1958 videamus
744 1879 821 1962 quid
845 1880 888 1947 sit
911 1880 952 1944 de
975 1881 1079 1946 stulta
1101 1880 1158 1946 illa
1181 1880 1414 1965 provocatione
1435 1888 1483 1943 101

96 1968 139 2034 ad
163 1969 347 2033 universale
378 1969 558 2034 concilium.
605 1968 696 2045 Quod
726 1968 866 2052 speciem
897 1969 1033 2034 alicuius
1063 1990 1182 2034 causae
1213 1971 1333 2035 babere
1357 1992 1415 2054 po·

95 2061 185 2124 terat
209 2058 241 2122 in
264 2057 320 2135 iis,
345 2057 416 2140 qui,
449 2061 583 2141 propter
606 2057 785 2124 doctrinam
810 2058 1033 2137 condemnati,
1056 2057 1325 2125 infallibilitatem
1348 2061 1414 2125 Ro·

95 2146 184 2211 mani
208 2146 375 2212 Pontificis
398 2168 463 2212 non
487 2152 718 2229 agnoscentes,
751 2148 863 2212 aeolo
887 2147 1065 2212 universali
1088 2146 1223 2212 concilio
1247 2146 1414 2214 doctrinae

95 2234 248 2300 iudicium
284 2236 485 2301 definitivum
518 2239 759 2320 exspectarent.
815 2237 886 2301 Hoc
919 2241 1028 2302 autem
1065 2236 1129 2301 iam
1163 2257 1258 2301 nemo
1293 2236 1413 2301 audere

95 2328 217 2407 potest,
242 2324 303 2389 nisi
327 2345 362 2390 se
378 2326 497 2409 prodat
512 2329 661 2408 apertum
679 2323 888 2392 haereticum.
906 2354 948 2369 —e
966 2325 1028 2390 Sed
1046 2325 1084 2390 de
1107 2323 1271 2390 infallibili
1294 2324 1411 2390 iudicio

94 2413 268 2478 doctrinali
285 2413 318 2478 in
335 2417 447 2479 nostro
464 2435 543 2479 casu
559 2435 623 2478 non
640 2414 766 2495 agitu1·;
779 2413 999 2490 ⁴nihilominus
1014 2414 1173 2493 Leander,
1197 2413 1282 2480 sicut
1298 2413 1413 2496 reliqui

94 2501 344 2580 christifideles,
376 2504 476 2570 etiam
499 2503 571 2567 aliis
594 2503 758 2568 mandatis
781 2508 816 2570 et
838 2501 963 2568 iudiciis
985 2503 1126 2568 Romani
1147 2502 1314 2568 Pontificis
1337 2503 1412 2569 sub·

92 2591 238 2657 iciuntur
265 2590 369 2673 iisque
399 2591 636 2657 oboedientiam
660 2592 788 2658 debent.
835 2592 879 2658 Et
906 2613 1022 2658 revera
1048 2591 1113 2658 iam
1138 2591 1192 2657 diu
1216 2597 1293 2659 ante
1316 2591 1414 2657 infal-

92 2679 282 2746 libilitatem
311 2681 404 2747 Rom.
434 2680 602 2746 Pontificis
635 2681 817 2759 definitam,
851 2702 871 2746 a
902 2684 1050 2765 tempore
1081 2680 1149 2747 Pii
1177 2681 1226 2756 II,
1259 2681 1414 2748 exstabat

95 2769 389 2834 excommunicatio
412 2770 523 2853 Papae
558 2774 744 2846 reservata,
778 2790 874 2851 quam
899 2769 998 2835 Pius
1021 2770 1067 2834 IX
1101 2770 1231 2837 rettulit
1253 2770 1286 2835 in
1309 2770 1413 2836 ser.I

95 2858 228 2926 constit.
253 2861 314 2943 Ap.
339 2859 433 2923 Sedis
454 2880 485 2923 n.
511 2861 531 2922 4
555 2862 670 2922 contra
707 2879 836 2935 ,omues
860 2863 894 2925 et
917 2859 1078 2940 singulos,
1110 2859 1265 2940 cuiusque
1294 2863 1413 2937 status,

93 2948 217 3028 gradus
227 2968 284 3012 seu
295 2946 628 3024 condicionisfuerint,
640 2947 682 3011 ab
692 2946 947 3013 ordinationibus
958 2969 1014 3012 seu
1023 2947 1413 3013 mandatisltomanorum

93 3036 286 3100 Pontificum
311 3057 369 3120 pro
393 3040 539 3119 tempore
560 3036 786 3102 exsistentium
810 3037 851 3100 ad
868 3035 1052 3101 universale
1075 3036 1221 3102 futurum
1243 3037 1413 3101 concilium

95 3125 302 3208 appellantes
330 3128 410 3191 etc.“
467 3125 545 3189 Cum
585 3127 695 3190 autem
731 3124 764 3189 in
801 3130 913 3191 nostro
944 3147 1021 3190 casu
1054 3125 1244 3191 mandatum
1276 3124 1413 3190 Romani

93 3212 265 3279 Pontificis
288 3213 384 3291 adsit,
410 3213 472 3279 etsi
501 3212 667 3278 decretum
684 3219 830 3280 secutum
847 3236 867 3279 a
884 3214 914 3280 S.
932 3214 1048 3296 Congr.
1066 3213 1154 3279 univ.
1172 3213 1292 3296 Inquis.
1310 3214 1413 3279 latum

93 3302 149 3378 sit,
174 3307 208 3368 et
232 3323 303 3367 cum
320 3302 468 3367 Leander
487 3301 519 3366 in
543 3323 602 3366 sua
625 3302 863 3385 protestatione
887 3303 991 3386 ipsum
1010 3303 1041 3368 S.
1066 3302 1254 3368 Pontificem
1280 3303 1413 3384 eiusque

92 3391 285 3457 mandatum
307 3391 470 3475 respiciat,
496 3390 661 3457 Pontificis
683 3390 836 3456 iudicium
859 3391 975 3457 reiciat
997 3396 1096 3474 atque
1119 3392 1314 3458 universalis
1337 3413 1413 3456 con·

93 3479 161 3545 cilii
184 3484 313 3547 tantum
336 3480 454 3545 iudicio
485 3501 520 3545 se
551 3480 731 3564 pariturum
761 3502 833 3546 esse
857 3482 961 3546 dicat:
993 3481 1125 3546 dubium
1148 3503 1212 3547 non
1236 3485 1304 3560 est,
1336 3480 1413 3563 quin

92 3569 245 3635 Leander
276 3569 389 3634 haberi
421 3569 539 3634 debeat
572 3570 872 3636 excommunicatus
910 3570 1246 3636 excommunicatione
1280 3570 1414 3655 speciali

93 3659 191 3724 modo
214 3658 362 3724 Romano
387 3658 537 3723 Pontifici
559 3663 741 3726 reservata.

477 3867 711 3933 ECCLESIAE
741 3868 1035 3938 PERSECUTOR.

649 4007 758 4074 Casus.
788 4014 863 4084 (310)

183 4147 316 4207 Licinius
329 4153 461 4224 tempore
475 4147 595 4207 iubilaei
610 4150 646 4207 ad
661 4148 790 4208 tribunal
811 4148 1011 4225 paenitentiae
1033 4169 1065 4208 se
1080 4148 1169 4220 sistit,
1191 4168 1284 4208 senex
1298 4154 1413 4227 septua-

93 4227 249 4304 genarius,
278 4227 327 4304 qui
349 4248 367 4286 a
386 4229 560 4304 longissimo
587 4234 719 4304 tempore
747 4249 805 4287 non
827 4234 873 4287 est
894 4247 984 4287 ausus
1006 4230 1147 4289 confiteri.
1189 4229 1330 4305 Tempore
1351 4248 1414 4304 per·

93 4307 257 4368 secutionis
292 4308 445 4367 Ecclesiae
485 4309 515 4366 in
553 4307 710 4368 Germania
744 4309 808 4385 ipse
844 4309 1061 4384 exsequendum
1097 4308 1212 4367 curavit
1245 4308 1415 4367 mandatum

92 4388 238 4464 gubernii,
259 4394 292 4447 ut
310 4388 466 4465 episcopus
488 4389 697 4460 incarceretur,
719 4408 842 4463 eumque
862 4389 892 4447 in
908 4389 1070 4448 custodiam
1085 4389 1221 4458 deduxit3
1244 4387 1414 4447 sacerdotes

92 4475 201 4540 autem,
223 4468 282 4544 qui,
305 4473 408 4527 contra
428 4469 510 4543 leges
526 4470 623 4527 Maias
644 4469 772 4527 instituti
787 4468 893 4527 officiis
915 4469 1148 4527 sacerdotalibus
1169 4468 1298 4527 iuncturi
1320 4474 1413 4540 erant,

91 4549 181 4610 iussit
208 4549 360 4609 exturbari
381 4554 411 4607 et
432 4548 503 4620 eici,
532 4549 622 4618 alios,
651 4549 699 4625 qui
726 4549 807 4621 leges
828 4549 1030 4618 violaverant,
1059 4548 1244 4608 denuntiavit
1264 4553 1294 4607 et
1316 4548 1347 4607 in
1368 4548 1414 4606 ius

92 4629 196 4690 vocari
223 4629 311 4700 lecit,
340 4635 372 4688 ut
399 4649 523 4705 poenam
545 4649 563 4688 a
584 4630 649 4704 lege
678 4634 821 4689 statutam
845 4629 986 4688 subirent.
1036 4628 1113 4687 Dein
1135 4647 1200 4687 eum
1222 4629 1415 4706 comperisset
