3106 5168
330 1064 569 1149 CARITAS
599 1064 754 1149 ERGA
785 1062 1101 1148 PROXIMUM.

83 1303 319 1378 OFFICIUM
346 1304 601 1378 CARITATIS
628 1304 834 1390 EIUSQUE
863 1302 1034 1377 LAESIO
1063 1302 1350 1376 GENERATIM

616 1428 823 1502 SUMPTA.

236 1618 375 1685 AOTUS
398 1618 624 1685 INTERNUS
647 1618 875 1685 CARITATIS
899 1618 947 1684 IN
970 1618 1202 1685 PROXIMOS.

613 1784 723 1850 Casus.
750 1792 828 1860 (103)

146 1935 306 1994 Medardus
321 1934 591 1994 neo-confessarius
604 1934 708 1993 incidit
727 1936 759 1994 in
772 1935 872 1994 thesin
888 1936 924 1994 10
939 1938 977 1994 ab
992 1935 1092 1996 Innoc.
1107 1935 1151 1994 XI
1172 1935 1382 2012 proscriptam:

60 2016 144 2088 ,Non
165 2022 300 2074 tenemur
321 2015 442 2090 diligere
462 2015 627 2091 proximum
648 2022 717 2073 ectu
742 2015 858 2075 interno
880 2021 911 2075 61
931 2016 1075 2076 formali“.
1117 2016 1215 2087 Quare
1236 2016 1320 2074 timet
1347 2035 1384 2074 ne

58 2100 163 2155 contra
185 2096 315 2155 officium
336 2095 540 2171 procurandae
561 2095 742 2170 integritatis
764 2096 982 2155 confessionum
1004 2096 1166 2171 deliquerit,
1190 2096 1327 2171 quoniam
1349 2096 1384 2154 de

58 2177 196 2252 neglecto
218 2181 287 2234 actu
307 2175 424 2235 formali
442 2174 582 2249 diligendi
602 2175 730 2250 proximi
751 2195 908 2251 numquam
929 2176 1135 2251 interrogavit.
1170 2175 1254 2235 Nunc
1276 2182 1384 2248 autem,

60 2276 125 2316 cum
147 2275 249 2316 omnes
270 2257 306 2315 de
326 2256 382 2314 hac
411 2274 443 2314 re
471 2255 635 2327 examinet,
665 2255 716 2314 alii
743 2255 923 2331 respondent
950 2275 983 2315 66
1010 2256 1189 2334 propinquos
1216 2262 1246 2314 et
1274 2256 1384 2315 amicos

59 2336 216 2406 dilexisse,
246 2341 405 2395 extraneos
434 2354 466 2394 66
494 2354 552 2393 non
574 2354 711 2404 curasse,
741 2336 791 2393 alii
818 2337 975 2395 turbantur
1001 2337 1036 2394 de
1063 2337 1147 2394 laesa
1174 2337 1240 2411 lege
1268 2336 1383 2395 divina:

59 2418 165 2492 quibus
186 2416 345 2475 Medardus
373 2435 426 2492 pro
454 2416 602 2491 implenda
624 2415 724 2473 divina
751 2416 817 2491 lege
844 2415 988 2492 iniungit,
1016 2422 1050 2475 ut
1069 2417 1240 2492 frequenter
1259 2416 1386 2474 fundant

60 2516 165 2573 preces
187 2496 254 2554 illas
274 2496 439 2570 liturgicas,
461 2514 534 2570 quas
549 2495 684 2553 Ecclesia
705 2494 736 2553 in
756 2496 803 2553 die
817 2495 1000 2556 Parasceres
1021 2516 1074 2573 pro
1090 2496 1215 2555 diversis
1236 2496 1385 2555 hominum

60 2577 218 2651 generibus
240 2595 396 2651 eorumque
417 2575 646 2634 necessitatibus
668 2575 731 2634 Deo
753 2576 848 2636 offert.

62 2690 239 2760 Qunnnrrua
261 2692 290 2748 1⁰
315 2709 390 2766 quae
411 2690 450 2748 sit
472 2689 612 2765 obligatio
633 2690 768 2749 internae
790 2696 820 2750 et
840 2691 973 2750 formalis
991 2690 1158 2749 dilectionis
1177 2690 1386 2768 proximorum.

261 2789 291 2845 2⁰
316 2789 393 2846 sitne
414 2793 497 2846 recta
519 2793 549 2846 61
569 2787 649 2846 iusta
669 2788 722 2846 illa
743 2788 877 2847 Medardi
898 2788 974 2848 ratio
996 2789 1113 2864 agendi.

657 2971 794 3038 Salutio.

152 3123 206 3187 An
229 3143 420 3198 qunasrrun
446 3125 483 3186 1¹¹⁰
506 3122 545 3187 R.
568 3124 595 3187 1.
643 3121 701 3186 1116
725 3126 819 3188 66166
842 3120 989 3187 1111611166
1019 3125 1053 3187 61
1075 3120 1235 3200 formalia,
1266 3121 1320 3203 qui
1344 3120 1448 3192 611311

63 3211 278 3289 necessarius,
302 3233 366 3276 non
390 3211 593 3293 intellegitur
614 3216 717 3287 actus,
742 3211 798 3292 qui
818 3212 999 3293 formaliter
1022 3214 1055 3275 in
1079 3210 1388 3295 61119616611611111166

63 3303 199 3368 feratur.
233 3300 437 3384 Impossibile
460 3321 539 3365 sane
563 3305 615 3366 est
638 3321 697 3363 1166
720 3321 832 3364 omnes
855 3299 1001 3364 homines
1025 3299 1216 3382 singillatim
1240 3299 1386 3380 diligere.

65 3391 128 3456 Sed
152 3395 246 3455 actus
269 3390 451 3456 dilectionis
474 3393 669 3472 praeceptus
693 3388 895 3469 intellegitur
917 3389 975 3466 ita,
1008 3388 1242 3470 utaliquando
1264 3390 1388 3471 formo·

64 3483 137 3545 liter
160 3479 275 3544 adesse
299 3479 418 3544 debeat
441 3482 535 3543 actus
558 3499 638 3560 erga
661 3478 844 3562 proximum
863 3481 1017 3559 internus,
1042 3498 1106 3542 non
1129 3477 1274 3542 sufficiat
1296 3481 1389 3543 actus

65 3588 154 3633 111616
185 3573 341 3634 externus
372 3567 608 3650 opitulationis,
640 3568 694 3648 qui
724 3567 814 3632 nulla
836 3567 965 3632 interna
994 3566 1224 3632 benevolentia
1252 3566 1388 3632 feratur.

66 3658 103 3722 In
134 3677 292 3740 quosnam
323 3661 433 3722 autern
462 3656 608 3721 homines
637 3655 785 3721 internus
815 3656 936 3721 amoris
965 3659 1060 3721 actus
1089 3655 1169 3721 ferri
1199 3655 1389 3738 singillatim

66 3747 195 3823 debeat,
219 3767 284 3811 non
307 3766 349 3811 ex
372 3745 429 3810 illa
452 3745 547 3823 thesi,
571 3745 628 3810 aed
652 3745 782 3810 aliunde
805 3745 1037 3810 desumendum
1061 3748 1122 3811 est.

156 3851 196 3919 a.
222 3854 251 3917 2.
297 3851 371 3916 Nisi
395 3853 540 3937 specialis
563 3851 648 3917 ratio
672 3853 838 3927 occurrat,
870 3849 992 3917 sufficit
1015 3872 1127 3916 omnes
1150 3850 1296 3916 hominos
1320 3851 1390 3914 uni·

67 3941 189 4006 versim
220 3945 368 4024 sumptos
399 3941 528 4005 interno
560 3961 671 4005 amore
704 3938 866 4023 prosequi.
917 3938 977 4015 Qui
1009 3962 1087 4006 vero
1120 3944 1248 4007 attente
1283 3943 1317 4005 et
1349 3960 1390 4004 ex

67 4030 176 4096 animo
200 4030 318 4096 recitat
341 4051 373 4097 v.
390 4051 422 4112 g.
446 4030 544 4095 Pater·
566 4037 672 4095 noster
694 4050 798 4110 neque
821 4028 1005 4112 proximum
1028 4029 1213 4112 quempiam
1237 4029 1389 4106 excludit,

66 4119 147 4203 ipsis
170 4118 221 4183 his
244 4118 353 4184 verbis
376 4118 558 4184 formaliter
580 4117 687 4200 diligit
710 4123 787 4184 actu
809 4117 938 4184 interno
962 4139 1073 4182 omnes
1096 4118 1252 4184 homines

158 4224 197 4290 R.
221 4227 252 4291 3.
298 4224 360 4301 Qui
388 4228 498 4290 autem
527 4229 662 4307 propter
691 4223 865 4307 specialem
896 4224 1167 4288 necessitudinem
1198 4244 1268 4287 cum
1293 4222 1392 4285 certis

68 4313 216 4398 personis
239 4314 294 4378 vel
322 4316 457 4396 propter
485 4334 595 4377 eorum
625 4312 838 4394 indigentiam
868 4317 977 4378 certos
1006 4312 1151 4377 homines
1181 4310 1392 4393 singulariter

70 4405 210 4468 honorat
232 4401 286 4467 vel
308 4402 411 4478 iuvat,
435 4400 463 4466 si
486 4402 635 4467 ordinate
653 4401 802 4485 procedit
817 4423 921 4483 neque
938 4402 1099 4466 violenter
1114 4400 1276 4465 internum
1293 4400 1392 4462 affec-

70 4497 139 4558 tum
163 4490 361 4566 intercludit,
385 4512 450 4554 non
474 4495 584 4573 potest
606 4512 681 4567 non,
706 4491 879 4571 aliquando
900 4492 1028 4566 saltem,
1053 4489 1182 4554 interna
1206 4491 1240 4552 61
1262 4487 1392 4552 formali

70 4581 243 4646 dilectione
266 4579 365 4646 etiam
388 4579 421 4643 in
445 4580 532 4662 ipsos
556 4602 611 4644 eos
635 4579 824 4660 singillatim
848 4580 937 4644 ferri.

124 4691 550 4739 1611116111,6111116161611110.
577 4691 594 4732 1.
1148 4680 1179 4734 13
