3106 5168
154 285 217 348 124
365 280 407 335 De
424 279 574 335 virtutibus
592 281 620 334 et
638 279 736 334 officiis
754 296 821 348 erga
839 279 934 334 Deum.
953 308 989 318 —
1002 278 1098 335 Virtus
1114 278 1263 349 religionis.

151 461 299 550 tractatur
325 454 476 531 negotium
503 455 682 514 matrimonii
709 455 787 514 inter
808 454 1009 531 Semproniam
1038 459 1069 514 et
1089 454 1196 516 Titum.
1239 453 1337 525 Quare
1360 474 1378 515 a
1400 454 1478 515 Sem·

152 557 256 614 proma

153 635 330 707 Quaerimus
356 632 484 691 liceatne
512 631 568 692 sibi
595 651 661 692 cum
689 632 863 709 parentibus
884 631 944 691 Titi
971 631 1003 690 in
1029 651 1130 691 eorum
1158 632 1243 691 domo
1271 650 1362 707 agere
1391 636 1478 709 atque

357 712 446 772 etiam
468 731 534 771 cum
555 712 623 772 Tito
644 712 817 773 conversari
837 712 875 771 ad
897 711 1074 771 celebranda
1095 711 1255 789 sponsalia.

749 879 884 947 solutio.

92 1021 144 1076 247
242 1013 294 1078 Au
315 1033 507 1089 aurneinan
530 1011 569 1078 R.
590 1014 617 1077 1.
656 1011 828 1078 Obiectum
842 1011 1028 1090 iuramenti,
1050 1012 1135 1094 quod
1151 1010 1344 1098 Sempronia
1360 1011 1479 1087 emisit,

153 1107 290 1169 eatenus
319 1102 493 1168 honestum
524 1106 558 1168 et
587 1102 707 1166 bonum
738 1104 806 1179 est,
838 1104 999 1183 quatenus
1022 1100 1246 1186 Semproniam
1279 1100 1481 1186 speecandi

152 1191 295 1276 periculo
319 1194 483 1267 removet3
513 1193 613 1273 atque
636 1190 698 1256 hae
719 1189 901 1258 intentione
923 1194 958 1256 et
980 1189 1042 1257 hoc
1063 1192 1128 1256 fine
1151 1190 1231 1255 illud
1255 1189 1372 1258 emisit.
1414 1189 1479 1256 Ubi

152 1280 254 1363 igitur
274 1281 331 1345 ille
353 1279 427 1345 finis
451 1282 569 1358 cesset,
594 1300 723 1346 cessare
747 1284 900 1346 censetur
921 1278 1096 1346 iuramenti
1120 1278 1286 1363 obligatio.

241 1385 280 1451 R.
306 1387 336 1454 2.
390 1385 428 1449 In
463 1384 591 1449 domum
628 1388 800 1468 paternam
835 1385 901 1451 Titi
937 1406 1001 1450 non
1036 1384 1175 1469 emplius
1208 1384 1323 1470 pedem
1358 1382 1482 1451 inferre

153 1480 289 1541 eatenus
319 1472 481 1540 obiectum
511 1473 682 1540 honestum
715 1477 748 1539 et
777 1475 897 1540 bonum
927 1477 994 1553 est,
1025 1478 1187 1556 quatenus
1211 1472 1481 1559 Semproniama

151 1563 333 1648 periculoso
358 1584 430 1627 oum
454 1562 529 1629 Tito
553 1563 716 1630 consortio
740 1567 848 1641 arcet,
879 1584 944 1628 non
968 1566 1131 1646 quatenus
1159 1562 1365 1629 aversionem
1392 1562 1481 1647 sapit

152 1674 172 1718 a
196 1652 261 1718 Titi
285 1651 492 1736 parentibus:
522 1651 620 1717 immo
644 1654 700 1718 hoc
722 1673 821 1717 seusu
844 1652 966 1718 malum
996 1656 1048 1718 est
1077 1673 1182 1735 neque
1211 1652 1254 1718 ad
1284 1650 1318 1717 id
1349 1651 1482 1719 exsistit

153 1741 319 1823 obligatio.
359 1740 565 1824 Quapropter
584 1741 775 1826 Sempronia
797 1762 857 1826 per
876 1741 1096 1808 iuramentum
1119 1762 1183 1806 non
1206 1739 1392 1825 impeditur,
1417 1762 1481 1824 quo

152 1831 258 1896 miuus
289 1831 388 1897 adeat
418 1830 483 1896 Titi
512 1835 683 1915 parentes,
715 1830 743 1896 si
773 1831 868 1896 modo
899 1831 1024 1897 nullum
1052 1829 1271 1915 peccaminosi
1300 1851 1376 1896 eum
1405 1830 1481 1896 Tito

152 1924 333 1986 conventus
355 1919 535 2004 periculum
559 1924 619 1987 est.

241 2026 281 2092 R.
306 2028 336 2092 3.
376 2026 477 2091 Immo
501 2025 529 2090 si
552 2030 688 2109 propter
710 2028 857 2090 mutatas
881 2024 1146 2091 circumstantiae
1169 2023 1287 2091 relatio
1311 2045 1385 2090 oum
1405 2023 1481 2090 Tito

152 2117 291 2181 honesta
320 2120 354 2182 et
384 2114 529 2199 optanda
551 2119 713 2199 speratur,
744 2114 871 2180 secluso
901 2114 989 2179 omni
1018 2113 1173 2198 peccandi
1197 2112 1357 2198 periculo,
1389 2112 1482 2180 Sem·

152 2205 266 2289 pronia
286 2204 385 2270 etiam
409 2225 482 2269 oum
500 2204 575 2269 Tito
599 2203 787 2270 conversari
810 2208 930 2287 potest.
965 2202 1166 2270 Matrimonii
1190 2223 1264 2268 cum
1286 2223 1324 2269 eo
1347 2201 1482 2269 ineundi

153 2295 180 2359 si
204 2294 343 2360 fundata
365 2314 441 2377 spes
464 2299 525 2370 est,
550 2313 629 2358 sane
653 2297 705 2359 eet
727 2293 813 2357 ratio
836 2292 958 2375 gravis,
982 2296 1083 2375 atque
1105 2292 1138 2357 in
1161 2295 1274 2358 nostro
1293 2312 1372 2357 casu
1390 2291 1481 2357 Sem·

153 2382 283 2467 pronis,
314 2403 378 2447 nou
402 2384 555 2448 obstante
577 2382 778 2460 iuramento,
810 2382 850 2447 de
873 2403 913 2447 ea
935 2402 971 2446 re
995 2402 1069 2447 cum
1092 2381 1166 2447 Tito
1190 2384 1301 2465 potest
1322 2385 1480 2448 tractare.

156 2472 276 2537 Verum
307 2493 380 2537 eum
410 2471 548 2555 primum
578 2470 612 2536 in
643 2470 891 2536 conversatione
918 2492 991 2536 oum
1015 2470 1090 2536 Tito
1115 2470 1238 2552 aliquid
1260 2469 1482 2554 peccaminosi

153 2561 206 2627 vel
230 2560 403 2645 periculosi
426 2561 540 2639 subsit,
566 2560 758 2644 Sempronia
774 2560 874 2626 ctiam
897 2559 931 2624 vi
953 2558 1128 2625 iuramenti
1147 2559 1323 2643 obligatur,
1348 2563 1387 2625 ut
1405 2580 1481 2626 con·

155 2650 375 2716 versationem
407 2651 582 2732 abrumpat
615 2652 715 2732 atque
746 2648 814 2715 evit
835 2653 860 2716 t.
911 2648 960 2715 ef.
990 2648 1120 2715 Elbel
1149 2670 1180 2733 p.
1206 2651 1244 2728 3,
1274 2670 1306 2715 n.
1332 2651 1373 2714 77
1391 2669 1480 2733 sqq.;

159 2740 215 2807 lt.
239 2763 279 2806 or.
304 2740 329 2815 l,
353 2740 429 2805 418.

313 2948 567 3017 IURAMENTI
592 2945 951 3014 INTERPRETATIO
975 2946 1032 3011 ΕΤ
1055 2944 1320 3014 RELAXATIO.

719 3104 830 3171 Casus.
858 3110 916 3179 (68)

243 3246 427 3318 Quadratus,
456 3245 618 3305 studiorum
642 3264 733 3304 cenea
761 3245 791 3303 in
814 3244 980 3303 convictum
1009 3242 1173 3316 admissus,
1201 3244 1299 3304 iurare
1320 3244 1423 3304 debuit
1450 3263 1482 3304 se

154 3331 268 3386 statuta
290 3327 392 3387 domus
413 3327 490 3385 velle
512 3328 684 3395 observare,
707 3329 739 3384 at
759 3325 790 3383 in
811 3324 911 3384 multis
933 3324 1012 3383 rebis
1035 3330 1139 3383 contra
1160 3344 1196 3383 ea
1217 3324 1355 3401 deliquit;
1377 3331 1482 3402 postea

154 3427 258 3466 munus
287 3407 374 3466 eivile
402 3406 569 3483 suscipiens
596 3407 760 3466 iuramento
788 3405 960 3482 promittere
982 3405 1083 3464 debuit
1103 3405 1276 3464 fidelitatem
1305 3424 1379 3481 erga
1400 3407 1481 3481 leges

155 3487 257 3561 regni,
288 3505 390 3546 verum
421 3487 510 3546 etiam
541 3492 645 3546 contra
675 3505 727 3545 eas
757 3505 847 3561 saepe
877 3484 977 3561 aliqua
1006 3484 1161 3545 commisit.
1183 3518 1223 3527 -
1251 3484 1353 3562 Nuper
1383 3505 1481 3546 coram

155 3567 249 3625 amico
278 3566 466 3627 iureiurando
495 3566 630 3642 promisit
661 3586 694 3625 se
716 3585 781 3625 cum
804 3566 869 3643 ipso
891 3564 1159 3642 peregrinationem
1179 3565 1482 3644 Hierosolymitanam

154 3647 301 3706 facturum
316 3667 392 3718 esse,
407 3647 459 3706 sed
474 3652 587 3722 postea.
604 3666 669 3705 curn
684 3666 721 3705 ex
736 3649 837 3705 morbo
852 3646 883 3705 in
898 3664 982 3722 quem
997 3644 1142 3705 inciderat
1156 3646 1369 3716 convaluisset,
1384 3646 1482 3706 timuit

155 3726 210 3786 sibi
234 3733 353 3805 propter
373 3727 573 3786 valetudinem
594 3726 728 3785 nonnihil
750 3726 933 3785 debilitatam
955 3731 1043 3802 atque
1067 3726 1193 3785 amicum
1214 3732 1318 3802 rogat,
1346 3731 1379 3786 ut
1406 3727 1481 3787 iura·

155 3813 285 3866 mentum
307 3808 364 3867 sibi
385 3807 526 3867 remittat.

156 3901 332 3973 Quasiurnn
356 3909 383 3964 1⁰
408 3905 552 4042 quotmodo
573 3906 739 3963 iuramenta
756 3903 908 3963 fidelitatis
930 3907 960 3962 et
980 3903 1089 3963 similia
1104 3902 1270 3963 iuramenta
1284 3903 1482 3982 intellegenda

407 4005 454 4043 ern
471 4033 477 4043 .

354 4076 384 4131 2⁰
410 4062 654 4149 quis'iuramenti
676 4071 886 4146 obligationem
908 4072 1005 4147 possit
1025 4072 1171 4133 relaxare.

353 4164 384 4222 3⁰
409 4162 478 4239 quid
500 4162 536 4221 de
558 4160 702 4230 Quadrati
724 4160 842 4220 casibus
864 4161 1025 4222 dicendum.

753 4316 889 4386 solutio.

94 4470 146 4525 248
245 4453 297 4518 Aa
321 4472 520 4529 ouauslnum
547 4455 583 4517 1ω
606 4451 645 4516 R.
690 4449 857 4516 Eiusmodi
882 4450 1065 4516 iuramenta
1088 4471 1154 4515 non
1177 4453 1308 4515 mutant
1330 4450 1481 4516 substan·

156 4544 235 4610 tiam
251 4543 339 4608 illius
356 4541 574 4624 obligationis
600 4561 683 4623 quae
703 4540 767 4606 iam
791 4545 868 4607 ante
884 4540 1102 4605 iuramentum
1120 4538 1260 4614 exsistit,
1284 4539 1343 4605 sed
1359 4540 1482 4606 addunt

156 4637 284 4699 tantum
309 4632 408 4697 aliam
432 4630 640 4713 obligationis
663 4630 822 4715 speciem,
854 4629 980 4696 seilicet
1003 4628 1180 4712 religionis.
1227 4629 1351 4707 Quare:
1387 4629 1419 4711 1)
1443 4649 1480 4695 ea
