3106 5168
312 291 466 346 Translatio
484 294 534 346 iur.
553 309 579 362 p.
598 295 755 346 contractus
773 320 809 329 -
826 293 942 345 venditio
959 294 1051 359 reique
1066 295 1191 359 mnium.
1349 293 1414 357 445

91 469 231 570 Arsenio
255 489 322 533 rem
346 473 452 535 totam
475 468 621 534 sincerus
644 473 803 553 exponat,
830 468 948 550 hicque
971 468 1077 532 Druso
1102 471 1166 534 500
1190 468 1263 533 illas
1286 487 1416 533 marcas

91 559 344 712 addlcllimirum
368 646 406 712 lt.
432 649 462 713 2.
508 647 691 712 Consensus
713 646 769 711 ille
792 646 922 711 Arsenii
944 646 1098 712 obtentus
1122 652 1173 712 est
1195 646 1321 711 fraude.
1352 645 1417 710 Pu-

93 736 181 802 tavit
214 735 301 800 enim
330 757 395 800 non
425 736 497 819 plus
528 756 601 801 esse
630 736 775 802 oblatum
804 756 864 819 pro
887 735 1024 818 pictura.
1071 733 1144 799 Nisi
1168 734 1253 800 enim
1277 735 1317 799 de
1341 754 1418 799 con·

92 825 198 891 traria
221 825 393 891 voluntate
415 828 554 901 constet,
578 824 662 890 sumi
690 824 786 890 debet
809 823 983 889 Arsenium
1003 823 1147 889 voluisse
1162 845 1215 889 res
1238 845 1315 889 suas
1338 843 1418 887 ven·

94 914 173 979 dere
196 935 293 995 quam
316 913 419 996 pluris
442 914 527 980 inste
550 918 673 998 posset.

184 1019 223 1084 R.
249 1022 279 1086 3.
325 1020 451 1084 Drusus
474 1040 538 1084 non
562 1018 708 1085 vendidit
730 1039 800 1083 rem
823 1038 915 1083 suam
939 1017 998 1083 sed
1026 1038 1095 1082 rem
1125 1016 1282 1094 alienam,
1313 1036 1418 1099 neque

95 1130 156 1173 suo
180 1109 309 1173 nomine
333 1108 390 1173 sed
414 1109 543 1174 nomine
567 1108 684 1177 alieno.
728 1108 817 1189 Ergo
842 1113 876 1173 et
899 1105 1164 1172 resillaaliena
1187 1104 1337 1171 nonsibi
1360 1105 1419 1171 sed

95 1197 226 1262 domino
251 1197 356 1263 crevit
377 1217 435 1261 seu
460 1197 722 1264 aestimationem
738 1197 893 1261 maiorem
918 1195 1048 1271 habuit;
1073 1201 1107 1261 et
1123 1195 1248 1259 Drusus
1271 1215 1335 1259 non
1359 1215 1419 1259 suo

94 1287 225 1352 nomine
248 1286 306 1351 sed
329 1285 458 1350 nomine
474 1286 601 1351 Arsenii
619 1290 822 1352 contractum
838 1283 1035 1350 venditionis
1057 1283 1205 1367 perfecit,
1230 1284 1304 1349 hino
1320 1284 1420 1350 etiam

95 1375 240 1459 pretium
264 1375 496 1440 determinavit
527 1381 560 1442 et
590 1375 723 1459 recepit.
770 1373 977 1458 Quapropter
1007 1378 1113 1439 totum
1144 1372 1283 1457 pretium
1306 1393 1420 1457 recep·

99 1470 170 1530 tum
195 1464 320 1531 utiliter
342 1485 401 1548 pro
425 1464 565 1541 domino,
590 1464 610 1531 i.
635 1485 662 1531 e.
687 1463 836 1539 Arsenio,
861 1468 1031 1546 acceptum
1055 1465 1115 1528 est.

187 1571 226 1636 R.
251 1572 282 1635 4.
328 1569 436 1635 Aliter
459 1569 605 1652 quidem,
638 1570 666 1633 si
690 1570 816 1634 Drusus
844 1568 906 1634 eibi
929 1569 1092 1653 picturam
1115 1573 1191 1653 post
1215 1568 1420 1652 exploratam

96 1659 230 1724 Arsenii
253 1659 457 1725 voluntatem
480 1659 614 1724 emisset
644 1663 679 1724 et
708 1662 825 1743 postea
856 1663 953 1724 aucto
976 1658 1083 1743 pretio
1106 1657 1187 1722 illud
1211 1657 1318 1722 carius
1341 1677 1422 1721 ven·

97 1748 244 1814 didisset.
291 1747 327 1811 ln
359 1768 422 1829 quo
446 1768 524 1813 casu
554 1747 651 1830 pretii
681 1768 850 1812 excessum
880 1747 942 1812 sibi
973 1752 1205 1831 comparasset.
1253 1747 1300 1811 At
1322 1745 1422 1812 etiarn

97 1845 170 1904 tum
192 1836 366 1903 infideliter
389 1837 511 1919 egisset
534 1858 650 1902 munus
673 1857 777 1914 suum,
802 1837 921 1902 saltem
936 1836 963 1901 si
978 1840 1049 1902 tum
1066 1836 1193 1900 demum
1218 1835 1422 1901 voluntatem

98 1926 160 1991 sibi
191 1925 318 1990 emendi
348 1926 510 2008 picturam
534 1926 753 2009 concepisset,
785 1946 857 1990 oum
880 1925 945 1990 iam
976 1945 1066 2009 spem
1091 1925 1229 1990 haberet
1251 1924 1423 1991 fundatam

99 2037 173 2081 eam
197 2015 305 2080 carius
329 2014 499 2079 vendendi.

190 2103 331 2169 Facilius
353 2109 464 2169 tamen
489 2103 531 2169 ab
553 2102 716 2169 iniustitia
744 2102 875 2186 proprie
905 2101 992 2168 diota
1023 2105 1057 2168 et
1080 2101 1274 2168 restituendi
1298 2101 1424 2183 obliga-

99 2193 190 2260 tione
213 2196 428 2258 excusaretur
451 2192 483 2257 in
507 2192 688 2276 posteriore
711 2191 911 2275 sumptione,
936 2191 964 2256 si
988 2191 1116 2256 demum
1140 2199 1314 2272 utcumque
1338 2190 1424 2274 peri·

101 2283 208 2348 culum
240 2282 371 2364 aliquod
400 2282 433 2347 in
464 2302 500 2346 se
529 2281 723 2364 sumpsisset
752 2302 816 2345 non
851 2280 955 2345 solurn
985 2280 1067 2345 lucri
1096 2280 1155 2345 sed
1184 2279 1284 2345 etiam
1314 2278 1424 2345 damni

100 2371 252 2437 faciendi.

305 2538 521 2605 LICITATIO
545 2538 629 2605 SEU
653 2538 867 2605 VENDITIO
893 2539 975 2604 SUB
1000 2539 1145 2605 HASTA
1170 2537 1222 2619 (l).

659 2687 769 2754 tusus.
799 2694 874 2763 (aaa)

193 2825 344 2885 Arminius
371 2826 402 2884 in
429 2825 593 2885 licitatione
622 2845 686 2885 cum
717 2828 809 2886 multa
830 2826 1008 2904 supellectili
1029 2827 1117 2886 etiam
1138 2846 1255 2886 crucem
1276 2831 1427 2885 vestutate

102 2906 264 2976 foedatam,
285 2906 337 2964 sed
358 2905 388 2964 in
403 2926 436 2964 se
457 2906 618 2982 pretiosam
639 2912 748 2966 atarto
763 2909 849 2983 longe
870 2905 1083 2984 pretiosiorem,
1106 2914 1217 2966 emerat
1231 2907 1326 2983 pretio
1347 2907 1427 2965 vilis·

103 2985 188 3045 simo.
229 2986 301 3045 (lum
322 2985 386 3045 eius
406 2987 491 3045 valor
512 2985 645 3045 Arminio
666 2987 707 3046 sit
727 2987 855 3062 ignotus,
877 2986 1014 3057 Orosius,
1036 3005 1133 3044 rerum
1153 2993 1336 3046 vetustarum
1357 2986 1427 3045 arti·

103 3067 245 3125 ficialium
273 3066 502 3141 colligendarum
532 3067 755 3143 cupidissimus,
784 3068 870 3125 offert
898 3068 957 3126 500
977 3086 1049 3136 mc.;
1077 3086 1130 3142 pro
1151 3066 1255 3143 quibus
1276 3065 1428 3124 Arminius

104 3166 171 3205 eam
193 3146 318 3205 libenter
340 3147 432 3205 cedit:
455 3165 556 3204 verum
571 3146 675 3206 Orusio
696 3167 734 3205 ne
754 3166 807 3223 pro
829 3149 908 3206 2000
922 3165 1088 3205 marcarum
1107 3146 1222 3221 quidem
1243 3145 1358 3204 venalis
1372 3151 1427 3206 est.

104 3253 284 3323 Qusamnnn
306 3257 335 3311 1ο
360 3253 436 3311 unde
458 3258 577 3329 petatur
597 3252 685 3328 pretii
704 3252 826 3311 iustitia.

306 3341 336 3398 2ο
361 3341 495 3417 possitne
510 3341 639 3400 eiusdem
660 3341 703 3400 rei
718 3341 826 3418 emptio
841 3345 871 3400 et
885 3340 1026 3412 venditio,
1047 3346 1081 3399 ut
1101 3341 1132 3400 in
1147 3360 1227 3411 casu,
1249 3339 1311 3398 fieri
1333 3339 1428 3416 pretio

360 3421 514 3492 vilissimo,
535 3422 630 3498 pretio
653 3424 711 3481 500
732 3441 796 3493 mc,
819 3423 898 3481 2000
919 3439 1092 3480 marcarum.

702 3604 837 3670 Solutio.

198 3739 251 3802 An
275 3758 466 3814 qunamnuu
493 3743 528 3802 1¹¹¹
556 3738 595 3805 R.
622 3742 650 3804 1.
698 3738 842 3803 Pretium
876 3737 1087 3819 distinguitur
1122 3738 1275 3819 vulgare,
1311 3739 1428 3820 legale,
1441 3759 1491 3813 878

104 3826 368 3893 conventionale.
415 3826 685 3904 Conventionale,
717 3830 878 3909 quatenus
908 3826 1037 3892 omnino
1067 3827 1230 3893 abstrahit
1259 3827 1432 3910 evulgari

107 3916 226 4000 pretio,
251 3936 326 3982 raro
350 3915 523 3980 admodum
547 3916 693 3981 adhiberi
716 3920 835 4000 potest.
883 3916 1015 3998 Legale,
1040 3915 1068 3980 si
1091 3917 1177 3999 quod
1200 3915 1347 3993 exsistit,
1373 3938 1431 3999 pro

106 4004 210 4071 certis
228 4005 325 4070 rebus
349 4010 477 4070 tantum
495 4004 635 4083 exsistit,
660 4005 756 4087 idque
780 4026 838 4089 per
853 4027 899 4081 se,
925 4005 1054 4070 omnino
1071 4007 1182 4082 fixum,
1206 4026 1270 4070 non
1286 4004 1433 4071 admittit

108 4094 211 4160 ullam
235 4115 255 4159 a
278 4095 345 4159 lixa
368 4094 425 4158 illa
452 4114 605 4160 mensura
636 4093 865 4160 deviationem.
912 4094 1058 4176 Vulgare
1087 4094 1166 4160 illud
1191 4101 1258 4171 est,
1289 4094 1375 4175 quod
1398 4095 1432 4159 in

107 4183 273 4250 communi
297 4182 527 4249 aestimatione
551 4183 598 4248 rei
622 4182 784 4261 consistit,
808 4185 1033 4249 hebetantem
1050 4182 1192 4265 aliquam
1215 4183 1432 4249 variationem

106 4294 168 4339 seu
191 4271 397 4338 latitudinem
421 4272 507 4338 inter
529 4272 669 4355 pretium
693 4274 838 4337 infimum
862 4278 896 4338 et
919 4293 1080 4338 summum
1110 4279 1209 4354 atque
1234 4272 1432 4338 determina·

108 4368 165 4430 tur
195 4366 349 4427 accurate
379 4360 450 4444 ipsa
480 4361 694 4426 conventione
722 4361 1012 4444 interemptorem
1042 4366 1075 4427 et
1105 4361 1307 4426 venditorem
1331 4361 1431 4429 facta.

106 4452 158 4518 cf.
185 4450 340 4516 Noldin
363 4450 404 4527 ll,
430 4472 460 4516 n.
486 4452 678 4527 tat-5893
708 4450 764 4515 Tb.
789 4474 828 4515 m.
853 4450 878 4526 l,
907 4454 990 4515 1116
1007 4471 1078 4532 sqq.

201 4558 240 4624 lt.
266 4560 296 4623 2.
343 4556 545 4639 Quamquam
577 4558 714 4637 vulgare
746 4557 886 4639 pretium
917 4556 1105 4622 immediate
1139 4579 1198 4641 per
1230 4575 1432 4620 communem

107 4647 375 4714 aestimationem
393 4645 638 4721 determinatur,
663 4645 743 4710 haec
760 4645 988 4711 determinatio
1005 4667 1069 4709 non
1093 4652 1145 4713 est
1168 4643 1351 4722 arbitraria,
1375 4645 1433 4710 sed
