3106 5168
156 286 310 341 Translatio
322 288 372 341 iur.
385 304 412 358 p.
425 289 580 342 testament.
594 287 724 344 ethered.
737 317 773 325 -
785 289 903 341 Heredes
915 290 1057 341 necessarii
1070 305 1196 342 eorumve
1208 291 1297 343 aceo.
1346 292 1409 356 481

182 463 221 530 R.
239 465 269 529 2.
305 462 523 529 Nihilominus
546 464 629 529 sumi
650 463 748 530 debet
769 468 924 548 parentes
946 464 1030 529 filios
1054 485 1139 543 suos,
1164 469 1320 546 quantum
1342 463 1412 529 fieri

91 552 214 637 possit,
238 572 344 635 aequa
368 553 461 618 lance
483 553 568 618 velle
591 559 747 632 tractare,
772 574 829 618 seu
853 574 909 618 eos
932 554 1019 618 nolle
1042 553 1095 618 uni
1119 574 1198 637 prae
1221 554 1294 619 aliis
1317 559 1413 620 nota·

93 642 203 707 biliter
225 641 298 725 plus
322 641 481 720 conferre,
505 642 568 706 nisi
591 662 664 707 eam
686 641 893 725 praeferendi
910 643 1113 708 voluntatem
1136 644 1190 708 vel
1213 643 1343 708 edicant
1359 643 1412 708 vel

91 730 192 796 iactis
204 730 389 808 ostendant,
406 730 458 795 vel
471 751 543 795 eam
556 731 795 797 rationabiliter
810 753 874 797 non
890 732 1017 814 possint
1032 753 1097 796 non
1112 752 1236 813 gerere.
1267 732 1304 797 In
1317 731 1413 797 dubio

93 819 222 886 attendi
244 819 364 885 debent
386 820 469 902 legis
492 819 654 903 positivae
678 820 906 903 dispositiones
929 820 1130 902 singularum
1154 821 1333 903 regionum.

183 926 222 993 R.
247 928 277 991 3.
325 925 412 991 Satis
436 946 541 1008 aequa
564 932 616 993 est
639 926 807 1008 dispositio
830 926 910 992 iuris
934 928 1062 994 Germ.
1087 925 1120 1008 (ἕ
1144 925 1255 1007 2050),
1280 930 1327 1002 ut,
1352 925 1415 991 nisi

92 1019 248 1099 parentes
271 1014 470 1079 contrarium
487 1015 726 1093 constituerint,
751 1016 950 1082 conferenda
973 1021 1008 1082 et
1030 1038 1088 1099 pro
1104 1020 1199 1100 parte
1221 1014 1414 1082 hereditatis

94 1104 245 1170 habenda
269 1103 351 1168 sint:

184 1193 217 1274 a)
241 1212 325 1273 quae
347 1212 406 1275 pro
428 1191 504 1257 dote
527 1193 580 1257 vel
603 1193 645 1258 ad
669 1198 863 1278 apparatum
887 1197 995 1260 status
1018 1193 1162 1276 separati
1185 1193 1325 1258 filiorum
1348 1192 1416 1257 sin·

94 1281 181 1365 gulis
205 1281 326 1346 collata
349 1284 442 1357 sunt3

185 1370 219 1453 b)
249 1390 333 1451 quae
362 1368 460 1434 alicui
490 1390 532 1434 ex
561 1369 636 1436 filiis
658 1370 738 1436 'data
767 1375 844 1438 sunt
873 1371 916 1436 ad
946 1371 1113 1454 augendos
1136 1372 1190 1437 vel
1218 1370 1416 1455 supplendos

95 1460 243 1525 redditus
266 1480 406 1534 annuos;

186 1549 217 1629 c)
241 1569 325 1629 quae
342 1547 431 1613 ultra
446 1549 533 1612 vires
549 1548 645 1613 alicui
670 1569 711 1613 ex
734 1548 808 1614 filiis
825 1549 904 1615 data
927 1555 1005 1616 sunt
1027 1549 1228 1616 educationis
1244 1550 1298 1614 vel
1320 1569 1417 1633 prae-

94 1637 233 1721 parandi
256 1640 365 1702 status
384 1636 473 1703 vitae
496 1657 612 1702 causa:
637 1642 811 1704 censentur
834 1643 943 1704 autem
968 1639 1057 1704 ultra
1072 1639 1159 1703 vires
1178 1639 1308 1715 collata,
1334 1657 1418 1720 quae

95 1726 166 1791 sine
196 1725 315 1792 debitis
344 1725 575 1791 contrahendis
612 1747 670 1791 seu
695 1725 910 1791 diminuendis
939 1728 1031 1792 bonis
1062 1727 1234 1794 stabilibus
1263 1732 1418 1810 parentes

95 1836 161 1881 non
183 1820 322 1898 possunt
344 1814 531 1898 impendere
554 1814 713 1881 omnibus.

187 1903 390 1968 Conferenda
420 1908 530 1969 autem
560 1924 625 1968 non
654 1908 732 1968 sunt
761 1924 817 1981 ea,
848 1924 932 1985 quae
963 1904 1051 1969 clare
1076 1905 1155 1970 data
1184 1907 1262 1968 sunt
1291 1901 1418 1968 liberali

96 1993 273 2058 donatione
303 2013 344 2057 ex
372 1992 487 2058 favore
516 1993 708 2077 praecipuo,
740 1992 802 2057 nisi
831 1993 918 2058 forte
948 1993 1007 2058 tali
1031 1993 1205 2059 donatione
1236 2000 1418 2059 ceterorum

96 2082 205 2166 portio
229 2081 376 2163 legitima
399 2081 594 2147 laederetur.

189 2171 239 2235 ux
263 2171 296 2237 C.
322 2169 424 2236 Gall.
449 2175 511 2236 art.
529 2173 593 2234 843
611 2174 646 2236 et
664 2171 728 2234 852
752 2170 949 2236 conferenda
972 2174 1049 2236 sunt
1074 2169 1106 2252 1)
1131 2170 1216 2235 dona
1239 2174 1273 2236 et
1295 2171 1418 2252 legata,
1503 2250 1506 2256 ἱ

96 2258 161 2325 nisi
190 2262 332 2325 testator
361 2279 401 2323 ea
431 2259 571 2342 positive
601 2259 776 2333 exemerit;
793 2268 872 2323 ‘non
901 2264 979 2325 sunt
1008 2259 1225 2325 conferendae
1255 2278 1418 2344 expensae

97 2348 311 2425 educationis,
334 2347 559 2424 institutionis,
584 2349 774 2414 ordinariae
798 2348 1021 2414 collocationis
1044 2369 1102 2413 seu
1126 2348 1221 2415 dotis.

188 2463 518 2539 Anounas1ruu2²¹¹
548 2463 586 2530 R.
614 2466 642 2529 1.
689 2463 762 2528 Filii
792 2463 932 2528 maiores
960 2465 1049 2528 certe
1078 2484 1142 2528 non
1165 2466 1321 2545 poterunt
1343 2482 1481 2534 con-947

98 2553 191 2634 queri
216 2551 255 2617 de
284 2552 476 2636 praelegato
500 2552 565 2617 filio
596 2552 710 2617 minori
742 2552 841 2618 facto.
888 2552 940 2618 lta
967 2552 1053 2617 euim
1083 2551 1190 2635 aliquo
1217 2551 1331 2628 modo,
1361 2551 1419 2615 sed

98 2661 141 2706 ne
166 2661 207 2706 ex
230 2640 359 2724 integro
383 2640 529 2722 quidem,
554 2646 807 2725 compensantur
830 2662 886 2720 ea,
914 2662 997 2724 quae
1020 2641 1082 2725 ipsi
1105 2661 1185 2724 prae
1209 2640 1341 2724 reliquis
1365 2661 1419 2706 ao·

98 2733 265 2813 ceperunt.

190 2819 253 2884 Sed
276 2839 382 2901 neque
404 2818 491 2884 filius
513 2818 618 2883 minor
641 2820 795 2902 conqueri
818 2818 888 2884 iure
911 2822 1037 2902 potest;
1068 2839 1143 2883 nam
1167 2818 1216 2896 id,
1248 2839 1311 2900 quo
1335 2818 1421 2884 dona

98 2908 133 2973 in
152 2907 236 2973 filios
259 2907 399 2972 maiores
422 2907 543 2973 collata
559 2909 677 2971 donum
701 2908 761 2972 sibi
778 2908 890 2973 datum
913 2912 1080 2990 superant,
1103 2907 1187 2973 tanti
1211 2929 1276 2972 non
1300 2912 1360 2985 est,
1385 2912 1422 2973 ut

99 2996 241 3062 excedat
264 2997 348 3062 bona
371 2997 404 3061 in
427 2997 528 3061 libera
548 3000 655 3080 putris
679 2998 884 3081 dispositione
905 2996 1023 3079 posita.

190 3103 229 3168 R.
247 3106 277 3168 2.
311 3103 421 3168 Solum
437 3103 611 3167 videndum
628 3106 688 3180 est,
713 3124 789 3166 num
806 3103 891 3168 filiae
914 3103 1000 3169 iuste
1024 3107 1272 3184 conquerantur.
1305 3101 1422 3182 Aequa

98 3193 194 3257 lance
224 3212 288 3256 non
318 3195 513 3258 tractantur.
562 3193 682 3256 Verum
706 3191 903 3256 considerari
927 3191 1024 3258 (lebet
1053 3192 1152 3267 filios,
1184 3196 1221 3257 ut
1250 3191 1422 3272 acquirant

99 3282 222 3346 iustum
246 3280 335 3346 vitae
359 3284 498 3357 statum,
529 3281 674 3365 pluribus
701 3280 849 3362 indigere
873 3301 968 3362 quam
992 3281 1094 3358 filias,
1125 3279 1153 3344 si
1184 3279 1233 3344 his
1262 3301 1322 3365 per
1351 3300 1421 3344 ma-

99 3369 288 3436 trimonium
312 3369 510 3435 conveniens
537 3369 702 3453 provisum
726 3369 780 3434 sit.
831 3369 1029 3436 Praesertim
1058 3369 1090 3434 id
1121 3370 1228 3447 valet,
1262 3369 1306 3445 si,
1337 3388 1422 3452 quae

99 3458 301 3523 Theodosius
330 3460 364 3522 in
393 3459 477 3524 filios
506 3480 586 3543 prae
615 3458 742 3522 filiabus
772 3458 945 3541 impendit,
977 3480 1040 3523 non
1071 3459 1244 3542 desumpta
1273 3462 1349 3523 sunt
1379 3477 1421 3522 ex

99 3547 194 3613 bonis
216 3547 388 3612 stabilibus
413 3548 470 3613 sed
494 3569 535 3612 ex
559 3568 665 3614 annuo
689 3548 789 3625 lucro,
814 3548 898 3630 quod
922 3547 1122 3612 Theodosius
1151 3548 1264 3613 labore
1286 3548 1339 3612 vel
1371 3546 1423 3611 in-

99 3635 228 3702 dustria
256 3636 336 3702 fecit
365 3637 418 3701 vel
449 3659 490 3701 ex
521 3637 636 3702 annuis
666 3637 824 3702 reditibus
854 3636 983 3702 habuit:
1015 3657 1054 3701 ea
1084 3637 1170 3702 enim
1200 3659 1259 3720 pro
1287 3635 1422 3703 arbitrio

98 3728 233 3810 poterat
256 3726 450 3808 expendere,
475 3730 518 3801 et,
542 3726 569 3790 si
593 3748 651 3809 pro
675 3726 866 3792 educatione
889 3726 976 3790 bona
990 3725 1128 3790 filiorum
1154 3726 1318 3811 expendit,
1343 3726 1423 3792 fecit

98 3817 193 3880 bene.
239 3814 355 3897 Neque
378 3815 508 3881 videtur
531 3816 627 3898 plane
650 3816 835 3897 neglexisse
857 3814 958 3893 filias,
990 3814 1052 3880 etsi
1082 3814 1189 3880 miuus
1218 3836 1277 3899 pro
1301 3814 1340 3878 iis
1364 3836 1423 3880 ex·

99 3902 261 3988 penderit.

190 3992 300 4058 Solum
328 3992 356 4057 si
385 3996 520 4076 propter
542 3993 626 4058 filios
658 3994 743 4058 bona
774 3992 905 4058 stabilia
929 3991 1076 4059 vendidit
1105 3997 1204 4074 atque
1234 3990 1425 4058 notabiliter

100 4081 266 4156 diminuit,
291 4081 361 4146 fieri
384 4082 507 4165 potuit,
537 4086 573 4147 ut
596 4081 736 4146 filiarum
760 4103 836 4165 pars
860 4081 1059 4148 hereditaria
1082 4103 1123 4145 ne
1145 4081 1327 4165 portionem
1352 4079 1423 4160 qui·

99 4172 176 4237 dem
196 4171 269 4253 lege
285 4171 428 4236 debitam
445 4171 640 4252 attingerem
665 4171 697 4234 in
714 4192 777 4252 quo
802 4192 878 4235 casu
902 4171 977 4235 filiis
1001 4193 1060 4253 pro
1076 4174 1150 4235 rata
1175 4170 1295 4250 aliquid
1312 4169 1423 4234 detra·

98 4259 242 4326 hendum
261 4265 359 4338 esset,
383 4264 483 4342 atque
506 4259 662 4343 imprimis
685 4259 759 4324 filiis
783 4259 967 4337 maioribus,
992 4264 1029 4325 ut
1052 4259 1168 4340 legalis
1192 4280 1268 4342 pars
1284 4257 1423 4322 filiarum

99 4349 318 4433 suppleretur.

661 4499 865 4506 m*-

153 4751 322 4801 neumizant,
336 4751 409 4794 casus
422 4752 581 4793 consolantiae.
608 4751 625 4792 1.
