3106 5168
156 253 198 316 50
575 249 616 305 De
633 249 729 319 regula
747 251 858 304 actuum
875 249 1063 304 humanorum.

155 425 196 490 ad
227 425 276 503 id,
308 425 394 507 quod
423 431 475 492 est
497 425 667 492 moraliter
690 425 905 510 impossibile;
937 425 1029 508 atqui
1059 425 1271 492 observantia
1299 425 1382 511 legis
1409 448 1485 493 eum

154 514 244 580 vitae
267 513 411 597 periculo
434 514 611 582 ueletiam
635 514 745 582 famae
768 514 934 598 integrae,
967 515 1066 580 immo
1098 536 1171 581 curn
1195 514 1331 583 notabili
1355 516 1485 583 iactura

155 603 313 669 bonorum
336 608 388 670 est
410 603 579 669 moraliter
601 604 763 687 loquendo
787 603 1013 688 impossibilis;
1038 607 1146 688 ergo.“

244 708 284 775 R.
308 710 338 775 3.
384 707 604 775 Nihilominus
627 710 709 775 haec
731 709 901 775 excusatio
931 731 997 775 non
1019 709 1121 786 valet,
1153 708 1183 775 si
1212 710 1485 776 non-observatio

155 797 237 880 legis
266 796 301 862 in
326 797 434 863 odium
457 798 624 880 religionis
653 818 713 864 seu
735 798 870 865 virtutis
892 803 1057 881 vergeret.
1103 798 1226 864 Elbel
1249 819 1281 882 p.
1300 798 1330 877 Ι,
1354 801 1483 867 9299.

111 931 145 986 98
245 921 297 985 An
320 941 512 998 9999919991
537 925 575 986 2¹⁰
598 921 637 988 R.
662 924 689 986 1.
736 922 916 989 0991999919
943 921 1081 1006 physica
1103 921 1158 986 vel
1187 921 1304 988 morali
1333 921 1486 1008 impossi-

155 1008 284 1075 bilitate
307 1010 531 1077 observandae
554 1011 647 1093 legis,
672 1010 829 1092 obligatio
853 1011 918 1076 iam
943 1031 1007 1077 non
1032 1009 1173 1077 exsistit.
1221 1010 1285 1076 Sed
1307 1010 1487 1078 videndum

156 1102 223 1177 est,
254 1121 332 1165 num
361 1099 461 1166 liceat
490 1120 563 1166 sese
593 1099 626 1164 19
650 1099 807 1165 eiusmodi
830 1099 1127 1184 impossibilitatem
1157 1120 1216 1165 scu
1238 1120 1376 1183 gravem
1398 1101 1486 1168 diffi-

155 1189 312 1254 cultatem
336 1188 495 1267 conicere,
520 1189 594 1254 aliis
617 1188 727 1253 verbis
749 1188 815 1271 legi
838 1188 1022 1273 implendae
1045 1189 1249 1255 obstaculum
1273 1210 1406 1273 ponere.

244 1295 283 1362 R.
309 1298 338 1362 2.
386 1294 461 1360 Non
484 1294 597 1360 licebit
620 1294 668 1360 ita
691 1314 791 1377 agere
815 1314 857 1359 ex
878 1293 1061 1361 intentione
1084 1294 1167 1377 legis
1190 1293 1374 1375 violandae,
1398 1297 1485 1379 quod

156 1382 212 1449 alii
236 1384 348 1450 dicunt
372 1385 490 1449 directe
512 1383 746 1467 impedimenta
768 1404 901 1467 ponere.

245 1489 283 1556 R.
309 1493 339 1556 3.
386 1489 512 1555 Licebit
535 1489 694 1557 indirecte
723 1511 781 1556 seu
812 1490 882 1555 sino
911 1489 969 1556 1119
992 1489 1173 1556 intentione
1204 1513 1242 1556 ea·
1264 1493 1352 1558 iusto
1374 1514 1486 1560 cauca.

244 1598 284 1662 R.
309 1599 340 1662 4.
387 1597 493 1662 Causa
516 1597 604 1662 iusta
627 1617 666 1662 eo
690 1595 825 1679 gravior
847 1616 920 1661 esse
945 1595 1052 1673 debet,
1069 1615 1132 1679 quo
1148 1595 1313 1678 gravioris
1328 1597 1488 1664 momenti

156 1690 208 1752 est
230 1686 303 1771 ipsa
325 1686 391 1765 lex,
425 1689 459 1751 et
483 1705 546 1767 quo
569 1685 782 1770 propinquius
812 1685 878 1750 iarn
901 1684 1005 1752 instat
1027 1684 1111 1768 legis
1135 1685 1302 1770 obligatio.
1350 1686 1488 1772 Semper

155 1779 267 1841 tamen
290 1774 378 1840 iusta
401 1795 501 1840 causa
530 1775 595 1840 erit
618 1774 770 1839 damnum
801 1795 858 1840 seu
881 1773 1119 1839 incommodum
1143 1774 1221 1854 tale,
1246 1774 1331 1858 quod
1361 1797 1421 1862 per
1450 1798 1487 1842 se

158 1863 223 1929 iam
245 1886 305 1948 pro
329 1864 415 1930 iusto
440 1863 609 1929 obstaculo
634 1863 866 1929 consideretur.

112 1996 146 2051 99
245 1983 298 2047 An
320 2001 512 2057 ouassrrun
536 1984 576 2046 3¹n
599 1980 638 2047 R.
663 1985 690 2047 l.
738 1981 771 2047 Si
796 1981 885 2047 0999
908 1979 993 2046 19919
1016 1980 1063 2046 vi
1095 1981 1194 2048 etiam
1224 1981 1326 2048 solius
1355 2002 1488 2048 recrea·

156 2069 255 2137 tionis
284 2091 385 2136 causa
414 2069 550 2136 abiisset
581 2069 614 2135 in
646 2071 771 2146 locum,
805 2069 860 2134 ubi
893 2069 1108 2152 praevidebat
1139 2091 1175 2136 se
1205 2069 1488 2155 opportunitatem

156 2159 307 2225 audiendi
324 2159 415 2225 Sacri
439 2180 503 2224 non
527 2180 600 2224 csse
619 2158 817 2236 habiturum,
842 2158 939 2224 199119
963 2180 983 2224 9
1007 2159 1103 2242 99199
1119 2163 1344 2227 excusaretur.
1379 2161 1488 2243 Leges

156 2249 252 2326 enim,
277 2269 414 2330 quarum
438 2247 650 2314 observantia
667 2247 858 2330 frequenter
874 2247 1027 2325 occurrit,
1053 2269 1117 2314 non
1141 2254 1316 2314 censentur
1338 2248 1488 2331 obligare

155 2337 198 2402 ad
228 2337 456 2422 praecavenda
486 2336 666 2414 obstacula,
700 2336 762 2401 nisi
791 2336 856 2401 iam
887 2336 1034 2420 proxime
1058 2342 1186 2419 urgent.
1233 2337 1406 2417 Suarez,
1436 2339 1488 2404 Dc

151 2429 289 2512 peccatis
313 2426 395 2510 disp.
413 2429 444 2503 4,
466 2448 493 2491 9.
511 2428 542 2502 4,
564 2428 661 2493 n.10.
696 2425 776 2491 Inde
792 2446 931 2509 pronum
952 2431 1004 2492 est
1025 2425 1218 2491 concludere
1234 2426 1334 2492 etiam
1350 2431 1488 2512 propter

156 2519 361 2581 contractam
384 2515 608 2581 infirmitatem
632 2514 795 2579 Cononem
829 2535 983 2598 peccasse
1007 2514 1137 2597 quidem
1160 2513 1289 2580 omnino
1313 2516 1487 2582 excessivo

155 2610 251 2688 potu;
286 2604 342 2670 sed
374 2624 416 2669 ex
446 2625 496 2683 eo,
527 2603 614 2686 quod
636 2603 838 2687 praeviderit
867 2607 943 2687 post
966 2603 1047 2668 duos
1070 2602 1217 2670 veltres
1240 2603 1309 2670 dies
1339 2603 1402 2670 sibi
1424 2605 1487 2671 im·

155 2692 309 2777 possibile
332 2693 402 2758 fore
426 2692 538 2759 audire
555 2692 701 2770 Sacrum,
726 2713 799 2758 eum
819 2713 939 2758 novum
964 2697 1133 2776 peccatum
1150 2713 1253 2776 grave
1275 2694 1387 2761 laesae
1402 2693 1488 2778 legis

156 2781 398 2848 ecclesiasticae
428 2803 493 2847 non
524 2781 738 2848 contraxisse.
785 2782 837 2848 Ita
869 2802 988 2847 revera
1011 2783 1164 2848 auctores
1194 2803 1315 2866 graves
1339 2787 1485 2850 censent.

156 2870 204 2937 Of.
223 2876 355 2955 praeter
379 2871 532 2937 Suarez
556 2871 577 2937 l.
595 2892 621 2937 c.
639 2892 670 2936 9.
688 2873 718 2936 9.
739 2871 795 2945 10;
821 2869 972 2949 091199,
994 2871 1098 2939 Tbcol.
1117 2874 1371 2957 superlucentis
1393 2877 1436 2940 tr.
1454 2874 1486 2950 5,

156 2982 186 3026 9.
212 2962 275 3025 447
301 2964 336 3026 99
360 2962 539 3042 Quiuorius
562 2964 604 3026 tr.
630 2961 660 3036 5,
686 2980 756 3042 cap.
783 2961 835 3024 27.

244 3067 283 3131 R.
309 3068 339 3131 2.
386 3065 485 3131 Aliud
508 3068 559 3130 cst
583 3064 623 3130 de
645 3064 763 3129 itinere
786 3085 932 3131 romano.
975 3066 1121 3148 Vespere
1144 3064 1199 3129 vel
1229 3070 1325 3132 nocte
1356 3066 1485 3133 sabbati

154 3176 235 3221 9999
274 3154 422 3238 proxime
456 3154 560 3220 instat
594 3158 809 3238 praeceptum
843 3154 965 3219 Missae
1004 3153 1217 3220 dominicalis.
1273 3153 1381 3232 Quare
1416 3155 1488 3222 sine

154 3245 250 3328 gravi
274 3265 375 3310 causa
397 3244 486 3310 0999
515 3264 621 3325 neque
653 3263 724 3308 eam
749 3242 901 3310 omittere
924 3263 1029 3325 neque
1059 3263 1095 3307 se
1125 3242 1158 3307 in
1187 3243 1486 3327 impossibilitatem

155 3355 227 3399 eam
253 3333 402 3398 audiendi
427 3332 576 3398 conicere
599 3331 717 3416 potuit.
763 3331 836 3397 Nisi
860 3331 961 3415 igitur
992 3331 1055 3398 iter
1079 3352 1157 3397 vere
1185 3332 1341 3416 urgebat,
1373 3331 1488 3400 debuit

155 3422 264 3505 999199
296 3422 463 3506 paululum
497 3421 628 3487 differre
657 3420 710 3486 vel
741 3420 981 3504 interrumpere
1012 3441 1108 3503 quam
1139 3419 1275 3486 Missam
1298 3422 1486 3505 neglegere.

156 3511 190 3576 Si
214 3513 324 3576 autem
348 3532 406 3595 per
429 3511 513 3575 hanc
537 3509 726 3576 dilationem
750 3509 803 3574 vel
826 3509 1099 3593 interruptionem
1116 3509 1269 3575 damnum
1293 3509 1487 3578 incurrisset
1540 3556 1544 3562 -

156 3599 363 3666 mediocriter
385 3620 498 3681 grava
524 3599 675 3665 excusari
698 3601 818 3682 potest.

97 3720 147 3775 109
245 3705 283 3770 R.
305 3708 335 3771 3.
375 3706 447 3770 Hac
470 3704 651 3770 intentione
675 3724 796 3786 graves
819 3704 949 3770 labores
973 3703 1056 3770 alias
1077 3703 1288 3770 inconsuetos
1309 3724 1486 3785 assumere,

156 3799 192 3860 ut
216 3815 236 3858 a
259 3793 377 3859 ieiunio
393 3794 561 3872 liberetur,
586 3793 709 3858 Cunoni
733 3814 797 3857 non
816 3793 910 3869 licet;
935 3801 1095 3858 consuetos
1114 3796 1225 3859 tamen
1249 3796 1284 3858 et
1306 3796 1399 3860 utiles
1422 3815 1487 3860 non

155 3887 288 3949 tenetur
311 3883 473 3960 omittere,
498 3883 561 3948 etsi
585 3887 721 3966 propter
744 3902 800 3946 999
822 3881 977 3947 ieiunium
1001 3882 1216 3948 omittendum
1240 3885 1301 3949 est.

245 3981 346 4047 Paulo
377 3980 474 4047 aliter
503 3983 615 4046 tamen
646 3980 685 4045 de
716 3978 921 4063 suscipiendo
951 3980 1007 4044 illo
1038 4000 1136 4063 99999
1164 3980 1409 4046 misericordiae
1436 3981 1486 4046 in-

157 4069 319 4135 serviendi
352 4069 497 4151 aegrotis
531 4068 678 4136 dixerim.
733 4068 767 4133 Si
799 4069 860 4133 hoc
893 4090 934 4134 ex
966 4069 1090 4152 pietate
1123 4068 1313 4153 suscipitur,
1346 4070 1488 4137 habetur

157 4181 238 4244 opus
269 4160 386 4224 bonum
417 4158 535 4225 ieiunio
566 4158 798 4243 praestantius.
845 4157 961 4240 Neque
991 4162 1070 4241 puto
1098 4158 1280 4224 Ecclesiam
1304 4159 1485 4243 prohibere,

157 4248 327 4332 quominus
349 4247 504 4314 ieiunium
534 4248 567 4313 in
598 4250 666 4314 tale
697 4269 777 4331 opus
801 4251 1036 4324 commutetur;
1069 4268 1149 4330 ergo
1178 4268 1244 4311 non
1273 4252 1343 4313 tam
1374 4250 1487 4315 obsta·

158 4339 264 4403 culum
296 4338 379 4420 legis
409 4337 592 4421 implendae
623 4337 711 4402 0999
741 4335 851 4418 posuit
883 4356 981 4419 quarn
1014 4336 1301 4402 commutationem
1336 4336 1370 4403 in
1405 4359 1487 4422 9999

156 4428 283 4505 1991199,
307 4427 404 4509 idque
428 4427 505 4505 tale,
531 4426 616 4508 quod
639 4426 681 4491 ab
704 4426 813 4506 aliquo
838 4429 927 4491 certe
945 4425 1108 4509 praestari
1124 4425 1252 4491 debeat.
1291 4424 1399 4503 Quare
1421 4448 1486 4493 non

158 4520 208 4581 est
232 4538 289 4580 cur
312 4516 373 4581 hac
405 4516 438 4581 19
470 4537 505 4586 re
529 4515 618 4580 0999
641 4514 915 4598 reprehendatur:
949 4514 1011 4579 nisi
1035 4515 1122 4580 forte
1145 4514 1286 4580 vanitati
1318 4535 1361 4580 ex
1390 4515 1487 4583 laude

157 4606 299 4671 humana
322 4604 500 4689 capiendae
524 4604 695 4671 indulserit
725 4608 825 4686 atque
855 4603 902 4670 ita
931 4607 1053 4670 veniale
1081 4607 1253 4688 peccatum
1277 4604 1487 4674 commiserit.
