3106 5168
328 283 399 337 luris
417 282 484 337 laesi
503 283 638 353 reparatio
656 311 692 323 -
709 282 870 338 restituendi
888 284 982 335 cerodae
1000 291 1023 336 et
1042 285 1115 338 ordo.
1319 288 1382 353 377

60 479 135 523 rum
158 457 253 524 hodie
276 458 402 524 incolae
426 459 488 524 loci
512 461 609 541 longe
624 458 755 542 saepius
770 463 938 525 mutentur
954 480 1050 540 quam
1067 460 1284 526 anterioribus
1299 465 1384 527 tem·

59 547 203 631 poribus.
249 547 322 614 Etsi
345 548 447 630 igitur
463 548 548 614 idem
571 549 661 613 locus
684 551 837 613 servatur
859 569 918 632 pro
937 547 1088 614 facienda
1109 550 1326 627 restitutione,
1351 551 1384 616 in

59 657 125 718 quo
141 636 250 702 factae
273 641 369 703 erant
391 637 587 703 iniustitiae:
611 641 732 713 tamen,
757 637 786 702 si
809 637 849 702 de
871 637 1040 704 iniustitiis
1064 658 1122 721 per
1137 639 1258 704 multos
1282 661 1385 705 annos

59 726 237 809 protractis
259 726 387 808 agitur,
411 727 569 792 incertum
593 725 690 791 valde
714 731 778 802 est,
806 747 882 791 num
906 726 1072 793 restitutio
1095 726 1255 795 redundet
1277 729 1310 793 in
1333 729 1385 794 fa-

59 835 173 879 vorem
191 835 302 879 eorum
318 814 372 897 qui
396 815 476 880 laesi
497 818 584 882 sunt.
623 814 715 892 Quod
740 813 816 880 olim
840 815 938 896 longe
961 815 1161 899 probabilius
1176 823 1258 883 erat.
1296 817 1385 883 Nam

59 924 119 987 per
148 902 389 970 restitutionem
419 905 616 988 pauperibus
646 903 699 969 vel
728 903 791 987 piis
821 905 928 970 causis
958 905 1020 970 loci
1048 904 1171 970 factam
1201 905 1263 970 loci
1294 906 1383 971 cives

59 991 266 1070 levabantur,
291 993 345 1074 qui
368 993 451 1058 alias
474 993 631 1059 eiusmodi
654 992 762 1059 causis
785 1014 844 1058 suo
860 993 955 1058 modo
979 993 1200 1076 providissent
1214 994 1268 1060 vel
1285 994 1384 1061 etiam

61 1081 234 1165 providere
258 1081 455 1149 debuissent.

151 1196 204 1260 Ao
227 1217 417 1272 ousasrruu
443 1200 480 1261 2⁰¹
513 1197 551 1261 R.
578 1199 607 1263 1.
655 1195 688 1261 Si
719 1195 783 1280 ipsi
814 1195 861 1261 illi
893 1195 947 1278 qui
979 1196 1111 1262 fraudes
1143 1196 1384 1272 commiserunt,
1395 1206 1445 1259 747

60 1285 171 1349 usuris
193 1306 258 1349 non
282 1286 490 1359 fruebantur,
521 1285 569 1351 uti
600 1305 718 1350 revera
740 1284 875 1350 Fulvius
904 1286 938 1350 in
967 1285 1075 1369 priore
1099 1307 1176 1351 casu
1206 1307 1270 1351 non
1293 1286 1383 1364 fecit,

60 1374 178 1440 titulus
202 1374 243 1439 ad
262 1375 483 1441 restituendas
498 1395 616 1439 usurae
632 1395 704 1439 esse
727 1374 841 1456 nequit
863 1373 926 1439 nisi
942 1395 984 1440 ex
1000 1395 1038 1439 eo
1055 1375 1150 1456 quod,
1175 1375 1229 1457 qui
1252 1375 1386 1441 fraudes

60 1463 151 1546 passi
173 1462 249 1540 sint,
274 1463 374 1529 etiam
390 1464 542 1529 damnum
560 1484 732 1528 usurarum
748 1463 931 1540 habuerint,
956 1485 1037 1545 quas
1060 1463 1143 1529 alias
1166 1464 1288 1530 fuerint
1311 1485 1386 1548 per·

60 1553 198 1636 cepturi.
246 1552 308 1618 Sed
333 1573 389 1618 eos
412 1573 448 1618 re
471 1573 553 1619 vera
575 1552 733 1617 eiusmodi
756 1552 909 1617 damnum
932 1552 1094 1630 habuisse,
1123 1553 1219 1618 valde
1243 1553 1384 1633 dubium,

59 1642 159 1707 immo
183 1641 216 1706 in
239 1640 404 1725 plerisque
427 1641 610 1707 hominibus
634 1641 730 1707 valde
753 1642 968 1725 improbabile
991 1646 1051 1708 est.
1087 1641 1139 1706 Ad
1162 1642 1196 1707 id
1219 1642 1305 1707 enim
1328 1664 1386 1708 ne·

60 1731 238 1796 cessarium
256 1735 353 1807 esset,
377 1735 415 1797 ut
437 1731 583 1796 homines
606 1752 671 1795 non
687 1730 791 1795 solum
810 1730 901 1796 lucra
925 1751 1034 1796 annua
1057 1730 1187 1796 residua
1211 1733 1252 1796 ad
1270 1753 1387 1797 usuras

61 1819 195 1897 darent,
227 1819 408 1886 sedetiam
437 1824 475 1886 ut
503 1819 536 1884 in
559 1840 619 1884 usu
647 1841 755 1885 rerum
780 1819 1015 1885 cotidianarum
1041 1818 1182 1886 culinam
1206 1825 1240 1887 et
1262 1821 1387 1892 victum

60 1907 280 1991 spectantium
311 1909 353 1973 ad
383 1908 493 1991 apices
518 1914 732 1990 sequerentur
760 1908 993 1992 praestitutam
1017 1930 1219 1987 mensuram,
1250 1930 1387 1993 eamque

60 1998 94 2061 in
119 2019 197 2063 casu
226 2001 339 2063 nostro
369 2019 486 2081 perse
515 1997 603 2080 ipsos
632 1997 857 2064 rectificatam.
904 1996 996 2074 Quod
1026 2019 1106 2064 sane
1135 2019 1213 2064 rara
1236 2000 1386 2082 exceptio

62 2089 125 2166 est,
151 2091 194 2164 et,
218 2086 246 2151 si
268 2088 315 2164 fit,
341 2086 431 2151 fraus
455 2086 547 2151 brevi
571 2086 737 2168 detegitur
759 2107 863 2168 neque
887 2091 1002 2170 postea
1024 2086 1225 2153 incurratur!

152 2175 258 2256 Ergo,
289 2174 352 2239 nisi
380 2196 440 2259 per
463 2175 688 2258 exceptionem
718 2174 751 2240 in
779 2196 857 2241 casu
887 2197 962 2241 raro
987 2175 1107 2241 domini
1136 2175 1217 2241 laesi
1246 2197 1283 2240 re
1307 2197 1387 2242 vera

61 2285 235 2329 usurarum
252 2263 404 2329 damnum
428 2264 633 2348 pertulerint,
658 2284 777 2329 usurae
799 2285 863 2330 non
879 2270 1055 2349 perceptae
1071 2287 1092 2331 a
1107 2265 1297 2331 fraudatore
1321 2286 1386 2330 non

62 2352 248 2419 necessario
273 2353 393 2419 debent
415 2353 449 2417 in
472 2353 681 2420 rest'tutione
705 2354 897 2437 computari.

152 2450 191 2516 a.
209 2453 239 2516 2.
278 2450 358 2515 lude
380 2450 451 2516 fere
473 2451 559 2516 idem
583 2451 742 2515 deducere
765 2449 876 2517 licebit
897 2450 1004 2533 quoad
1027 2472 1144 2517 usuras
1160 2471 1180 2516 a
1196 2450 1386 2517 fraudatore

63 2544 247 2624 perceptas.
286 2539 365 2604 Cum
389 2539 474 2605 euim
498 2560 645 2605 summae
667 2539 744 2605 illae
768 2539 930 2618 minimae,
954 2539 988 2604 iu
1012 2540 1127 2622 quibus
1151 2539 1271 2623 singuli
1294 2539 1385 2606 dam·

61 2650 140 2693 num
171 2628 259 2712 passi
288 2633 381 2706 sunt,
413 2650 530 2693 usuras
560 2650 623 2694 non
653 2629 823 2699 fecissent:
855 2650 974 2694 usurae
997 2651 1079 2712 quas
1102 2629 1273 2696 fraudator
1296 2629 1387 2695 colli·

61 2717 169 2799 gendo
193 2722 227 2782 et
250 2717 507 2783 administrando
531 2718 710 2783 summulas
735 2718 819 2784 istas
845 2718 1008 2802 percepit,
1040 2740 1104 2784 nou
1134 2723 1203 2784 tam
1226 2718 1386 2785 fructibus

61 2805 268 2873 naturalibus
300 2827 398 2888 quam
430 2806 676 2872 industrialibus
707 2807 874 2873 accenseri
906 2812 1051 2891 possunt.
1105 2807 1189 2872 Hinc
1222 2807 1322 2873 etiam
1352 2807 1386 2872 in

62 2895 243 2980 posteriore
267 2916 345 2960 casu
368 2896 520 2961 Antimus
545 2896 651 2977 quoad
680 2894 766 2961 hunc
796 2917 968 2961 usurarum
992 2897 1138 2962 valorem
1169 2918 1233 2961 non
1257 2896 1388 2961 videtur

63 2985 107 3050 ad
130 2983 374 3050 restitutionem
397 2985 600 3066 obligandus.

154 3100 206 3164 An
228 3120 419 3175 Quaasrruu
444 3103 482 3164 3¹¹²
505 3099 544 3164 R.
564 3101 592 3164 1.
639 3097 747 3163 Fulvii
769 3098 935 3164 restitutio
959 3098 1029 3163 fieri
1053 3103 1163 3181 potest
1185 3099 1218 3162 in
1242 3098 1312 3181 pias
1334 3099 1449 3165 ve1748

63 3189 162 3254 utiles
186 3210 303 3254 causas
327 3189 472 3272 publicas
496 3190 548 3253 vel
578 3188 612 3253 in
640 3209 801 3271 pauperes
824 3187 995 3269 quoslibet.
1042 3187 1079 3251 ld
1103 3207 1146 3252 ex
1169 3193 1268 3252 antea
1291 3186 1388 3252 dictis

63 3278 222 3360 sequitur,
247 3299 285 3343 eo
301 3277 417 3359 magis,
441 3278 526 3358 quod
542 3277 676 3343 fraudes
692 3276 883 3342 commissae
902 3280 979 3341 sunt
1001 3275 1034 3340 in
1051 3275 1280 3341 diversissimis
1296 3276 1386 3354 locis,

62 3367 113 3432 ita
136 3371 173 3433 ut
193 3366 274 3432 certi
298 3367 358 3432 loci
380 3366 479 3445 cives,
504 3366 559 3448 qui
574 3366 728 3431 damnum
750 3365 840 3449 passi
863 3365 939 3443 sint,
963 3365 1020 3429 vix
1037 3365 1183 3446 dignosci
1205 3364 1342 3449 possint.

154 3473 192 3539 R.
210 3475 241 3539 2.
280 3473 332 3537 Ex
355 3494 393 3537 eo
414 3494 502 3550 vero,
528 3471 613 3554 quod
637 3472 772 3553 quilibet
795 3492 956 3555 pauperes
980 3470 1056 3554 eligi
1079 3471 1216 3555 possint,
1240 3470 1389 3553 sequitur

64 3561 232 3640 Fulvium,
265 3565 295 3627 si
323 3584 359 3627 rc
383 3584 458 3626 vera
487 3563 690 3646 perpercit,
721 3560 754 3625 in
778 3565 891 3626 nostro
914 3582 991 3626 casu
1013 3561 1101 3627 inter
1122 3560 1205 3627 istos
1228 3581 1389 3644 pauperes

63 3650 247 3733 computari
276 3671 382 3734 posse.
429 3650 550 3728 Quodsi
579 3650 627 3715 ita
651 3654 718 3727 est,
749 3650 789 3714 de
814 3649 1022 3715 restitutione
1046 3650 1179 3732 eiusque
1203 3650 1389 3731 quantitate

63 3739 263 3823 pecuniaria,
289 3760 354 3820 qua
369 3739 503 3803 Fulvius
526 3760 562 3804 se
581 3739 733 3804 abdicare
750 3739 878 3816 debeat,
903 3760 967 3804 non
991 3739 1056 3804 iam
1079 3740 1218 3804 multum
1242 3739 1304 3805 erit
1323 3739 1389 3804 dis-

63 3829 256 3912 putandum.
295 3828 412 3895 Potest
436 3828 521 3893 enim
545 3829 615 3912 ipso
637 3849 792 3910 magnam
815 3833 944 3912 partem
967 3828 1119 3894 retinere.
1159 3828 1336 3905 Quominus
1360 3828 1389 3894 ei

62 3918 229 3999 integram
245 3938 404 3983 summam
420 3918 563 3984 retinere
579 3938 600 3982 a
616 3917 814 3983 confessario
833 3916 1054 4001 permittatur,
1078 3918 1190 3984 obstat
1213 3918 1389 4002 pastoralis

63 4006 240 4091 prudentia
255 4011 355 4089 atque
373 4007 478 4089 ipsum
498 4007 617 4071 bonum
633 4027 812 4084 commune,
836 4027 877 4072 ne
893 4005 1046 4072 videlicet
1061 4006 1196 4072 Fulvius
1219 4009 1388 4090 peccatum

64 4117 160 4161 suum
191 4096 296 4161 levius
325 4099 435 4161 sumat
463 4116 546 4161 neve
574 4095 696 4160 nullam
719 4095 842 4162 sentiat
871 4115 1010 4179 poenam
1033 4095 1287 4161 satisfactoriam
1312 4115 1390 4159 con·

64 4185 269 4260 venientem
293 4206 406 4250 verum
431 4206 489 4268 pro
506 4206 614 4249 rerum
631 4183 794 4250 adiunctis
809 4184 931 4250 sufficit
954 4184 984 4249 ei
1008 4184 1187 4268 iniungere,
1212 4188 1249 4249 ut
1265 4185 1390 4268 aliquid

64 4274 136 4340 sive
160 4274 274 4341 statim
297 4274 368 4340 sive
391 4274 561 4358 paullatim
586 4274 659 4340 aliis
682 4274 879 4358 pauperibus
902 4272 1036 4339 tribuat.

155 4373 194 4438 R.
212 4376 242 4439 3.
282 4372 481 4456 Supponitur
503 4376 615 4439 tamen
638 4392 769 4455 semper
792 4392 854 4437 non
878 4375 1029 4436 constare
1052 4370 1092 4435 de
1115 4369 1212 4434 ullius
1234 4368 1390 4451 emptoris

65 4462 210 4528 laesione
247 4461 280 4527 in
310 4461 449 4527 materia
486 4461 581 4544 gravi
612 4482 633 4526 a
663 4461 775 4526 Fuluio
804 4464 948 4544 peracta.
1002 4459 1088 4524 Nam
1120 4458 1147 4522 si
1178 4457 1232 4538 qui
1269 4458 1390 4539 singuli

65 4557 309 4634 cognoscuntur
332 4551 384 4616 vel
409 4551 562 4634 cognosci
586 4554 739 4634 possunt,
771 4550 824 4631 qui
848 4548 966 4630 singuli
996 4548 1029 4612 in
1052 4546 1148 4628 gravi
1170 4545 1311 4612 materia
1333 4546 1390 4610 de-

65 4640 308 4707 fraudationem
340 4639 428 4724 passi
461 4645 556 4719 sunt,
592 4639 625 4704 hi
659 4638 779 4720 singuli
812 4642 902 4704 certo
934 4636 1102 4701 indemnes
1134 4634 1227 4699 reddi
1260 4635 1389 4702 debent.
