3106 5168
81 470 133 525 493

146 288 210 351 252
263 282 304 336 De
323 282 472 336 virtutibus
491 286 519 336 et
536 281 636 336 officiis
655 298 721 350 erga
739 281 870 336 homines.
889 310 924 320 -
942 281 1067 335 Virtutes
1084 279 1205 335 institiae
1223 296 1354 334 annexae.

233 463 285 525 An
309 480 500 536 ouansmuu
525 462 564 524 3nn
594 458 632 525 R.
659 463 686 525 l.
735 458 886 524 Habatur
915 457 968 522 hic
997 456 1127 540 quidem
1160 478 1273 533 casus,
1305 478 1369 540 quo
1399 478 1475 523 reus

143 551 246 615 scitur
270 570 290 614 a
313 549 418 614 iudice
442 548 597 613 innocens
615 549 747 632 privata
762 550 892 613 tantum
908 545 1055 613 scientia.
1096 545 1130 611 Si
1153 545 1255 628 igitur
1278 546 1349 612 sine
1373 547 1476 613 inter·

143 639 315 721 rogatione
339 643 373 705 et
395 637 605 719 inquisitione
623 636 784 702 Meinradi
800 635 968 719 Philippus
992 635 1200 720 apparuisset
1223 636 1271 701 ita
1294 635 1475 714 convictus,

145 732 181 794 ut
204 728 295 810 leges
318 747 390 792 eum
414 727 564 792 iuberent
587 725 712 809 puniri,
740 726 930 791 Meinradus
953 725 1151 790 sententiam
1175 724 1475 791 condemnatoriam

145 816 309 882 declinare
332 836 396 880 nou
419 820 567 899 poterat,
599 814 660 880 nisi
691 835 727 880 se
756 815 862 899 ipsum
887 814 1051 897 proderet.
1097 812 1150 878 Ad
1174 814 1260 895 quod
1291 815 1476 897 generatim

144 906 200 972 lex
224 905 373 971 caritatis
401 925 465 970 non
488 903 622 987 obligat.
670 903 777 979 Quare
807 904 835 969 si
862 903 912 970 ita
935 907 1040 980 esset,
1071 902 1259 969 Meinradus
1282 923 1375 968 reum
1399 925 1476 969 con·

145 995 327 1061 damnando
351 1015 393 1059 ex
416 994 581 1060 sententia
604 993 687 1060 satis
710 992 871 1076 probabili
893 1013 958 1058 non
981 995 1161 1077 peccasset.

233 1099 272 1164 lt.
298 1101 328 1166 2.
375 1098 594 1164 Nihilominus
618 1097 731 1163 debuit
756 1097 927 1164 etiamtum
951 1096 1156 1175 Meinradus‚
1184 1097 1213 1163 si
1236 1097 1357 1181 possit,
1382 1119 1477 1163 occa·

145 1189 269 1254 sionem
294 1188 409 1254 offerre
433 1188 487 1253 vel
511 1188 683 1266 adducere,
710 1190 749 1253 ut
773 1209 791 1252 e
815 1205 947 1252 carcero
970 1185 1138 1270 Philippus
1160 1191 1273 1270 posset
1296 1186 1391 1254 elabi.

83 1300 136 1354 494
234 1294 273 1359 lt.
299 1298 329 1360 3.
368 1294 490 1359 Verum
520 1293 554 1358 iu
583 1314 661 1359 casu
691 1298 845 1359 enarrate
868 1291 1057 1358 Mainradus
1080 1292 1218 1446 amprlius
1242 1291 1364 1375 aliquid
1387 1292 1476 1360 fecit.

87 4194 138 4248 495

146 1383 296 1450 Criminis
320 1382 489 1448 convictus
512 1381 679 1466 Philippus
708 1403 772 1447 non
797 1385 885 1455 erat;
911 1381 968 1446 sed
992 1385 1029 1446 ut
1053 1401 1126 1447 eum
1164 1383 1233 1447 also
1257 1382 1477 1461 convinceret,

146 1472 334 1538 Meinradus
364 1471 485 1538 astutis
508 1471 828 1554 interrogationibus
857 1471 974 1537 effecit.
1022 1470 1058 1535 ld
1088 1474 1161 1537 arat
1189 1471 1287 1554 plane
1316 1470 1476 1549 illicitum,

146 1583 219 1628 cum
246 1561 395 1627 debuerit
421 1560 530 1644 potius
556 1560 838 1642 interrogationes
868 1560 916 1626 ita
945 1559 1133 1639 instituere,
1164 1563 1201 1625 ut
1228 1559 1398 1644 Philippus
1425 1581 1477 1625 re·

146 1671 302 1734 sponsum
329 1655 443 1734 aptum
468 1671 531 1733 quo
555 1671 591 1714 se
614 1654 773 1733 purgaret
795 1653 907 1733 posset
930 1648 1086 1717 invenire.
1133 1649 1235 1714 Immo
1260 1655 1339 1732 puto
1363 1649 1478 1715 iudicis

148 1740 268 1823 agendi
294 1740 454 1805 rationem
479 1739 581 1804 fuisse
605 1743 719 1804 contra
742 1738 922 1820 rigorosam
945 1737 1120 1816 iustitiam,
1151 1737 1199 1803 ita
1230 1741 1266 1803 ut
1289 1737 1477 1804 Meinradus

148 1829 188 1894 de
212 1828 312 1893 malis
335 1828 475 1911 Philippi
497 1833 665 1910 tamquam
690 1828 730 1893 de
753 1828 871 1892 damno
895 1826 1015 1892 iniuste
1036 1826 1129 1892 illato
1152 1831 1314 1893 teneatur.

237 1933 275 1999 lt.
296 1935 326 1999 4.
366 1932 451 1997 Hinc
467 1933 569 2015 igitur
584 1953 785 2016 consequens
805 1937 865 2009 est,
890 1936 927 1998 ut
950 1932 1049 1998 etiam
1074 1953 1147 1998 cum
1170 1931 1322 2017 pariano
1347 1934 1475 2011 damno,

148 2022 201 2087 vel
227 2022 326 2087 etiam
350 2021 489 2100 maiore,
514 2021 701 2088 etiamnunc
725 2021 844 2088 debeat
868 2021 1013 2087 vinctum
1037 2021 1174 2106 eripere.
1221 2021 1328 2099 Quare
1355 2023 1384 2087 si
1408 2022 1477 2088 eius

147 2111 334 2177 libertatem
351 2111 539 2194 famamque
554 2132 710 2195 reparare
728 2115 871 2193 nequeat
894 2110 956 2175 nisi
979 2132 1016 2176 se
1038 2110 1145 2194 ipsum
1161 2111 1354 2189 accusando,
1380 2112 1422 2177 ad
1446 2112 1477 2177 id

147 2201 181 2266 in
206 2200 404 2266 conscientia
428 2205 568 2267 tenetur.
615 2201 704 2267 Raro
728 2200 901 2266 admodum
926 2203 960 2265 et
989 2220 1226 2284 permagnam
1250 2201 1475 2284 exceptionem

149 2291 281 2355 evenire
304 2289 442 2373 poterit,
474 2294 512 2356 ut
535 2294 630 2355 tanta
653 2290 697 2356 sit
720 2290 883 2356 censenda
906 2292 1121 2375 disproportio
1143 2289 1230 2355 iuter
1253 2290 1475 2355 condicionem

149 2378 310 2444 Meinradi
333 2383 367 2444 et
386 2378 527 2463 Philippi
545 2400 584 2445 ac
603 2378 690 2444 inter
704 2379 874 2462 utriusque
890 2378 1013 2443 famam
1037 2382 1071 2444 at
1093 2378 1292 2454 libertatem,
1318 2380 1359 2444 ob
1379 2400 1475 2461 quam

150 2467 248 2535 bceat
264 2467 433 2533 Meinrado
449 2472 588 2545 tentare,
614 2489 691 2533 num
714 2469 801 2534 forte
824 2468 890 2533 alia
913 2467 1051 2542 ratione,
1075 2489 1107 2533 v,
1123 2488 1155 2550 g.
1178 2488 1298 2549 magna
1319 2469 1477 2552 pecuniae

149 2578 277 2622 summa
308 2557 436 2634 oblata,
470 2557 620 2623 iniuriam
652 2557 779 2623 illatam
812 2555 917 2641 possit
947 2576 1159 2640 compensare
1189 2563 1289 2639 atque
1319 2557 1475 2622 eiusmodi

150 2645 415 2730 compensatione
439 2647 710 2712 condonationem
741 2647 810 2712 eius
833 2646 889 2728 qui
919 2644 1070 2711 iniuriam
1093 2666 1211 2728 passus
1241 2650 1293 2712 est
1318 2646 1474 2714 obtinere.

397 2872 536 2939 IUDEX
559 2872 608 2939 IN
631 2872 735 2939 PARI
759 2871 900 2938 CAUSA
925 2871 1229 2940 LITIGANTIUM.

707 3029 817 3096 Casus.
845 3036 921 3102 (143)

238 3170 345 3246 Lysias
373 3169 461 3229 iudex
483 3169 698 3228 diiudicandum
725 3170 815 3228 habet
842 3169 924 3229 litem
946 3170 982 3229 de
1009 3171 1190 3246 proprietate
1218 3191 1380 3249 permagna
1402 3175 1475 3233 satis

149 3250 318 3309 intricatam
346 3255 376 3308 et
404 3270 440 3309 ex
462 3255 586 3325 utraque
608 3254 692 3327 parte
714 3249 904 3325 probabilem.
946 3249 1124 3309 condicione
1144 3252 1207 3311 litis
1228 3260 1379 3329 percepta,
1401 3256 1476 3314 alter

149 3330 327 3405 litigantium
348 3330 477 3407 pondere
499 3350 588 3389 aureo
609 3330 716 3405 viginti
741 3330 852 3388 milium
873 3349 1038 3389 marcarum
1065 3331 1154 3390 iudici
1176 3334 1339 3392 oblatarum
1360 3334 1475 3394 lancem

150 3410 179 3468 in
208 3430 292 3469 suum
319 3411 450 3470 favorem
480 3411 634 3470 deflectere
662 3415 803 3469 conatur:
835 3410 912 3486 quod
940 3410 967 3470 ei
995 3412 1135 3470 succedit.
1179 3413 1236 3472 Sed
1265 3420 1294 3472 et
1322 3414 1418 3490 ipsum
1447 3421 1475 3474 et

151 3490 270 3565 Lysiam
292 3491 447 3566 scrupulus
469 3496 586 3567 torquet
607 3491 706 3550 laesae
728 3490 868 3549 iustitiae.

151 3593 326 3663 Qnannmnn
349 3599 376 3654 1⁰
401 3595 536 3734 possitne
563 3596 651 3655 iudex
678 3596 708 3654 in
737 3596 801 3672 pari
830 3596 930 3654 causa
947 3596 1083 3656 alterutri
1109 3597 1288 3674 litigantium
1316 3621 1369 3677 pro
1391 3601 1474 3660 libitu

415 3695 513 3735 avere.

348 3765 377 3821 2⁰
403 3765 535 3841 possitne
555 3785 609 3842 pro
630 3766 683 3823 tali
705 3765 854 3824 sententia
875 3784 997 3824 munera
1020 3766 1162 3843 accipere.

348 3856 377 3911 3⁰
403 3854 469 3928 quid
493 3854 522 3911 in
545 3873 617 3913 casu
638 3854 745 3929 Lysiae
767 3854 807 3912 sit
827 3853 1003 3914 iaciendum.

745 4036 880 4105 Salutio.

239 4178 291 4239 An
315 4197 505 4252 uuansrrun
533 4183 569 4243 1¹²¹
592 4180 631 4244 lt.
654 4183 681 4244 1.
726 4179 914 4244 Generatim
939 4200 959 4242 a
981 4180 1109 4261 legibus
1133 4180 1166 4244 id
1190 4203 1254 4246 non
1278 4183 1473 4262 admittitur,

150 4270 187 4331 ut
210 4265 317 4330 iudex.
331 4266 467 4330 duorum
492 4267 688 4349 litigantium
715 4290 831 4333 causas
855 4288 952 4351 paras
977 4289 1048 4333 esse
1072 4271 1276 4351 pronuntiet,
1302 4274 1360 4337 sed
1384 4296 1474 4339 scru-

149 4354 213 4420 tari
238 4355 344 4431 debet,
369 4355 496 4420 cuinam
521 4358 574 4421 lex
599 4358 720 4422 faveat.
746 4396 788 4403 -
820 4358 857 4421 ln
888 4357 968 4422 iacti
998 4363 1108 4423 autem
1136 4360 1369 4442 probabilitate
1393 4363 1473 4447 pari,

149 4446 279 4526 quando
295 4449 411 4510 neuter
428 4446 527 4510 estin
544 4447 758 4530 possessione,
776 4446 855 4510 nihil
872 4447 1007 4528 aequius
1024 4452 1084 4524 est,
1102 4448 1164 4512 nisi
1181 4454 1217 4514 ut
1234 4470 1286 4514 res
1299 4450 1474 4519 dividatur.

239 4551 276 4615 ll.
303 4554 330 4616 2.
379 4551 488 4615 Etiam
512 4552 545 4615 in
569 4552 853 4635 probabilitatibus
876 4553 955 4617 iuris
979 4554 1136 4636 optimum
1161 4559 1326 4621 consilium
1350 4563 1411 4637 est,
1440 4564 1475 4624 ut

149 4640 208 4704 liat
233 4639 348 4704 divisio
373 4641 425 4704 vel
450 4645 563 4707 mutua
587 4641 787 4724 corapositio.
