3106 5168
172 272 234 336 168
383 267 424 322 De
443 267 591 322 virtutibus
608 270 637 321 at
655 265 753 320 officiis
771 282 838 334 erga
854 264 951 320 Deum.
970 297 1003 306 -
1018 265 1114 321 Virtus
1131 266 1280 336 religionis.

259 443 293 525 2)
325 443 357 510 S.
382 441 660 527 Gongregationes
689 442 873 519 Romanae,
904 441 1020 524 quibus
1051 442 1202 528 specialis
1234 464 1314 509 cura
1346 442 1493 509 ordinum

168 532 397 635 religiosorum
418 532 615 599 demandata
644 533 712 610 est,
744 530 921 597 secundum
944 530 1118 613 ambitum,
1149 552 1246 614 quem
1276 532 1315 598 R.
1339 532 1494 600 Pontifex

168 644 208 687 us
232 625 503 795 aislgfiliipidiiores
518 709 745 793 religiosorum
762 707 910 774 ordinum
926 708 1106 787 clericales;
1123 708 1210 793 iique
1226 713 1297 776 tum
1312 711 1493 793 generales,

169 803 239 866 tum
262 799 490 883 provinciales,
514 803 585 865 tum
609 798 740 865 locales.

256 896 372 980 Neque
401 896 521 975 refert,
551 899 661 962 utrum
691 899 812 979 agatur
840 895 882 960 de
911 893 1077 960 ordinibus
1106 895 1221 962 stricte
1251 896 1347 962 dictis
1379 918 1423 963 an
1456 897 1494 963 de

168 985 477 1069 congregationibus
508 984 680 1068 religiosis.
711 1019 756 1030 —
783 985 907 1050 Verum
938 983 967 1049 si
999 984 1110 1067 agn‘tur
1142 985 1182 1050 de
1213 985 1374 1052 institutis
1406 1007 1495 1052 mere

168 1074 348 1154 laicalibus,
372 1074 488 1140 horum
512 1074 697 1158 superiores
719 1072 864 1156 religiosi
879 1072 934 1138 vel
949 1073 1185 1156 superiorissae
1207 1077 1407 1159 potestatem
1431 1097 1495 1141 non

168 1164 290 1231 habent
312 1163 554 1229 iurisdictionis.

257 1253 293 1334 4)
314 1251 467 1337 Episcopi
486 1251 521 1317 in
539 1251 710 1334 religiosos
726 1250 873 1316 ordinum
889 1251 943 1315 vel
960 1250 1250 1332 congregationum
1267 1257 1494 1336 exemptarum

168 1342 202 1407 in
225 1341 419 1426 quibusdam
442 1345 572 1408 tantum
593 1340 692 1406 rebus
715 1343 884 1422 tamquam
907 1339 1051 1422 delegati
1079 1340 1251 1423 apostolici
1272 1341 1495 1409 iurisdictione

168 1435 268 1513 atque
302 1433 470 1515 potestate
503 1428 723 1514 praecipiendi
757 1433 911 1507 utuntur;
948 1429 981 1493 in
1016 1433 1270 1513 non-exemptos
1303 1430 1402 1513 plena
1436 1451 1495 1497 sua

168 1522 336 1605 potestate
360 1518 534 1585 ordinaria.
580 1517 800 1585 Nihilominus
828 1518 862 1583 in
891 1517 981 1601 ipsas
1006 1518 1278 1601 congregationes
1300 1518 1494 1585 feminarum

169 1629 243 1686 eas,
274 1629 358 1690 quae
386 1608 420 1673 iu
451 1607 671 1691 compluribus
701 1607 902 1673 dioecesibus
931 1605 1040 1672 sedem
1071 1606 1205 1674 fixerint
1235 1612 1335 1691 atque
1365 1608 1408 1673 ab
1432 1629 1495 1674 una

168 1697 386 1763 moderatrice
408 1696 556 1779 generali
578 1697 812 1779 gubernantur,
846 1717 887 1761 ea
916 1716 1000 1778 quae
1029 1695 1176 1762 internas
1208 1717 1261 1762 res
1291 1696 1414 1762 ordinis
1437 1718 1494 1762 seu

169 1785 433 1869 congregationis
455 1789 622 1869 spectant,
653 1784 795 1870 episcopi
820 1783 1004 1850 dioecesani
1035 1785 1194 1868 potestati
1216 1785 1387 1853 subtracta
1410 1791 1495 1853 sunt.

169 1875 217 1941 Cf.
244 1876 347 1942 Cenat.
370 1875 488 1941 Leonis
509 1876 606 1942 XIII
626 1873 819 1953 ,Conditae“
848 1875 877 1940 d.
903 1875 922 1938 8
947 1874 1025 1939 Dec.
1052 1877 1148 1940 1900.

107 1998 160 2052 334
257 1989 296 2056 R.
322 1992 352 2056 2.
399 1989 603 2056 Potestatem
627 1988 861 2055 dominativam
874 1989 918 2053 ,vi
940 1989 1009 2056 voti
1033 1988 1254 2074 praecipiendi
1277 1990 1416 2057 habent:

261 2095 293 2178 1)
316 2095 471 2180 primarie
494 2101 529 2162 et
551 2100 642 2162 certo
665 2093 850 2180 superiores
873 2095 1018 2176 religiosi
1041 2095 1112 2160 sive
1132 2095 1304 2178 generales
1327 2095 1398 2161 sive
1421 2118 1496 2180 pro-

169 2184 327 2250 vinciales
355 2185 426 2250 sive
455 2186 594 2263 locales,
625 2184 645 2250 i.
671 2205 698 2250 e.
723 2185 839 2250 horum
868 2184 1004 2266 singuli,
1038 2183 1086 2250 ita
1115 2189 1227 2251 tamen
1257 2189 1295 2252 ut
1324 2185 1496 2251 inferiores

169 2273 353 2358 superiores
377 2273 455 2339 nihil
478 2275 606 2359 possint
630 2277 746 2340 contra
768 2274 973 2339 voluntatem
997 2272 1134 2341 altioris

258 2363 297 2427 In
319 2383 454 2428 numero
477 2364 593 2429 horum
615 2362 818 2446 superiorum
842 2361 912 2427 sine
936 2362 1032 2428 dubio
1056 2363 1258 2429 collocantur
1278 2361 1378 2429 etiam
1400 2383 1496 2448 supe·

170 2451 272 2518 riores
295 2451 429 2540 laicales
453 2457 552 2535 atque
575 2451 809 2536 superiorissae
831 2451 1056 2518 institutorum
1080 2451 1303 2519 femineorum.

259 2549 294 2630 2)
326 2550 528 2615 communius
551 2549 652 2617 etiam
674 2548 787 2616 dicunt
815 2549 890 2615 R¹²¹¹¹¹¹
913 2549 1104 2615 Pontificem
1133 2548 1195 2615 hac
1223 2553 1393 2633 potestate
1425 2570 1496 2615 esse

169 2639 366 2704 instructum
388 2639 422 2703 in
445 2639 608 2720 quoslibet
631 2637 802 2721 religiosos
825 2638 895 2703 sive
914 2637 1029 2704 stricte
1048 2638 1153 2704 dictos
1171 2637 1242 2704 sive
1261 2639 1330 2706 late
1348 2643 1496 2723 sumptos

170 2749 281 2794 eorum
304 2726 539 2805 institutorum,
564 2749 648 2809 quae
672 2748 692 2792 a
715 2728 747 2793 S.
769 2728 852 2792 Sede
876 2728 1058 2811 approbata
1081 2731 1167 2795 sunt.

258 2825 330 2889 Hoc
353 2824 570 2890 certissimum
595 2828 647 2891 est
670 2825 778 2906 quoad
801 2846 858 2890 eos
881 2825 1020 2903 ordines,
1045 2824 1100 2906 qui
1123 2824 1297 2909 specialem
1323 2825 1495 2891 oboedien-

170 2914 251 2981 tiam
275 2915 423 2979 Romano
447 2913 596 2980 Pontifici
619 2917 792 2979 voverunt.

259 3011 399 3077 Videtur
421 3011 522 3078 etiam
544 3013 656 3078 valere
680 3012 787 3094 quoad
816 3011 959 3093 reliquos
988 3010 1159 3093 religiosos
1188 3032 1300 3076 omnes
1330 3032 1389 3077 seu
1420 3034 1495 3078 con·

169 3100 346 3168 sectarium
370 3121 442 3167 esse
464 3101 567 3185 ipsius
590 3100 764 3182 religiosae
786 3101 1008 3184 professionis.
1044 3100 1129 3165 Nam
1146 3100 1319 3183 religiosus
1342 3100 1414 3185 ipsa
1438 3123 1494 3166 sua

169 3190 325 3272 religiosa
347 3189 549 3274 professione
573 3193 716 3256 instituto
744 3211 779 3255 se
803 3190 905 3256 tradit
929 3194 962 3254 et
985 3190 1026 3254 ad
1050 3192 1131 3254 fines
1153 3189 1297 3255 instituti
1322 3190 1494 3256 oboedien-

169 3280 251 3345 tiam
274 3279 383 3353 vovit;
411 3279 469 3344 sed
493 3279 678 3346 institutum
702 3278 889 3360 religiosum
913 3278 1134 3344 essentialiter
1158 3282 1210 3344 est
1232 3277 1419 3344 institutum
1444 3300 1494 3344 ec·

170 3367 405 3445 clesiasticum‚
438 3369 524 3450 quod
552 3377 588 3434 ct
617 3372 679 3434 tole
708 3388 773 3432 non
803 3367 936 3434 exsistit
965 3367 1027 3432 nisi
1056 3388 1116 3451 per
1143 3368 1349 3433 voluntatem
1373 3367 1494 3434 Summi

170 3456 337 3522 Pontificis
367 3461 401 3523 et
429 3461 467 3523 ut
494 3458 562 3523 tale
584 3457 734 3524 Pontifici
758 3459 795 3522 ut
818 3478 969 3540 supremo
993 3456 1151 3541 superiori
1175 3456 1342 3522 subicitur.
1389 3457 1495 3534 Quare

171 3546 224 3627 qui
248 3545 281 3610 in
305 3545 458 3628 religioso
481 3545 632 3612 instituto
656 3545 894 3612 oboedientiam
918 3549 1028 3624 vovet,
1052 3546 1108 3610 ille
1132 3545 1228 3611 sicuti
1250 3545 1283 3609 vi
1307 3545 1403 3611 huius
1427 3548 1494 3612 voti

171 3633 359 3700 immediato
389 3634 548 3718 superiori
572 3635 693 3700 ordinis
717 3634 868 3700 oboedire
892 3639 1039 3713 tenetur,
1070 3635 1118 3700 ita
1147 3635 1248 3701 etiam
1272 3635 1312 3699 R⁰
1336 3635 1493 3713 Pontifici,

171 3722 226 3805 qui
249 3723 282 3787 in
306 3723 450 3788 ordinem
475 3728 512 3790 ut
534 3724 635 3790 talem
658 3744 844 3808 supremam
866 3723 967 3790 habet
989 3728 1199 3808 potestatem.
1239 3723 1286 3790 cf.
1311 3724 1373 3789 hac
1398 3725 1438 3790 de
1461 3745 1495 3789 re

171 3812 340 3889 Suarez,
365 3814 415 3877 De
438 3816 526 3898 reliq.
551 3816 592 3878 tr.
619 3816 648 3889 7,
673 3814 693 3879 l.
722 3815 771 3890 10,
796 3835 822 3879 c.
851 3816 901 3891 ll,
925 3835 957 3880 n.
983 3815 1090 3895 9sqq.

107 3925 159 3981 335
260 3909 343 3975 Sunt
372 3914 483 3975 tamen
514 3909 568 3991 qui
598 3911 681 3975 burzc
711 3909 849 3975 Romani
873 3910 1039 3976 Pontifieis
1069 3915 1269 3993 potestatem
1300 3909 1334 3974 in
1364 3911 1494 3976 dubium

170 4002 300 4074 vocent,
324 4002 479 4082 putantes
503 4020 562 4082 per
584 4020 619 4063 se
643 3999 725 4064 satis
748 3999 915 4081 provisum
940 4021 1011 4064 esse
1034 4003 1201 4083 potestate
1224 4020 1378 4082 suprema
1401 4000 1495 4065 iuris·

171 4086 338 4165 dictionis,
367 4109 432 4169 qua
462 4088 526 4153 R¹¹¹²¹
549 4088 704 4153 Pontifex
727 4088 898 4169 religiosos
920 4093 1056 4173 propter
1079 4093 1203 4155 statum
1233 4089 1378 4172 ipsorum
1401 4090 1495 4172 plura

170 4177 282 4242 iubere
304 4176 409 4260 possit
432 4197 529 4258 quam
560 4177 693 4259 reliquis
720 4177 878 4242 fidelibus.
926 4177 973 4243 Cf.
1005 4177 1366 4244 Ballerini-Palm.
1398 4183 1440 4245 tr.
1466 4180 1493 4252 9,

171 4288 197 4332 c.
218 4269 246 4344 l,
271 4288 302 4332 n.
322 4267 394 4332 180.
442 4267 594 4331 Fatndari
617 4266 746 4348 quidem
773 4267 857 4331 hanc
880 4267 1071 4350 ampliorem
1094 4266 1326 4331 iurisdictionis
1349 4272 1494 4350 potesta·

171 4359 238 4421 tem
268 4355 301 4419 in
325 4355 512 4420 voluntaria
541 4355 591 4419 sui
621 4355 765 4438 ipsorum
795 4355 973 4420 traditione
1003 4361 1038 4422 et
1067 4355 1267 4422 subiectione
1291 4376 1311 4421 a
1335 4357 1494 4440 religiosis

170 4445 294 4510 factam
325 4465 405 4526 erga
436 4444 579 4509 ordinem
611 4465 721 4523 suum,
752 4467 816 4509 eon
847 4466 910 4510 esee
939 4450 1050 4511 tamen
1079 4446 1259 4527 ferruciiter
1284 4445 1493 4512 traditionem

170 4533 225 4597 Ηιιο
248 4532 397 4599 Pontifici
421 4532 561 4610 factam,
592 4554 696 4614 neque
726 4533 801 4597 huic
830 4533 937 4598 inesse
965 4534 1148 4600 formaliter
1171 4539 1371 4619 potestatem
1395 4534 1493 4602 domi·

171 4622 326 4687 nativam.
