3106 5168
182 299 247 363 514
676 294 716 348 De
734 294 840 362 legibus
859 295 1005 351 Ecclesiae.

181 470 277 536 nimis
299 471 415 536 durum
431 468 583 536 videatur
597 469 787 553 paenitenti,
812 469 917 534 sedin
934 469 1033 536 etiam
1050 473 1243 553 exspectare
1260 471 1379 536 debere
1396 493 1497 555 neque

180 560 268 625 intra
297 564 427 643 tempus
454 560 608 642 paschale
631 580 759 624 sacram
782 558 1043 624 Communionem
1067 580 1163 643 posse
1186 580 1326 627 sumere.
1373 561 1498 645 Repelli

181 650 267 713 enim
290 670 310 714 a
335 649 366 714 S.
390 647 620 712 Communione
643 648 730 714 intra
759 652 889 731 tempus
918 648 1072 731 paschale
1102 648 1260 713 sumenda
1289 671 1326 714 rc
1349 649 1498 716 coincidit

180 759 253 802 cum
276 758 315 802 ea
339 736 535 814 condicione,
559 737 644 818 quod
661 737 779 801 debeat
802 758 934 802 manere
957 737 1010 802 diu
1034 737 1173 802 instato
1196 737 1333 819 peccati,
1357 740 1498 805 maxime

179 825 211 890 in
236 826 365 891 bomine
387 824 529 906 alioquin
553 827 635 891 satis
658 826 785 907 tepido:
809 846 884 890 nam
908 826 972 902 ille,
997 846 1192 907 quamquam
1215 827 1320 908 possit
1343 848 1404 910 per
1423 849 1497 893 con·

179 914 345 980 tritionem
368 913 549 998 perfectam
573 935 645 979 cum
662 914 731 978 Deo
755 914 966 989 reconciliari,
991 936 1053 980 non
1077 914 1173 979 facile
1196 914 1244 981 ita
1267 916 1400 1000 reipsa
1423 939 1496 982 con·

179 1003 342 1069 ciliabitur
371 1024 477 1085 neque
508 1002 602 1068 huius
632 1002 904 1068 reconciliationis
936 1003 1145 1069 securitatem
1175 1003 1319 1072 habebit.
1372 1005 1497 1089 Repelli

178 1095 286 1157 autern
324 1113 344 1158 a
376 1092 407 1158 S.
439 1092 668 1157 Communione
707 1091 777 1175 ipso
811 1091 867 1156 illo
899 1096 1046 1175 tompore
1084 1092 1266 1158 hominibus
1299 1093 1401 1159 etiam
1433 1117 1495 1159 non

177 1181 303 1246 fervide
331 1181 518 1246 christianis
542 1181 748 1245 durissimum
777 1201 849 1245 esse
872 1181 972 1259 solet,
1004 1202 1076 1245 oum
1107 1181 1235 1246 demum
1266 1188 1421 1249 conatum
1449 1184 1496 1250 fe·

178 1270 285 1336 corint
319 1274 353 1336 et
375 1270 627 1352 repugnantiam
657 1269 842 1335 naturalem
872 1270 1078 1352 peragendae
1106 1269 1320 1336 confessionis
1348 1271 1494 1338 vicerint.

177 1358 212 1425 Si
246 1358 347 1441 igitur
385 1358 581 1442 promittunt
616 1380 652 1423 se
692 1362 864 1425 contentos
901 1379 973 1424 esse
1009 1379 1141 1424 recursu
1172 1359 1311 1424 Romam
1347 1361 1494 1427 faciendo

177 1451 277 1529 atque
307 1451 382 1530 post
412 1467 555 1511 mensem
586 1467 792 1523 reversuros,
825 1450 862 1512 ut
896 1447 1051 1512 mandata
1081 1447 1112 1513 S.
1138 1447 1417 1516 Paenitentiariae
1445 1472 1493 1515 re·

176 1536 315 1620 cipiant,
346 1539 426 1619 puto
457 1535 707 1600 Trasimundum
731 1557 795 1600 non
822 1536 907 1600 male
932 1535 1037 1618 egisse
1061 1557 1117 1600 eos
1140 1537 1253 1602 statim
1283 1539 1491 1604 absolvendo.

395 1752 789 1818 EXCOMMUNICATIO
814 1753 1017 1819 PROPTER
1040 1755 1275 1822 HAERESIM.

729 1902 839 1968 Casus.
867 1910 942 1978 (306)

263 2042 438 2101 Lambortus
467 2041 544 2100 serio
566 2040 704 2099 dubitans
726 2041 760 2098 de
784 2040 972 2116 legitimitate
999 2042 1116 2101 concilii
1138 2042 1277 2101 Vaticani
1306 2044 1428 2121 eiusque
1448 2045 1490 2102 de·

175 2122 275 2192 oretis,
296 2122 537 2180 infallibilitatem
558 2121 586 2180 S.
607 2120 761 2179 Pontificio
783 2141 836 2197 pro
857 2122 1003 2197 probabili
1024 2122 1138 2197 quidem
1160 2124 1264 2195 habet,
1287 2124 1340 2182 sed
1361 2143 1422 2184 non
1442 2143 1490 2201 pro

172 2202 297 2260 articulo
325 2201 409 2260 fidei:
440 2221 513 2277 quas
535 2200 724 2259 difficultates
755 2201 902 2259 sacerdoti
931 2201 1025 2260 amico
1056 2202 1185 2278 exponit.
1226 2204 1334 2278 aquo
1362 2205 1490 2273 edoctus,

175 2301 267 2358 ,quae
295 2283 348 2340 abs
376 2288 405 2340 te
430 2282 508 2340 dicto
537 2283 635 2350 annt‘,
663 2280 773 2355 inquit,
805 2282 1034 2358 ,perpendam“;
1063 2289 1183 2358 postero
1206 2283 1252 2340 dic
1273 2283 1370 2343 eidem
1392 2285 1490 2344 obvius

172 2366 271 2420 factus
293 2361 377 2419 dicit:
403 2362 479 2434 ,Res
500 2361 563 2419 heri
584 2365 731 2419 tractatas
751 2360 822 2419 mihi
844 2381 901 2419 nou
923 2363 1123 2438 persuasisti.l

253 2442 321 2499 Alia
342 2442 424 2512 vice,
452 2461 517 2498 cum
546 2441 659 2515 legeret
685 2441 840 2499 historiam
862 2441 985 2511 Tobiae,
1015 2449 1102 2518 atque
1132 2442 1163 2500 in
1192 2462 1227 2500 aa
1254 2443 1367 2502 Tobiae
1392 2463 1488 2502 canem

172 2522 294 2579 caudam
316 2521 425 2578 laetum
447 2522 585 2591 movisse,
611 2520 683 2590 ,has
704 2520 915 2579 minutissimas
937 2525 1013 2590 res“,
1036 2522 1088 2590 ait,
1113 2542 1187 2593 ,non
1208 2525 1311 2597 credo;
1332 2530 1404 2582 sunt
1417 2524 1488 2582 enim

171 2621 231 2659 non
259 2602 425 2670 revelatae,
455 2601 506 2658 sed
534 2601 699 2659 ornamenti
729 2620 820 2658 causa
848 2600 988 2660 adiectae.
1012 2634 1049 2642 -
1077 2602 1217 2660 Similiter
1237 2621 1304 2661 cum
1325 2604 1440 2678 legeret
1459 2605 1487 2661 in

172 2681 299 2756 epistula
321 2680 349 2738 S.
371 2680 452 2738 Petri
474 2682 502 2751 (l
526 2680 624 2739 Petr.
647 2683 680 2748 3,
705 2682 754 2753 19)
785 2680 932 2739 Christum
960 2682 1113 2757 spiritibus
1134 2682 1283 2741 hominum
1305 2684 1486 2742 antidiluvia·

171 2780 273 2819 norum
295 2761 491 2835 praedicasse,
518 2761 618 2832 ,video
641 2760 784 2834 quidem,
806 2761 909 2836 inquit,
935 2762 1025 2832 ,haec
1047 2762 1102 2818 dici
1123 2762 1153 2819 in
1175 2762 1337 2839 Scriptura,
1361 2765 1413 2823 sed
1433 2783 1487 2821 non

171 2841 267 2910 oredo,
291 2860 356 2898 oum
377 2841 512 2898 Ecclesia
532 2841 607 2898 haec
628 2841 731 2898 nullibi
753 2841 946 2900 definiverit“.

170 2945 346 3015 Qusnnirun
369 2949 397 3004 1⁰
423 2946 491 3021 quid
513 2946 552 3005 sit
573 2946 705 3004 haeresis
727 2951 834 3021 etqua
856 2965 951 3022 poena
971 2946 1118 3022 puniatur.

367 3037 397 3092 2⁰
422 3035 490 3110 quid
511 3036 548 3093 ad
570 3055 671 3093 casum
694 3035 855 3094 dicendum.

761 3219 896 3285 Solutio.

88 3369 159 3423 1006
257 3360 310 3424 An
327 3381 515 3436 ouansrruu
535 3363 571 3423 1¹¹¹
588 3361 626 3426 R.
653 3364 680 3425 1.
717 3360 890 3437 ,Haeresis
914 3366 965 3425 est
987 3383 1078 3426 error
1094 3363 1298 3428 voluntarius
1315 3365 1485 3431 Christiani

170 3449 257 3514 circa
280 3450 423 3531 aliquam
446 3449 622 3514 veritatem
653 3449 728 3513 fidei
753 3450 951 3514 catholicae“
981 3450 1042 3529 (ita
1066 3451 1187 3534 optimc
1211 3453 1483 3530 D’Annibale

169 3542 201 3602 in
229 3541 330 3603 Coust.
355 3542 416 3622 Ap.
442 3540 475 3603 S.
500 3559 530 3604 n.
556 3540 623 3621 30),
648 3540 717 3603 sive
742 3539 865 3603 veritas
888 3539 945 3603 illa
961 3544 1099 3621 negetur
1121 3562 1177 3604 seu
1195 3563 1253 3624 pro
1278 3541 1366 3608 falsa
1389 3544 1484 3610 habe-

168 3631 253 3702 atur,
278 3628 347 3691 sive
372 3626 510 3708 positive
535 3628 711 3695 dubitetur.
743 3628 830 3692 Nam
854 3628 951 3692 etiam
977 3629 1008 3692 in
1033 3629 1101 3693 solo
1126 3630 1222 3694 dubio
1246 3653 1399 3698 assensus
1413 3637 1486 3716 fidei

167 3716 300 3781 reicitur
323 3737 380 3778 seu
404 3721 553 3796 negatur.
601 3716 649 3782 Cf.
673 3717 784 3781 Theol.
811 3738 890 3781 mor.
916 3718 940 3794 I,
967 3720 1040 3783 301.

255 3821 293 3885 R.
320 3824 349 3885 2.
381 3822 428 3886 Ut
451 3827 560 3887 autem
584 3844 688 3903 poena
712 3823 933 3887 ecclesiastica
949 3823 1144 3900 incurratur,
1169 3847 1232 3889 uon
1249 3826 1373 3893 sufficit
1389 3850 1484 3911 quae·

169 3910 248 3974 libet
274 3910 417 3973 haeresis
442 3932 550 3974 coram
584 3912 652 3975 Deo
686 3913 866 3988 commissa,
903 3913 958 3975 sed
993 3913 1089 3977 debet
1122 3935 1193 3977 esse
1221 3915 1251 3996 l)
1276 3937 1368 3980 orror
1402 3919 1485 3981 circa

167 4000 341 4065 veritatem
366 4000 406 4062 ab
424 4000 572 4063 Ecclesia
596 4005 631 4063 ut
655 4001 694 4064 de
718 4002 780 4064 fide
804 4002 1003 4083 propositam
1022 4002 1226 4077 (D’Annib.
1253 4004 1272 4068 l.
1300 4027 1337 4082 0.,
1364 4007 1483 4071 Ball.-

167 4089 289 4154 Palm.
321 4093 362 4152 tr.
396 4091 468 4153 50.
498 4091 576 4164 117,
609 4090 719 4152 Marc
750 4111 780 4153 n.
813 4091 927 4170 1314);
960 4091 993 4168 2)
1019 4113 1108 4153 01101
1140 4094 1383 4177 trionifestutrm,
1417 4096 1482 4161 sive

165 4178 273 4241 verbis
304 4178 373 4241 sive
403 4176 509 4253 facto,
544 4178 671 4241 actione
703 4183 839 4242 entenic
870 4180 1017 4258 graviter
1049 4180 1135 4244 rriala
1169 4182 1377 4261 (ll'Annib.
1403 4186 1422 4251 l.
1447 4208 1481 4261 c,

165 4267 411 4332 Ball-Palm.
438 4271 478 4330 tr.
507 4269 544 4328 11
573 4288 603 4330 n.
630 4270 704 4341 422,
730 4268 979 4343 Bucceroni,
1007 4272 1173 4334 Commeat.
1200 4274 1233 4335 in
1252 4273 1357 4338 Const.
1374 4279 1434 4359 Ap.
1451 4277 1481 4339 S.

166 4377 196 4420 n.
222 4358 251 4429 8,
277 4357 389 4418 Marc
413 4355 432 4421 l.
458 4356 509 4435 0.).

254 4462 291 4524 lt.
318 4464 346 4524 3.
395 4460 636 4542 Quamprimum
661 4461 737 4524 talis
762 4462 846 4526 actio
872 4468 1008 4528 externa
1033 4465 1207 4537 exstiterit,
1233 4467 1328 4532 adest
1353 4470 1481 4540 criruen,

165 4550 249 4627 quod
285 4550 617 4614 excommunicatione
655 4550 788 4632 speciali
823 4553 917 4615 modo
951 4553 1096 4616 Romano
1130 4554 1279 4619 Pontifici
1313 4565 1480 4622 reservata

164 4637 305 4719 punitur.
353 4639 386 4702 Si
410 4661 488 4702 vero
513 4638 633 4703 crimen
664 4640 706 4703 ad
737 4640 841 4703 forum
866 4640 1015 4705 iudiciale
1046 4647 1217 4706 externum
1249 4647 1406 4712 ordinarii
1430 4649 1481 4712 de·
