<?xml version="1.0" encoding="UTF-8"?>
<!DOCTYPE html PUBLIC "-//W3C//DTD XHTML 1.0 Transitional//EN"
    "http://www.w3.org/TR/xhtml1/DTD/xhtml1-transitional.dtd">
<html xmlns="http://www.w3.org/1999/xhtml" xml:lang="en" lang="en">
 <head>
  <title>
</title>
<meta http-equiv="Content-Type" content="text/html;charset=utf-8" />
  <meta name='ocr-system' content='tesseract 3.04.00' />
  <meta name='ocr-capabilities' content='ocr_page ocr_carea ocr_par ocr_line ocrx_word'/>
</head>
<body>
  <div class='ocr_page' id='page_1' title='image "./casusconscienti01lehmgoog_0027.png"; bbox 0 0 3106 5168; ppageno 0'>
   <div class='ocr_carea' id='block_1_1' title="bbox 490 275 1410 348">
    <p class='ocr_par' dir='ltr' id='par_1_1' title="bbox 490 275 1410 348">
     <span class='ocr_line' id='line_1_1' title="bbox 490 275 1410 348; baseline 0.008 -19"><span class='ocrx_word' id='word_1_1' title='bbox 490 275 642 330; x_wconf 74' lang='lat' dir='ltr'>Voluntarii</span> <span class='ocrx_word' id='word_1_2' title='bbox 662 276 817 333; x_wconf 77' lang='lat' dir='ltr'>obstacula:</span> <span class='ocrx_word' id='word_1_3' title='bbox 841 281 1007 348; x_wconf 66' lang='lat' dir='ltr'>ignorantia.</span> <span class='ocrx_word' id='word_1_4' title='bbox 1370 286 1410 348; x_wconf 87' lang='lat'>11</span> 
     </span>
    </p>
   </div>
   <div class='ocr_carea' id='block_1_2' title="bbox 82 451 1456 1978">
    <p class='ocr_par' dir='ltr' id='par_1_2' title="bbox 82 451 1415 1320">
     <span class='ocr_line' id='line_1_2' title="bbox 176 451 1412 542; baseline 0.005 -26"><span class='ocrx_word' id='word_1_5' title='bbox 176 451 214 517; x_wconf 81' lang='lat' dir='ltr'>n.</span> <span class='ocrx_word' id='word_1_6' title='bbox 230 454 260 519; x_wconf 89' lang='grc'>2.</span> <span class='ocrx_word' id='word_1_7' title='bbox 290 451 482 534; x_wconf 80' lang='lat' dir='ltr'>Ignorantia</span> <span class='ocrx_word' id='word_1_8' title='bbox 498 455 693 538; x_wconf 75' lang='lat' dir='ltr'><strong><em>antecedens,</em></strong></span> <span class='ocrx_word' id='word_1_9' title='bbox 712 477 909 542; x_wconf 85' lang='lat' dir='ltr'>consequens,</span> <span class='ocrx_word' id='word_1_10' title='bbox 927 459 1146 520; x_wconf 76' lang='lat' dir='ltr'><strong><em>concomitans.</em></strong></span> <span class='ocrx_word' id='word_1_11' title='bbox 1178 455 1268 521; x_wconf 87' lang='lat' dir='ltr'>Haec</span> <span class='ocrx_word' id='word_1_12' title='bbox 1283 478 1304 521; x_wconf 92' lang='lat' dir='ltr'>a</span> <span class='ocrx_word' id='word_1_13' title='bbox 1319 457 1412 523; x_wconf 90' lang='lat' dir='ltr'>theo·</span> 
     </span>
     <span class='ocr_line' id='line_1_3' title="bbox 96 540 1413 628; baseline 0.005 -23"><span class='ocrx_word' id='word_1_14' title='bbox 96 540 170 623; x_wconf 86' lang='lat' dir='ltr'>logis</span> <span class='ocrx_word' id='word_1_15' title='bbox 193 540 389 617; x_wconf 89' lang='lat' dir='ltr'>moralistis,</span> <span class='ocrx_word' id='word_1_16' title='bbox 414 542 542 623; x_wconf 89' lang='lat' dir='ltr'>quando</span> <span class='ocrx_word' id='word_1_17' title='bbox 567 542 775 620; x_wconf 79' lang='lat' dir='ltr'>adhibentur,</span> <span class='ocrx_word' id='word_1_18' title='bbox 807 543 1043 625; x_wconf 90' lang='lat' dir='ltr'>intelleguntur</span> <span class='ocrx_word' id='word_1_19' title='bbox 1065 565 1124 628; x_wconf 90' lang='lat' dir='ltr'>pro</span> <span class='ocrx_word' id='word_1_20' title='bbox 1148 543 1187 608; x_wconf 94' lang='lat' dir='ltr'>iis</span> <span class='ocrx_word' id='word_1_21' title='bbox 1210 545 1355 624; x_wconf 86' lang='lat' dir='ltr'>casibus,</span> <span class='ocrx_word' id='word_1_22' title='bbox 1380 546 1413 611; x_wconf 92' lang='lat' dir='ltr'>in</span> 
     </span>
     <span class='ocr_line' id='line_1_4' title="bbox 95 630 1413 718; baseline 0.005 -24"><span class='ocrx_word' id='word_1_23' title='bbox 95 630 202 712; x_wconf 91' lang='lat' dir='ltr'>quibus</span> <span class='ocrx_word' id='word_1_24' title='bbox 235 630 326 696; x_wconf 85' lang='lat' dir='ltr'>iacta</span> <span class='ocrx_word' id='word_1_25' title='bbox 358 634 410 695; x_wconf 91' lang='lat' dir='ltr'>est</span> <span class='ocrx_word' id='word_1_26' title='bbox 441 632 601 713; x_wconf 80' lang='lat' dir='ltr'>quaedam</span> <span class='ocrx_word' id='word_1_27' title='bbox 636 632 719 714; x_wconf 89' lang='lat' dir='ltr'>legis</span> <span class='ocrx_word' id='word_1_28' title='bbox 750 632 905 698; x_wconf 90' lang='lat' dir='ltr'>violatio:</span> <span class='ocrx_word' id='word_1_29' title='bbox 941 634 1125 699; x_wconf 77' lang='lat' dir='ltr'>antecedens</span> <span class='ocrx_word' id='word_1_30' title='bbox 1158 632 1292 713; x_wconf 92' lang='lat' dir='ltr'>dicitur,</span> <span class='ocrx_word' id='word_1_31' title='bbox 1329 656 1413 718; x_wconf 88' lang='lat' dir='ltr'>quae</span> 
     </span>
     <span class='ocr_line' id='line_1_5' title="bbox 94 719 1413 805; baseline 0.004 -21"><span class='ocrx_word' id='word_1_32' title='bbox 94 719 254 785; x_wconf 83' lang='lat' dir='ltr'>antecedit</span> <span class='ocrx_word' id='word_1_33' title='bbox 284 739 411 784; x_wconf 89' lang='lat' dir='ltr'>omnem</span> <span class='ocrx_word' id='word_1_34' title='bbox 442 719 662 786; x_wconf 88' lang='lat' dir='ltr'>voluntariam</span> <span class='ocrx_word' id='word_1_35' title='bbox 692 720 933 804; x_wconf 85' lang='lat' dir='ltr'>neglegentiam</span> <span class='ocrx_word' id='word_1_36' title='bbox 966 721 1150 804; x_wconf 91' lang='lat' dir='ltr'>inquirendi</span> <span class='ocrx_word' id='word_1_37' title='bbox 1180 721 1220 787; x_wconf 89' lang='lat' dir='ltr'>da</span> <span class='ocrx_word' id='word_1_38' title='bbox 1251 722 1325 805; x_wconf 90' lang='lat' dir='ltr'>lege</span> <span class='ocrx_word' id='word_1_39' title='bbox 1355 744 1413 789; x_wconf 87' lang='lat' dir='ltr'>seu</span> 
     </span>
     <span class='ocr_line' id='line_1_6' title="bbox 94 808 1414 895; baseline 0.004 -22"><span class='ocrx_word' id='word_1_40' title='bbox 94 808 307 890; x_wconf 87' lang='lat' dir='ltr'>obligatione;</span> <span class='ocrx_word' id='word_1_41' title='bbox 343 829 550 895; x_wconf 82' lang='lat' dir='ltr'>consequens,</span> <span class='ocrx_word' id='word_1_42' title='bbox 587 831 670 892; x_wconf 90' lang='lat' dir='ltr'>quae</span> <span class='ocrx_word' id='word_1_43' title='bbox 704 810 789 876; x_wconf 91' lang='lat' dir='ltr'>hanc</span> <span class='ocrx_word' id='word_1_44' title='bbox 823 809 1063 892; x_wconf 85' lang='lat' dir='ltr'>inquisitionem</span> <span class='ocrx_word' id='word_1_45' title='bbox 1096 831 1169 876; x_wconf 91' lang='lat' dir='ltr'>cum</span> <span class='ocrx_word' id='word_1_46' title='bbox 1206 811 1414 879; x_wconf 84' lang='lat' dir='ltr'>advertentis</span> 
     </span>
     <span class='ocr_line' id='line_1_7' title="bbox 93 897 1415 984; baseline 0.004 -22"><span class='ocrx_word' id='word_1_47' title='bbox 93 898 241 963; x_wconf 90' lang='lat' dir='ltr'>omissam</span> <span class='ocrx_word' id='word_1_48' title='bbox 269 898 417 978; x_wconf 88' lang='lat' dir='ltr'>sequitur</span> <span class='ocrx_word' id='word_1_49' title='bbox 439 897 593 981; x_wconf 88' lang='lat' dir='ltr'>(utraque</span> <span class='ocrx_word' id='word_1_50' title='bbox 622 903 731 965; x_wconf 88' lang='lat' dir='ltr'>tamen</span> <span class='ocrx_word' id='word_1_51' title='bbox 764 898 810 965; x_wconf 90' lang='lat' dir='ltr'>sic</span> <span class='ocrx_word' id='word_1_52' title='bbox 839 899 1059 982; x_wconf 91' lang='lat' dir='ltr'>intellegitur,</span> <span class='ocrx_word' id='word_1_53' title='bbox 1092 906 1128 966; x_wconf 90' lang='lat' dir='ltr'>ut</span> <span class='ocrx_word' id='word_1_54' title='bbox 1158 920 1230 965; x_wconf 85' lang='lat' dir='ltr'>curn</span> <span class='ocrx_word' id='word_1_55' title='bbox 1262 921 1301 967; x_wconf 87' lang='lat' dir='ltr'>oa</span> <span class='ocrx_word' id='word_1_56' title='bbox 1331 901 1415 984; x_wconf 87' lang='lat' dir='ltr'>legis</span> 
     </span>
     <span class='ocr_line' id='line_1_8' title="bbox 82 985 1414 1072; baseline 0.005 -22"><span class='ocrx_word' id='word_1_57' title='bbox 82 985 223 1058; x_wconf 13' lang='lat' dir='ltr'>,violatio</span> <span class='ocrx_word' id='word_1_58' title='bbox 240 986 446 1068; x_wconf 87' lang='lat' dir='ltr'>cohaereat);</span> <span class='ocrx_word' id='word_1_59' title='bbox 471 990 680 1054; x_wconf 82' lang='lat' dir='ltr'>concomitans</span> <span class='ocrx_word' id='word_1_60' title='bbox 696 988 824 1064; x_wconf 90' lang='lat' dir='ltr'>dicitur,</span> <span class='ocrx_word' id='word_1_61' title='bbox 849 1009 933 1072; x_wconf 88' lang='lat' dir='ltr'>quae</span> <span class='ocrx_word' id='word_1_62' title='bbox 957 988 1027 1053; x_wconf 89' lang='lat' dir='ltr'>sine</span> <span class='ocrx_word' id='word_1_63' title='bbox 1051 988 1117 1054; x_wconf 93' lang='lat' dir='ltr'>ullo</span> <span class='ocrx_word' id='word_1_64' title='bbox 1140 988 1265 1054; x_wconf 85' lang='lat' dir='ltr'>influxu</span> <span class='ocrx_word' id='word_1_65' title='bbox 1285 995 1358 1056; x_wconf 88' lang='lat' dir='ltr'>erat</span> <span class='ocrx_word' id='word_1_66' title='bbox 1381 991 1414 1055; x_wconf 95' lang='lat' dir='ltr'>in</span> 
     </span>
     <span class='ocr_line' id='line_1_9' title="bbox 92 1075 1414 1162; baseline 0.003 -22"><span class='ocrx_word' id='word_1_67' title='bbox 92 1075 251 1142; x_wconf 88' lang='lat' dir='ltr'>actionem</span> <span class='ocrx_word' id='word_1_68' title='bbox 274 1075 381 1152; x_wconf 85' lang='lat' dir='ltr'>illam,</span> <span class='ocrx_word' id='word_1_69' title='bbox 411 1077 451 1141; x_wconf 90' lang='lat' dir='ltr'>de</span> <span class='ocrx_word' id='word_1_70' title='bbox 475 1098 539 1159; x_wconf 89' lang='lat' dir='ltr'>qua</span> <span class='ocrx_word' id='word_1_71' title='bbox 562 1077 673 1159; x_wconf 88' lang='lat' dir='ltr'>agitur</span> <span class='ocrx_word' id='word_1_72' title='bbox 696 1078 746 1143; x_wconf 92' lang='lat' dir='ltr'>vel</span> <span class='ocrx_word' id='word_1_73' title='bbox 772 1099 837 1161; x_wconf 91' lang='lat' dir='ltr'>qua</span> <span class='ocrx_word' id='word_1_74' title='bbox 861 1079 915 1143; x_wconf 84' lang='lat' dir='ltr'>lex</span> <span class='ocrx_word' id='word_1_75' title='bbox 938 1099 996 1144; x_wconf 89' lang='lat' dir='ltr'>seu</span> <span class='ocrx_word' id='word_1_76' title='bbox 1020 1081 1231 1162; x_wconf 89' lang='lat' dir='ltr'>praeceptum</span> <span class='ocrx_word' id='word_1_77' title='bbox 1256 1078 1414 1145; x_wconf 89' lang='lat' dir='ltr'>violatum</span> 
     </span>
     <span class='ocr_line' id='line_1_10' title="bbox 92 1164 1415 1248; baseline 0.002 -19"><span class='ocrx_word' id='word_1_78' title='bbox 92 1170 152 1240; x_wconf 88' lang='lat' dir='ltr'>ast,</span> <span class='ocrx_word' id='word_1_79' title='bbox 186 1164 237 1231; x_wconf 89' lang='lat' dir='ltr'>ita</span> <span class='ocrx_word' id='word_1_80' title='bbox 269 1169 321 1242; x_wconf 92' lang='lat' dir='ltr'>ut,</span> <span class='ocrx_word' id='word_1_81' title='bbox 355 1165 417 1230; x_wconf 89' lang='lat' dir='ltr'>etsi</span> <span class='ocrx_word' id='word_1_82' title='bbox 450 1165 636 1248; x_wconf 83' lang='lat' dir='ltr'>ignorantia</span> <span class='ocrx_word' id='word_1_83' title='bbox 668 1189 732 1232; x_wconf 90' lang='lat' dir='ltr'>non</span> <span class='ocrx_word' id='word_1_84' title='bbox 763 1167 963 1246; x_wconf 84' lang='lat' dir='ltr'>exstitisset,</span> <span class='ocrx_word' id='word_1_85' title='bbox 997 1167 1083 1234; x_wconf 89' lang='lat' dir='ltr'>actio</span> <span class='ocrx_word' id='word_1_86' title='bbox 1112 1167 1178 1234; x_wconf 89' lang='lat' dir='ltr'>ista</span> <span class='ocrx_word' id='word_1_87' title='bbox 1207 1167 1415 1234; x_wconf 89' lang='lat' dir='ltr'>nihilominus</span> 
     </span>
     <span class='ocr_line' id='line_1_11' title="bbox 91 1257 323 1320; baseline 0.004 -1"><span class='ocrx_word' id='word_1_88' title='bbox 91 1257 200 1319; x_wconf 86' lang='lat' dir='ltr'>secuta</span> <span class='ocrx_word' id='word_1_89' title='bbox 225 1259 323 1320; x_wconf 87' lang='lat' dir='ltr'>esset.</span> 
     </span>
    </p>

    <p class='ocr_par' dir='ltr' id='par_1_3' title="bbox 91 1358 1456 1978">
     <span class='ocr_line' id='line_1_12' title="bbox 175 1358 1456 1448; baseline 0.001 -24"><span class='ocrx_word' id='word_1_90' title='bbox 175 1358 216 1424; x_wconf 89' lang='lat' dir='ltr'>R.</span> <span class='ocrx_word' id='word_1_91' title='bbox 234 1361 264 1425; x_wconf 89' lang='lat'>3.</span> <span class='ocrx_word' id='word_1_92' title='bbox 303 1359 495 1441; x_wconf 86' lang='lat' dir='ltr'>ignorantia</span> <span class='ocrx_word' id='word_1_93' title='bbox 514 1360 707 1426; x_wconf 74' lang='lat' dir='ltr'>invincibilis</span> <span class='ocrx_word' id='word_1_94' title='bbox 723 1365 757 1426; x_wconf 90' lang='lat' dir='ltr'>et</span> <span class='ocrx_word' id='word_1_95' title='bbox 772 1363 939 1444; x_wconf 84' lang='lat' dir='ltr'>vineibilis,</span> <span class='ocrx_word' id='word_1_96' title='bbox 964 1362 1168 1446; x_wconf 76' lang='lat' dir='ltr'>inculpabilis</span> <span class='ocrx_word' id='word_1_97' title='bbox 1185 1367 1219 1428; x_wconf 88' lang='lat' dir='ltr'>et</span> <span class='ocrx_word' id='word_1_98' title='bbox 1234 1361 1413 1448; x_wconf 82' lang='lat' dir='ltr'>culpabitis,</span> <span class='ocrx_word' id='word_1_99' title='bbox 1423 1371 1456 1425; x_wconf 81' lang='lat'>21</span> 
     </span>
     <span class='ocr_line' id='line_1_13' title="bbox 92 1447 1414 1531; baseline 0.002 -17"><span class='ocrx_word' id='word_1_100' title='bbox 92 1447 243 1514; x_wconf 91' lang='lat' dir='ltr'>coincidit</span> <span class='ocrx_word' id='word_1_101' title='bbox 264 1469 335 1513; x_wconf 91' lang='lat' dir='ltr'>cum</span> <span class='ocrx_word' id='word_1_102' title='bbox 361 1448 547 1514; x_wconf 87' lang='lat' dir='ltr'>definitione</span> <span class='ocrx_word' id='word_1_103' title='bbox 576 1448 672 1514; x_wconf 90' lang='lat' dir='ltr'>modo</span> <span class='ocrx_word' id='word_1_104' title='bbox 701 1450 779 1515; x_wconf 88' lang='lat' dir='ltr'>data</span> <span class='ocrx_word' id='word_1_105' title='bbox 802 1449 1009 1531; x_wconf 87' lang='lat' dir='ltr'>ignorantiae</span> <span class='ocrx_word' id='word_1_106' title='bbox 1033 1450 1257 1517; x_wconf 86' lang='lat' dir='ltr'>antecedentis</span> <span class='ocrx_word' id='word_1_107' title='bbox 1279 1455 1314 1517; x_wconf 91' lang='grc' dir='ltr'>ει</span> <span class='ocrx_word' id='word_1_108' title='bbox 1336 1470 1414 1516; x_wconf 89' lang='lat' dir='ltr'>con·</span> 
     </span>
     <span class='ocr_line' id='line_1_14' title="bbox 91 1536 1414 1623; baseline 0.001 -19"><span class='ocrx_word' id='word_1_109' title='bbox 91 1536 265 1620; x_wconf 88' lang='lat' dir='ltr'>sequentis.</span> <span class='ocrx_word' id='word_1_110' title='bbox 301 1537 491 1620; x_wconf 85' lang='lat' dir='ltr'>Ignorantia</span> <span class='ocrx_word' id='word_1_111' title='bbox 515 1538 610 1614; x_wconf 90' lang='lat' dir='ltr'>onim,</span> <span class='ocrx_word' id='word_1_112' title='bbox 634 1559 718 1620; x_wconf 89' lang='lat' dir='ltr'>quae</span> <span class='ocrx_word' id='word_1_113' title='bbox 740 1538 906 1605; x_wconf 89' lang='lat' dir='ltr'>antecedit</span> <span class='ocrx_word' id='word_1_114' title='bbox 921 1560 1049 1604; x_wconf 91' lang='lat' dir='ltr'>omnem</span> <span class='ocrx_word' id='word_1_115' title='bbox 1066 1539 1286 1605; x_wconf 87' lang='lat' dir='ltr'>voluntariam</span> <span class='ocrx_word' id='word_1_116' title='bbox 1302 1541 1414 1623; x_wconf 86' lang='lat' dir='ltr'>negle-</span> 
     </span>
     <span class='ocr_line' id='line_1_15' title="bbox 92 1626 1415 1711; baseline 0.001 -18"><span class='ocrx_word' id='word_1_117' title='bbox 92 1626 244 1709; x_wconf 82' lang='lat' dir='ltr'>gentiam,</span> <span class='ocrx_word' id='word_1_118' title='bbox 270 1630 321 1692; x_wconf 87' lang='lat' dir='ltr'>ast</span> <span class='ocrx_word' id='word_1_119' title='bbox 343 1626 413 1691; x_wconf 88' lang='lat' dir='ltr'>sine</span> <span class='ocrx_word' id='word_1_120' title='bbox 431 1627 498 1690; x_wconf 90' lang='lat' dir='ltr'>ulla</span> <span class='ocrx_word' id='word_1_121' title='bbox 522 1627 729 1692; x_wconf 81' lang='lat' dir='ltr'>advertentis</span> <span class='ocrx_word' id='word_1_122' title='bbox 752 1626 794 1692; x_wconf 89' lang='lat' dir='ltr'>ad</span> <span class='ocrx_word' id='word_1_123' title='bbox 818 1627 1049 1710; x_wconf 86' lang='lat' dir='ltr'>obligationem</span> <span class='ocrx_word' id='word_1_124' title='bbox 1072 1628 1256 1709; x_wconf 88' lang='lat' dir='ltr'>inquirendi</span> <span class='ocrx_word' id='word_1_125' title='bbox 1278 1649 1415 1711; x_wconf 86' lang='lat' dir='ltr'>seseque</span> 
     </span>
     <span class='ocr_line' id='line_1_16' title="bbox 91 1714 1414 1800; baseline 0.002 -20"><span class='ocrx_word' id='word_1_126' title='bbox 91 1714 286 1791; x_wconf 88' lang='lat' dir='ltr'>instruendi,</span> <span class='ocrx_word' id='word_1_127' title='bbox 317 1736 418 1797; x_wconf 91' lang='lat' dir='ltr'>quare</span> <span class='ocrx_word' id='word_1_128' title='bbox 450 1717 652 1800; x_wconf 82' lang='lat' dir='ltr'>inculpabilis</span> <span class='ocrx_word' id='word_1_129' title='bbox 682 1720 734 1781; x_wconf 90' lang='lat' dir='ltr'>est</span> <span class='ocrx_word' id='word_1_130' title='bbox 763 1737 822 1782; x_wconf 90' lang='lat' dir='ltr'>nec</span> <span class='ocrx_word' id='word_1_131' title='bbox 852 1720 962 1800; x_wconf 89' lang='lat' dir='ltr'>potest</span> <span class='ocrx_word' id='word_1_132' title='bbox 986 1717 1070 1782; x_wconf 91' lang='lat' dir='ltr'>vinci</span> <span class='ocrx_word' id='word_1_133' title='bbox 1104 1716 1224 1799; x_wconf 91' lang='lat' dir='ltr'>(prima</span> <span class='ocrx_word' id='word_1_134' title='bbox 1247 1717 1332 1782; x_wconf 90' lang='lat' dir='ltr'>enim</span> <span class='ocrx_word' id='word_1_135' title='bbox 1356 1718 1414 1784; x_wconf 88' lang='lat' dir='ltr'>ad·</span> 
     </span>
     <span class='ocr_line' id='line_1_17' title="bbox 93 1804 1416 1888; baseline 0.004 -20"><span class='ocrx_word' id='word_1_136' title='bbox 93 1805 254 1870; x_wconf 83' lang='lat' dir='ltr'>vertentia</span> <span class='ocrx_word' id='word_1_137' title='bbox 278 1825 335 1869; x_wconf 87' lang='lat' dir='ltr'>seu</span> <span class='ocrx_word' id='word_1_138' title='bbox 359 1804 516 1886; x_wconf 88' lang='lat' dir='ltr'>cogitatio</span> <span class='ocrx_word' id='word_1_139' title='bbox 545 1810 685 1872; x_wconf 86' lang='lat' dir='ltr'>nonest</span> <span class='ocrx_word' id='word_1_140' title='bbox 714 1805 747 1869; x_wconf 93' lang='lat' dir='ltr'>in</span> <span class='ocrx_word' id='word_1_141' title='bbox 771 1805 874 1871; x_wconf 90' lang='lat' dir='ltr'>libera</span> <span class='ocrx_word' id='word_1_142' title='bbox 903 1805 1042 1871; x_wconf 88' lang='lat' dir='ltr'>hominis</span> <span class='ocrx_word' id='word_1_143' title='bbox 1071 1805 1252 1888; x_wconf 89' lang='lat' dir='ltr'>potestate)</span> <span class='ocrx_word' id='word_1_144' title='bbox 1281 1828 1340 1873; x_wconf 88' lang='lat' dir='ltr'>sen</span> <span class='ocrx_word' id='word_1_145' title='bbox 1364 1812 1416 1873; x_wconf 92' lang='lat' dir='ltr'>est</span> 
     </span>
     <span class='ocr_line' id='line_1_18' title="bbox 94 1892 1415 1978; baseline 0.001 -19"><span class='ocrx_word' id='word_1_146' title='bbox 94 1893 302 1969; x_wconf 89' lang='lat' dir='ltr'>invincibilis;</span> <span class='ocrx_word' id='word_1_147' title='bbox 332 1892 520 1975; x_wconf 87' lang='lat' dir='ltr'>ignorantia</span> <span class='ocrx_word' id='word_1_148' title='bbox 550 1899 659 1960; x_wconf 89' lang='lat' dir='ltr'>autem</span> <span class='ocrx_word' id='word_1_149' title='bbox 690 1915 892 1976; x_wconf 88' lang='lat' dir='ltr'>consequens</span> <span class='ocrx_word' id='word_1_150' title='bbox 921 1894 1058 1960; x_wconf 90' lang='lat' dir='ltr'>includit</span> <span class='ocrx_word' id='word_1_151' title='bbox 1081 1894 1265 1976; x_wconf 88' lang='lat' dir='ltr'>neglectam</span> <span class='ocrx_word' id='word_1_152' title='bbox 1289 1896 1415 1978; x_wconf 92' lang='lat' dir='ltr'>obliga-</span> 
     </span>
    </p>
   </div>
   <div class='ocr_carea' id='block_1_3' title="bbox 92 1982 1416 2149">
    <p class='ocr_par' dir='ltr' id='par_1_4' title="bbox 92 1982 1416 2149">
     <span class='ocr_line' id='line_1_19' title="bbox 92 1982 1416 2068; baseline 0 -19"><span class='ocrx_word' id='word_1_153' title='bbox 92 1984 208 2050; x_wconf 90' lang='lat' dir='ltr'>tionem</span> <span class='ocrx_word' id='word_1_154' title='bbox 241 1986 413 2068; x_wconf 82' lang='lat' dir='ltr'>copnitom,</span> <span class='ocrx_word' id='word_1_155' title='bbox 444 1983 517 2048; x_wconf 89' lang='lat' dir='ltr'>hinc</span> <span class='ocrx_word' id='word_1_156' title='bbox 548 1982 718 2067; x_wconf 92' lang='lat' dir='ltr'>culpabilis</span> <span class='ocrx_word' id='word_1_157' title='bbox 742 1983 806 2048; x_wconf 88' lang='lat' dir='ltr'>dici</span> <span class='ocrx_word' id='word_1_158' title='bbox 830 1984 928 2049; x_wconf 88' lang='lat' dir='ltr'>debet</span> <span class='ocrx_word' id='word_1_159' title='bbox 951 1986 985 2049; x_wconf 91' lang='grc' dir='ltr'>ει</span> <span class='ocrx_word' id='word_1_160' title='bbox 1007 1984 1174 2050; x_wconf 79' lang='lat' dir='ltr'>vincibilis.</span> <span class='ocrx_word' id='word_1_161' title='bbox 1222 1983 1269 2050; x_wconf 84' lang='lat' dir='ltr'>uf.</span> <span class='ocrx_word' id='word_1_162' title='bbox 1294 1984 1416 2050; x_wconf 84' lang='lat' dir='ltr'>Frins</span> 
     </span>
     <span class='ocr_line' id='line_1_20' title="bbox 93 2072 522 2149; baseline 0.005 -13"><span class='ocrx_word' id='word_1_163' title='bbox 93 2072 109 2138; x_wconf 93' lang='lat' dir='ltr'>l.</span> <span class='ocrx_word' id='word_1_164' title='bbox 130 2095 157 2141; x_wconf 88' lang='lat' dir='ltr'>c.</span> <span class='ocrx_word' id='word_1_165' title='bbox 184 2075 267 2148; x_wconf 84' lang='lat'>319;</span> <span class='ocrx_word' id='word_1_166' title='bbox 297 2073 352 2137; x_wconf 78' lang='lat' dir='ltr'>Tc.</span> <span class='ocrx_word' id='word_1_167' title='bbox 370 2095 410 2138; x_wconf 87' lang='lat' dir='ltr'>m.</span> <span class='ocrx_word' id='word_1_168' title='bbox 428 2072 453 2149; x_wconf 90' lang='lat' dir='ltr'>I,</span> <span class='ocrx_word' id='word_1_169' title='bbox 473 2075 522 2138; x_wconf 89' lang='lat'>16.</span> 
     </span>
    </p>
   </div>
   <div class='ocr_carea' id='block_1_4' title="bbox 93 2169 1417 3328">
    <p class='ocr_par' dir='ltr' id='par_1_5' title="bbox 93 2169 1417 2609">
     <span class='ocr_line' id='line_1_21' title="bbox 177 2169 1415 2252; baseline 0 -18"><span class='ocrx_word' id='word_1_170' title='bbox 177 2169 336 2246; x_wconf 86' lang='lat' dir='ltr'>Quoniam</span> <span class='ocrx_word' id='word_1_171' title='bbox 367 2174 476 2236; x_wconf 88' lang='lat' dir='ltr'>autem</span> <span class='ocrx_word' id='word_1_172' title='bbox 507 2170 539 2233; x_wconf 91' lang='lat' dir='ltr'>in</span> <span class='ocrx_word' id='word_1_173' title='bbox 570 2169 667 2234; x_wconf 90' lang='lat' dir='ltr'>rebus</span> <span class='ocrx_word' id='word_1_174' title='bbox 697 2169 855 2252; x_wconf 91' lang='lat' dir='ltr'>gravibus</span> <span class='ocrx_word' id='word_1_175' title='bbox 878 2169 1086 2236; x_wconf 83' lang='lat' dir='ltr'>advertentis</span> <span class='ocrx_word' id='word_1_176' title='bbox 1110 2171 1150 2234; x_wconf 91' lang='lat' dir='ltr'>ad</span> <span class='ocrx_word' id='word_1_177' title='bbox 1175 2190 1310 2252; x_wconf 89' lang='lat' dir='ltr'>gravem</span> <span class='ocrx_word' id='word_1_178' title='bbox 1335 2170 1415 2235; x_wconf 93' lang='lat' dir='ltr'>obli-</span> 
     </span>
     <span class='ocr_line' id='line_1_22' title="bbox 93 2258 1416 2342; baseline -0.001 -17"><span class='ocrx_word' id='word_1_179' title='bbox 93 2258 255 2341; x_wconf 87' lang='lat' dir='ltr'>gationem</span> <span class='ocrx_word' id='word_1_180' title='bbox 287 2258 480 2340; x_wconf 88' lang='lat' dir='ltr'>requiritur,</span> <span class='ocrx_word' id='word_1_181' title='bbox 516 2263 553 2324; x_wconf 92' lang='lat' dir='ltr'>ut</span> <span class='ocrx_word' id='word_1_182' title='bbox 584 2258 750 2341; x_wconf 89' lang='lat' dir='ltr'>inquisitio</span> <span class='ocrx_word' id='word_1_183' title='bbox 782 2258 1052 2341; x_wconf 88' lang='lat' dir='ltr'>ignorantiaeque</span> <span class='ocrx_word' id='word_1_184' title='bbox 1085 2259 1231 2342; x_wconf 89' lang='lat' dir='ltr'>depulsio</span> <span class='ocrx_word' id='word_1_185' title='bbox 1264 2260 1416 2342; x_wconf 90' lang='lat' dir='ltr'>neglecta</span> 
     </span>
     <span class='ocr_line' id='line_1_23' title="bbox 94 2346 1415 2432; baseline 0.001 -20"><span class='ocrx_word' id='word_1_186' title='bbox 94 2347 150 2413; x_wconf 90' lang='lat' dir='ltr'>dici</span> <span class='ocrx_word' id='word_1_187' title='bbox 174 2346 280 2431; x_wconf 88' lang='lat' dir='ltr'>possit</span> <span class='ocrx_word' id='word_1_188' title='bbox 303 2350 487 2431; x_wconf 80' lang='lat' dir='ltr'>simpliciter</span> <span class='ocrx_word' id='word_1_189' title='bbox 510 2349 696 2432; x_wconf 82' lang='lat' dir='ltr'>culpabilis;</span> <span class='ocrx_word' id='word_1_190' title='bbox 716 2347 903 2429; x_wconf 89' lang='lat' dir='ltr'>ignorantia</span> <span class='ocrx_word' id='word_1_191' title='bbox 923 2369 994 2412; x_wconf 92' lang='lat' dir='ltr'>cum</span> <span class='ocrx_word' id='word_1_192' title='bbox 1020 2348 1085 2412; x_wconf 88' lang='lat' dir='ltr'>lavi</span> <span class='ocrx_word' id='word_1_193' title='bbox 1111 2349 1320 2431; x_wconf 90' lang='lat' dir='ltr'>neglegentia</span> <span class='ocrx_word' id='word_1_194' title='bbox 1339 2370 1415 2415; x_wconf 91' lang='lat' dir='ltr'>con-</span> 
     </span>
     <span class='ocr_line' id='line_1_24' title="bbox 94 2435 1417 2520; baseline 0.002 -19"><span class='ocrx_word' id='word_1_195' title='bbox 94 2436 200 2502; x_wconf 90' lang='lat' dir='ltr'>iuncta</span> <span class='ocrx_word' id='word_1_196' title='bbox 231 2435 465 2519; x_wconf 89' lang='lat' dir='ltr'>aequiparatur</span> <span class='ocrx_word' id='word_1_197' title='bbox 494 2438 602 2520; x_wconf 90' lang='lat' dir='ltr'>potius</span> <span class='ocrx_word' id='word_1_198' title='bbox 625 2435 811 2519; x_wconf 89' lang='lat' dir='ltr'>inculpabili</span> <span class='ocrx_word' id='word_1_199' title='bbox 837 2441 870 2502; x_wconf 90' lang='lat' dir='ltr'>et</span> <span class='ocrx_word' id='word_1_200' title='bbox 892 2436 1071 2501; x_wconf 87' lang='lat' dir='ltr'>invincibili</span> <span class='ocrx_word' id='word_1_201' title='bbox 1095 2459 1190 2519; x_wconf 92' lang='lat' dir='ltr'>quam</span> <span class='ocrx_word' id='word_1_202' title='bbox 1215 2438 1359 2503; x_wconf 90' lang='lat' dir='ltr'>vincibili</span> <span class='ocrx_word' id='word_1_203' title='bbox 1383 2441 1417 2504; x_wconf 91' lang='lat' dir='ltr'>et</span> 
     </span>
     <span class='ocr_line' id='line_1_25' title="bbox 94 2524 252 2609; baseline 0.006 -20"><span class='ocrx_word' id='word_1_204' title='bbox 94 2524 252 2609; x_wconf 89' lang='lat' dir='ltr'>culpabili.</span> 
     </span>
    </p>

    <p class='ocr_par' dir='ltr' id='par_1_6' title="bbox 93 2620 1416 3328">
     <span class='ocr_line' id='line_1_26' title="bbox 177 2620 1415 2710; baseline 0.002 -24"><span class='ocrx_word' id='word_1_205' title='bbox 177 2620 371 2704; x_wconf 84' lang='lat' dir='ltr'>ignorantia</span> <span class='ocrx_word' id='word_1_206' title='bbox 393 2620 465 2703; x_wconf 89' lang='lat' dir='ltr'>ipsa</span> <span class='ocrx_word' id='word_1_207' title='bbox 488 2623 636 2703; x_wconf 88' lang='lat' dir='ltr'>graviter</span> <span class='ocrx_word' id='word_1_208' title='bbox 660 2622 830 2705; x_wconf 91' lang='lat' dir='ltr'>culpabilis</span> <span class='ocrx_word' id='word_1_209' title='bbox 854 2622 1066 2704; x_wconf 87' lang='lat' dir='ltr'>distinguitur</span> <span class='ocrx_word' id='word_1_210' title='bbox 1089 2623 1226 2689; x_wconf 86' lang='lat' dir='ltr'>nltem&#39;us</span> <span class='ocrx_word' id='word_1_211' title='bbox 1243 2623 1276 2688; x_wconf 93' lang='lat' dir='ltr'>in</span> <span class='ocrx_word' id='word_1_212' title='bbox 1293 2627 1415 2710; x_wconf 83' lang='lat' dir='ltr'>simpli-</span> 
     </span>
     <span class='ocr_line' id='line_1_27' title="bbox 95 2710 1414 2797; baseline 0.001 -21"><span class='ocrx_word' id='word_1_213' title='bbox 95 2715 165 2776; x_wconf 85' lang='lat' dir='ltr'>citer</span> <span class='ocrx_word' id='word_1_214' title='bbox 197 2713 309 2792; x_wconf 81' lang='lat' dir='ltr'>todem,</span> <span class='ocrx_word' id='word_1_215' title='bbox 346 2710 379 2774; x_wconf 94' lang='lat' dir='ltr'>in</span> <span class='ocrx_word' id='word_1_216' title='bbox 411 2711 631 2791; x_wconf 89' lang='lat' dir='ltr'>ignorantiam</span> <span class='ocrx_word' id='word_1_217' title='bbox 664 2733 807 2776; x_wconf 85' lang='lat' dir='ltr'>crossum</span> <span class='ocrx_word' id='word_1_218' title='bbox 841 2734 894 2776; x_wconf 86' lang='lat' dir='ltr'>seu</span> <span class='ocrx_word' id='word_1_219' title='bbox 927 2716 1094 2797; x_wconf 84' lang='lat' dir='ltr'>supinam,</span> <span class='ocrx_word' id='word_1_220' title='bbox 1130 2715 1164 2776; x_wconf 87' lang='lat' dir='ltr'>et</span> <span class='ocrx_word' id='word_1_221' title='bbox 1196 2711 1414 2794; x_wconf 88' lang='lat' dir='ltr'>ignorantiam</span> 
     </span>
     <span class='ocr_line' id='line_1_28' title="bbox 95 2800 1416 2885; baseline 0.002 -21"><span class='ocrx_word' id='word_1_222' title='bbox 95 2802 280 2884; x_wconf 74' lang='lat' dir='ltr'>affectatam.</span> <span class='ocrx_word' id='word_1_223' title='bbox 323 2800 474 2864; x_wconf 81' lang='lat' dir='ltr'>Crassum</span> <span class='ocrx_word' id='word_1_224' title='bbox 497 2822 551 2865; x_wconf 86' lang='lat' dir='ltr'>sen</span> <span class='ocrx_word' id='word_1_225' title='bbox 575 2803 726 2885; x_wconf 82' lang='lat' dir='ltr'>supinum</span> <span class='ocrx_word' id='word_1_226' title='bbox 749 2800 849 2882; x_wconf 89' lang='lat' dir='ltr'>aliqui</span> <span class='ocrx_word' id='word_1_227' title='bbox 871 2821 936 2865; x_wconf 92' lang='lat' dir='ltr'>non</span> <span class='ocrx_word' id='word_1_228' title='bbox 952 2801 1157 2883; x_wconf 88' lang='lat' dir='ltr'>distinguunt</span> <span class='ocrx_word' id='word_1_229' title='bbox 1172 2801 1213 2866; x_wconf 90' lang='lat' dir='ltr'>ab</span> <span class='ocrx_word' id='word_1_230' title='bbox 1229 2801 1416 2882; x_wconf 89' lang='lat' dir='ltr'>ignorantia</span> 
     </span>
     <span class='ocr_line' id='line_1_29' title="bbox 94 2888 1415 2973; baseline 0.002 -20"><span class='ocrx_word' id='word_1_231' title='bbox 94 2889 281 2973; x_wconf 90' lang='lat' dir='ltr'>simpliciter</span> <span class='ocrx_word' id='word_1_232' title='bbox 309 2888 458 2970; x_wconf 86' lang='lat' dir='ltr'>graviter</span> <span class='ocrx_word' id='word_1_233' title='bbox 488 2889 639 2973; x_wconf 90' lang='lat' dir='ltr'>culpabili</span> <span class='ocrx_word' id='word_1_234' title='bbox 669 2910 725 2954; x_wconf 92' lang='lat' dir='ltr'>seu</span> <span class='ocrx_word' id='word_1_235' title='bbox 758 2910 841 2972; x_wconf 90' lang='lat' dir='ltr'>quae</span> <span class='ocrx_word' id='word_1_236' title='bbox 872 2890 997 2955; x_wconf 87' lang='lat' dir='ltr'>oriatur</span> <span class='ocrx_word' id='word_1_237' title='bbox 1026 2911 1068 2954; x_wconf 88' lang='lat' dir='ltr'>ex</span> <span class='ocrx_word' id='word_1_238' title='bbox 1098 2890 1309 2972; x_wconf 88' lang='lat' dir='ltr'>neglegentia</span> <span class='ocrx_word' id='word_1_239' title='bbox 1338 2913 1415 2972; x_wconf 89' lang='lat' dir='ltr'>gra·</span> 
     </span>
     <span class='ocr_line' id='line_1_30' title="bbox 93 2977 1414 3064; baseline 0.004 -24"><span class='ocrx_word' id='word_1_240' title='bbox 93 2979 175 3044; x_wconf 73' lang='lat' dir='ltr'>viter</span> <span class='ocrx_word' id='word_1_241' title='bbox 191 2977 346 3062; x_wconf 90' lang='lat' dir='ltr'>culpabili</span> <span class='ocrx_word' id='word_1_242' title='bbox 369 2998 433 3041; x_wconf 91' lang='lat' dir='ltr'>non</span> <span class='ocrx_word' id='word_1_243' title='bbox 451 2978 608 3061; x_wconf 87' lang='lat' dir='ltr'>deposita,</span> <span class='ocrx_word' id='word_1_244' title='bbox 634 2977 689 3042; x_wconf 86' lang='lat' dir='ltr'>alii</span> <span class='ocrx_word' id='word_1_245' title='bbox 712 2978 884 3061; x_wconf 86' lang='lat' dir='ltr'>requirunt</span> <span class='ocrx_word' id='word_1_246' title='bbox 907 2978 1148 3061; x_wconf 89' lang='lat' dir='ltr'>neglegentiam</span> <span class='ocrx_word' id='word_1_247' title='bbox 1173 2981 1264 3044; x_wconf 84' lang='lat' dir='ltr'>valde</span> <span class='ocrx_word' id='word_1_248' title='bbox 1277 3002 1414 3064; x_wconf 76' lang='lat' dir='ltr'>procem.</span> 
     </span>
     <span class='ocr_line' id='line_1_31' title="bbox 94 3066 1415 3151; baseline 0.001 -20"><span class='ocrx_word' id='word_1_249' title='bbox 94 3066 256 3134; x_wconf 72' lang='lat' dir='ltr'>affectata</span> <span class='ocrx_word' id='word_1_250' title='bbox 272 3071 382 3132; x_wconf 88' lang='lat' dir='ltr'>autem</span> <span class='ocrx_word' id='word_1_251' title='bbox 400 3071 451 3133; x_wconf 92' lang='lat' dir='ltr'>est</span> <span class='ocrx_word' id='word_1_252' title='bbox 473 3067 660 3149; x_wconf 89' lang='lat' dir='ltr'>ignorantia</span> <span class='ocrx_word' id='word_1_253' title='bbox 678 3070 794 3133; x_wconf 78' lang='lat' dir='ltr'>directe</span> <span class='ocrx_word' id='word_1_254' title='bbox 815 3071 919 3151; x_wconf 80' lang='lat' dir='ltr'>colito,</span> <span class='ocrx_word' id='word_1_255' title='bbox 944 3088 1015 3132; x_wconf 92' lang='lat' dir='ltr'>cum</span> <span class='ocrx_word' id='word_1_256' title='bbox 1040 3067 1106 3133; x_wconf 89' lang='lat' dir='ltr'>alia</span> <span class='ocrx_word' id='word_1_257' title='bbox 1128 3068 1314 3149; x_wconf 82' lang='lat' dir='ltr'>ignorantia</span> <span class='ocrx_word' id='word_1_258' title='bbox 1339 3088 1415 3133; x_wconf 92' lang='lat' dir='ltr'>con·</span> 
     </span>
     <span class='ocr_line' id='line_1_32' title="bbox 93 3155 1415 3258; baseline -0.001 -37"><span class='ocrx_word' id='word_1_259' title='bbox 93 3177 244 3239; x_wconf 89' lang='lat' dir='ltr'>sequens,</span> <span class='ocrx_word' id='word_1_260' title='bbox 269 3155 368 3222; x_wconf 89' lang='lat' dir='ltr'>etiam</span> <span class='ocrx_word' id='word_1_261' title='bbox 393 3176 521 3234; x_wconf 87' lang='lat' dir='ltr'>crassa,</span> <span class='ocrx_word' id='word_1_262' title='bbox 546 3157 650 3221; x_wconf 91' lang='lat' dir='ltr'>solum</span> <span class='ocrx_word' id='word_1_263' title='bbox 674 3157 831 3223; x_wconf 88' lang='lat' dir='ltr'>indirecte</span> <span class='ocrx_word' id='word_1_264' title='bbox 855 3157 969 3222; x_wconf 87' lang='lat' dir='ltr'>souin</span> <span class='ocrx_word' id='word_1_265' title='bbox 994 3157 1113 3222; x_wconf 90' lang='lat' dir='ltr'>omissa</span> <span class='ocrx_word' id='word_1_266' title='bbox 1137 3155 1307 3258; x_wconf 87' lang='lat' dir='ltr'>diligentia</span> <span class='ocrx_word' id='word_1_267' title='bbox 1331 3162 1415 3222; x_wconf 90' lang='lat' dir='ltr'>tam-</span> 
     </span>
     <span class='ocr_line' id='line_1_33' title="bbox 94 3245 1413 3328; baseline -0.001 -18"><span class='ocrx_word' id='word_1_268' title='bbox 94 3267 185 3328; x_wconf 91' lang='lat' dir='ltr'>quam</span> <span class='ocrx_word' id='word_1_269' title='bbox 211 3245 245 3309; x_wconf 93' lang='lat' dir='ltr'>in</span> <span class='ocrx_word' id='word_1_270' title='bbox 269 3267 369 3311; x_wconf 89' lang='lat' dir='ltr'>causa</span> <span class='ocrx_word' id='word_1_271' title='bbox 392 3245 434 3312; x_wconf 89' lang='lat' dir='ltr'>sit</span> <span class='ocrx_word' id='word_1_272' title='bbox 458 3245 579 3319; x_wconf 87' lang='lat' dir='ltr'>volita;</span> <span class='ocrx_word' id='word_1_273' title='bbox 604 3247 760 3311; x_wconf 83' lang='lat' dir='ltr'>affectata</span> <span class='ocrx_word' id='word_1_274' title='bbox 784 3247 869 3311; x_wconf 89' lang='lat' dir='ltr'>enim</span> <span class='ocrx_word' id='word_1_275' title='bbox 894 3246 1080 3328; x_wconf 90' lang='lat' dir='ltr'>ignorantia</span> <span class='ocrx_word' id='word_1_276' title='bbox 1101 3249 1268 3327; x_wconf 79' lang='lat' dir='ltr'>quaernur</span> <span class='ocrx_word' id='word_1_277' title='bbox 1291 3266 1347 3310; x_wconf 88' lang='lat' dir='ltr'>seu</span> <span class='ocrx_word' id='word_1_278' title='bbox 1372 3265 1413 3310; x_wconf 84' lang='lat' dir='ltr'>ex</span> 
     </span>
    </p>
   </div>
   <div class='ocr_carea' id='block_1_5' title="bbox 92 3333 1415 3509">
    <p class='ocr_par' dir='ltr' id='par_1_7' title="bbox 92 3333 1415 3509">
     <span class='ocr_line' id='line_1_34' title="bbox 92 3333 1415 3417; baseline 0 -18"><span class='ocrx_word' id='word_1_279' title='bbox 92 3334 250 3401; x_wconf 90' lang='lat' dir='ltr'>industria</span> <span class='ocrx_word' id='word_1_280' title='bbox 280 3334 475 3411; x_wconf 86' lang='lat' dir='ltr'>sustinetur,</span> <span class='ocrx_word' id='word_1_281' title='bbox 507 3356 547 3399; x_wconf 90' lang='lat' dir='ltr'>ne</span> <span class='ocrx_word' id='word_1_282' title='bbox 576 3335 660 3417; x_wconf 91' lang='lat' dir='ltr'>legis</span> <span class='ocrx_word' id='word_1_283' title='bbox 683 3335 826 3416; x_wconf 90' lang='lat' dir='ltr'>cognitio</span> <span class='ocrx_word' id='word_1_284' title='bbox 849 3335 991 3399; x_wconf 87' lang='lat' dir='ltr'>liberiori</span> <span class='ocrx_word' id='word_1_285' title='bbox 1022 3333 1276 3416; x_wconf 87' lang='lat' dir='ltr'>transgressioni</span> <span class='ocrx_word' id='word_1_286' title='bbox 1306 3336 1415 3417; x_wconf 90' lang='lat' dir='ltr'>logum</span> 
     </span>
     <span class='ocr_line' id='line_1_35' title="bbox 93 3422 699 3509; baseline 0.003 -20"><span class='ocrx_word' id='word_1_287' title='bbox 93 3423 322 3509; x_wconf 90' lang='lat' dir='ltr'>impedimento</span> <span class='ocrx_word' id='word_1_288' title='bbox 345 3422 398 3489; x_wconf 92' lang='lat' dir='ltr'>sit.</span> <span class='ocrx_word' id='word_1_289' title='bbox 451 3424 506 3491; x_wconf 80' lang='lat' dir='ltr'>m.</span> <span class='ocrx_word' id='word_1_290' title='bbox 531 3447 571 3489; x_wconf 87' lang='lat' dir='ltr'>m.</span> <span class='ocrx_word' id='word_1_291' title='bbox 596 3425 621 3502; x_wconf 92' lang='lat' dir='ltr'>I,</span> <span class='ocrx_word' id='word_1_292' title='bbox 650 3427 699 3492; x_wconf 90' lang='grc'>16.</span> 
     </span>
    </p>
   </div>
   <div class='ocr_carea' id='block_1_6' title="bbox 93 3536 1459 3972">
    <p class='ocr_par' dir='ltr' id='par_1_8' title="bbox 93 3536 1459 3972">
     <span class='ocr_line' id='line_1_36' title="bbox 178 3536 1459 3619; baseline 0.001 -15"><span class='ocrx_word' id='word_1_293' title='bbox 178 3539 232 3604; x_wconf 87' lang='lat' dir='ltr'>An</span> <span class='ocrx_word' id='word_1_294' title='bbox 256 3558 447 3614; x_wconf 78' lang='lat' dir='ltr'>ousssrrun</span> <span class='ocrx_word' id='word_1_295' title='bbox 473 3541 511 3600; x_wconf 68' lang='lat'>2⁰²</span> <span class='ocrx_word' id='word_1_296' title='bbox 538 3540 576 3603; x_wconf 86' lang='lat' dir='ltr'>R.</span> <span class='ocrx_word' id='word_1_297' title='bbox 605 3541 632 3602; x_wconf 92' lang='lat'>1.</span> <span class='ocrx_word' id='word_1_298' title='bbox 680 3537 872 3619; x_wconf 82' lang='lat' dir='ltr'>ignorantia</span> <span class='ocrx_word' id='word_1_299' title='bbox 902 3536 972 3601; x_wconf 91' lang='lat' dir='ltr'>sive</span> <span class='ocrx_word' id='word_1_300' title='bbox 1002 3536 1082 3601; x_wconf 90' lang='lat' dir='ltr'>iuris</span> <span class='ocrx_word' id='word_1_301' title='bbox 1112 3537 1182 3602; x_wconf 92' lang='lat' dir='ltr'>sivo</span> <span class='ocrx_word' id='word_1_302' title='bbox 1213 3537 1292 3605; x_wconf 90' lang='lat' dir='ltr'>facti</span> <span class='ocrx_word' id='word_1_303' title='bbox 1323 3542 1459 3605; x_wconf 79' lang='lat' dir='ltr'>ante-22</span> 
     </span>
     <span class='ocr_line' id='line_1_37' title="bbox 94 3626 1415 3709; baseline -0.002 -15"><span class='ocrx_word' id='word_1_304' title='bbox 94 3629 209 3694; x_wconf 87' lang='lat' dir='ltr'>cedens</span> <span class='ocrx_word' id='word_1_305' title='bbox 241 3648 299 3692; x_wconf 92' lang='lat' dir='ltr'>seu</span> <span class='ocrx_word' id='word_1_306' title='bbox 329 3626 524 3692; x_wconf 88' lang='lat' dir='ltr'>invincibilis</span> <span class='ocrx_word' id='word_1_307' title='bbox 555 3627 635 3693; x_wconf 84' lang='lat' dir='ltr'>iacit</span> <span class='ocrx_word' id='word_1_308' title='bbox 665 3627 917 3709; x_wconf 90' lang='lat' dir='ltr'>subsequentem</span> <span class='ocrx_word' id='word_1_309' title='bbox 947 3626 1126 3704; x_wconf 91' lang='lat' dir='ltr'>actionem,</span> <span class='ocrx_word' id='word_1_310' title='bbox 1158 3633 1319 3707; x_wconf 90' lang='lat' dir='ltr'>quatenus</span> <span class='ocrx_word' id='word_1_311' title='bbox 1343 3646 1415 3692; x_wconf 83' lang='lat' dir='ltr'>eam</span> 
     </span>
     <span class='ocr_line' id='line_1_38' title="bbox 94 3714 1416 3799; baseline -0.002 -16"><span class='ocrx_word' id='word_1_312' title='bbox 94 3717 203 3796; x_wconf 86' lang='lat' dir='ltr'>afficit,</span> <span class='ocrx_word' id='word_1_313' title='bbox 228 3714 483 3782; x_wconf 86' lang='lat' dir='ltr'>involuntariam</span> <span class='ocrx_word' id='word_1_314' title='bbox 498 3716 550 3780; x_wconf 90' lang='lat' dir='ltr'>vel</span> <span class='ocrx_word' id='word_1_315' title='bbox 569 3717 687 3782; x_wconf 91' lang='lat' dir='ltr'>saltem</span> <span class='ocrx_word' id='word_1_316' title='bbox 703 3714 1004 3780; x_wconf 90' lang='lat' dir='ltr'>non-voluntariam</span> <span class='ocrx_word' id='word_1_317' title='bbox 1022 3719 1121 3797; x_wconf 90' lang='lat' dir='ltr'>atque</span> <span class='ocrx_word' id='word_1_318' title='bbox 1137 3736 1158 3780; x_wconf 89' lang='lat' dir='ltr'>a</span> <span class='ocrx_word' id='word_1_319' title='bbox 1174 3716 1269 3799; x_wconf 90' lang='lat' dir='ltr'>culpa</span> <span class='ocrx_word' id='word_1_320' title='bbox 1285 3716 1416 3796; x_wconf 88' lang='lat' dir='ltr'>(saltem</span> 
     </span>
     <span class='ocr_line' id='line_1_39' title="bbox 93 3804 1417 3889; baseline -0.002 -18"><span class='ocrx_word' id='word_1_321' title='bbox 93 3805 215 3889; x_wconf 86' lang='lat' dir='ltr'>gravi),</span> <span class='ocrx_word' id='word_1_322' title='bbox 247 3805 353 3887; x_wconf 91' lang='lat' dir='ltr'>quoad</span> <span class='ocrx_word' id='word_1_323' title='bbox 383 3805 467 3869; x_wconf 89' lang='lat' dir='ltr'>hanc</span> <span class='ocrx_word' id='word_1_324' title='bbox 490 3809 617 3888; x_wconf 90' lang='lat' dir='ltr'>partem</span> <span class='ocrx_word' id='word_1_325' title='bbox 645 3804 842 3886; x_wconf 87' lang='lat' dir='ltr'>ignoratam,</span> <span class='ocrx_word' id='word_1_326' title='bbox 866 3804 1052 3871; x_wconf 89' lang='lat' dir='ltr'>immunem.</span> <span class='ocrx_word' id='word_1_327' title='bbox 1099 3804 1145 3869; x_wconf 81' lang='lat' dir='ltr'>uf.</span> <span class='ocrx_word' id='word_1_328' title='bbox 1172 3805 1342 3883; x_wconf 86' lang='lat' dir='ltr'>Suarez,</span> <span class='ocrx_word' id='word_1_329' title='bbox 1368 3807 1417 3871; x_wconf 84' lang='lat' dir='ltr'>De</span> 
     </span>
     <span class='ocr_line' id='line_1_40' title="bbox 93 3895 687 3972; baseline 0 -12"><span class='ocrx_word' id='word_1_330' title='bbox 93 3898 270 3961; x_wconf 75' lang='lat' dir='ltr'>voluntario</span> <span class='ocrx_word' id='word_1_331' title='bbox 293 3895 323 3959; x_wconf 87' lang='lat' dir='ltr'>d.</span> <span class='ocrx_word' id='word_1_332' title='bbox 349 3896 380 3971; x_wconf 81' lang='lat'>4,</span> <span class='ocrx_word' id='word_1_333' title='bbox 405 3914 430 3959; x_wconf 91' lang='lat' dir='ltr'>s.</span> <span class='ocrx_word' id='word_1_334' title='bbox 457 3896 487 3972; x_wconf 86' lang='lat'>2,</span> <span class='ocrx_word' id='word_1_335' title='bbox 512 3915 542 3958; x_wconf 90' lang='lat' dir='ltr'>n.</span> <span class='ocrx_word' id='word_1_336' title='bbox 569 3897 687 3960; x_wconf 85' lang='lat'>8-10.</span> 
     </span>
    </p>
   </div>
   <div class='ocr_carea' id='block_1_7' title="bbox 93 3991 1417 4326">
    <p class='ocr_par' dir='ltr' id='par_1_9' title="bbox 93 3991 1417 4326">
     <span class='ocr_line' id='line_1_41' title="bbox 179 3991 1417 4058; baseline -0.001 -1"><span class='ocrx_word' id='word_1_337' title='bbox 179 3991 273 4058; x_wconf 82' lang='lat' dir='ltr'>Dixi:</span> <span class='ocrx_word' id='word_1_338' title='bbox 307 3991 388 4057; x_wconf 85' lang='lat' dir='ltr'>iacit</span> <span class='ocrx_word' id='word_1_339' title='bbox 410 3991 663 4057; x_wconf 90' lang='lat' dir='ltr'>involuntariam</span> <span class='ocrx_word' id='word_1_340' title='bbox 687 3991 740 4056; x_wconf 86' lang='lat' dir='ltr'>vel</span> <span class='ocrx_word' id='word_1_341' title='bbox 764 3992 881 4056; x_wconf 88' lang='lat' dir='ltr'>saltem</span> <span class='ocrx_word' id='word_1_342' title='bbox 905 3991 1218 4056; x_wconf 89' lang='lat' dir='ltr'>non-voluntariam.</span> <span class='ocrx_word' id='word_1_343' title='bbox 1263 3992 1417 4057; x_wconf 86' lang='lat' dir='ltr'>involun-</span> 
     </span>
     <span class='ocr_line' id='line_1_42' title="bbox 93 4080 1416 4164; baseline -0.002 -16"><span class='ocrx_word' id='word_1_344' title='bbox 93 4082 210 4148; x_wconf 83' lang='lat' dir='ltr'>taniam</span> <span class='ocrx_word' id='word_1_345' title='bbox 241 4080 326 4147; x_wconf 90' lang='lat' dir='ltr'>enim</span> <span class='ocrx_word' id='word_1_346' title='bbox 357 4080 454 4159; x_wconf 86' lang='lat' dir='ltr'>facit,</span> <span class='ocrx_word' id='word_1_347' title='bbox 486 4080 513 4145; x_wconf 94' lang='lat' dir='ltr'>si</span> <span class='ocrx_word' id='word_1_348' title='bbox 544 4101 646 4162; x_wconf 90' lang='lat' dir='ltr'>agens</span> <span class='ocrx_word' id='word_1_349' title='bbox 676 4080 759 4162; x_wconf 89' lang='lat' dir='ltr'>legis</span> <span class='ocrx_word' id='word_1_350' title='bbox 783 4080 992 4146; x_wconf 90' lang='lat' dir='ltr'>violationem</span> <span class='ocrx_word' id='word_1_351' title='bbox 1014 4080 1157 4164; x_wconf 91' lang='lat' dir='ltr'>positive</span> <span class='ocrx_word' id='word_1_352' title='bbox 1185 4081 1304 4157; x_wconf 91' lang='lat' dir='ltr'>noluit;</span> <span class='ocrx_word' id='word_1_353' title='bbox 1336 4103 1416 4146; x_wconf 89' lang='lat' dir='ltr'>non·</span> 
     </span>
     <span class='ocr_line' id='line_1_43' title="bbox 93 4169 1415 4326; baseline -0.002 -90"><span class='ocrx_word' id='word_1_354' title='bbox 93 4171 327 4326; x_wconf 51' lang='grc' dir='ltr'>Ιιοιοιιιιῐιιειιὲιῖῗ,</span> <span class='ocrx_word' id='word_1_355' title='bbox 352 4171 378 4235; x_wconf 91' lang='lat' dir='ltr'>si</span> <span class='ocrx_word' id='word_1_356' title='bbox 403 4170 443 4234; x_wconf 91' lang='lat' dir='ltr'>de</span> <span class='ocrx_word' id='word_1_357' title='bbox 466 4169 550 4252; x_wconf 90' lang='lat' dir='ltr'>legis</span> <span class='ocrx_word' id='word_1_358' title='bbox 573 4170 750 4236; x_wconf 89' lang='lat' dir='ltr'>violatione</span> <span class='ocrx_word' id='word_1_359' title='bbox 775 4169 854 4234; x_wconf 89' lang='lat' dir='ltr'>nihil</span> <span class='ocrx_word' id='word_1_360' title='bbox 878 4169 963 4253; x_wconf 88' lang='lat' dir='ltr'>apud</span> <span class='ocrx_word' id='word_1_361' title='bbox 988 4190 1023 4234; x_wconf 89' lang='lat' dir='ltr'>so</span> <span class='ocrx_word' id='word_1_362' title='bbox 1047 4169 1175 4237; x_wconf 86' lang='lat' dir='ltr'>statuit.</span> <span class='ocrx_word' id='word_1_363' title='bbox 1222 4169 1269 4236; x_wconf 84' lang='lat' dir='ltr'>cf.</span> <span class='ocrx_word' id='word_1_364' title='bbox 1294 4169 1415 4234; x_wconf 84' lang='lat' dir='ltr'>Frins</span> 
     </span>
    </p>
   </div>
   <div class='ocr_carea' id='block_1_8' title="bbox 93 4364 1541 4714">
    <p class='ocr_par' dir='ltr' id='par_1_10' title="bbox 93 4364 1541 4714">
     <span class='ocr_line' id='line_1_44' title="bbox 180 4364 1416 4448; baseline -0.004 -17"><span class='ocrx_word' id='word_1_365' title='bbox 180 4367 219 4432; x_wconf 81' lang='lat' dir='ltr'>a.</span> <span class='ocrx_word' id='word_1_366' title='bbox 245 4369 276 4432; x_wconf 88' lang='lat'>2.</span> <span class='ocrx_word' id='word_1_367' title='bbox 322 4365 515 4448; x_wconf 89' lang='lat' dir='ltr'>Ignorantia</span> <span class='ocrx_word' id='word_1_368' title='bbox 544 4385 745 4446; x_wconf 88' lang='lat' dir='ltr'>consequens</span> <span class='ocrx_word' id='word_1_369' title='bbox 774 4365 857 4430; x_wconf 87' lang='lat' dir='ltr'>facit</span> <span class='ocrx_word' id='word_1_370' title='bbox 886 4364 1048 4431; x_wconf 90' lang='lat' dir='ltr'>actionem</span> <span class='ocrx_word' id='word_1_371' title='bbox 1079 4384 1121 4429; x_wconf 84' lang='lat' dir='ltr'>ex</span> <span class='ocrx_word' id='word_1_372' title='bbox 1151 4385 1191 4429; x_wconf 91' lang='lat' dir='ltr'>ea</span> <span class='ocrx_word' id='word_1_373' title='bbox 1220 4366 1416 4437; x_wconf 85' lang='lat' dir='ltr'>secuturam,</span> 
     </span>
     <span class='ocr_line' id='line_1_45' title="bbox 93 4452 1417 4538; baseline 0 -21"><span class='ocrx_word' id='word_1_374' title='bbox 93 4455 312 4521; x_wconf 89' lang='lat' dir='ltr'>voluntariam</span> <span class='ocrx_word' id='word_1_375' title='bbox 349 4460 382 4522; x_wconf 92' lang='lat' dir='ltr'>et</span> <span class='ocrx_word' id='word_1_376' title='bbox 419 4453 630 4538; x_wconf 89' lang='lat' dir='ltr'>culpabilem,</span> <span class='ocrx_word' id='word_1_377' title='bbox 669 4474 864 4535; x_wconf 88' lang='lat' dir='ltr'>quamquam</span> <span class='ocrx_word' id='word_1_378' title='bbox 902 4454 1093 4536; x_wconf 89' lang='lat' dir='ltr'>plerumque</span> <span class='ocrx_word' id='word_1_379' title='bbox 1127 4452 1346 4519; x_wconf 86' lang='lat' dir='ltr'>voluntarium</span> <span class='ocrx_word' id='word_1_380' title='bbox 1383 4458 1417 4517; x_wconf 91' lang='lat' dir='ltr'>et</span> 
     </span>
     <span class='ocr_line' id='line_1_46' title="bbox 94 4539 1416 4629; baseline -0.003 -21"><span class='ocrx_word' id='word_1_381' title='bbox 94 4545 219 4629; x_wconf 90' lang='lat' dir='ltr'>culpam</span> <span class='ocrx_word' id='word_1_382' title='bbox 251 4543 375 4610; x_wconf 87' lang='lat' dir='ltr'>minuit.</span> <span class='ocrx_word' id='word_1_383' title='bbox 423 4545 543 4608; x_wconf 77' lang='lat' dir='ltr'>Minuit</span> <span class='ocrx_word' id='word_1_384' title='bbox 572 4542 753 4624; x_wconf 87' lang='lat' dir='ltr'>generatim</span> <span class='ocrx_word' id='word_1_385' title='bbox 785 4543 931 4625; x_wconf 88' lang='lat' dir='ltr'>culpam,</span> <span class='ocrx_word' id='word_1_386' title='bbox 963 4543 1039 4623; x_wconf 93' lang='lat' dir='ltr'>quia</span> <span class='ocrx_word' id='word_1_387' title='bbox 1068 4543 1154 4607; x_wconf 88' lang='lat' dir='ltr'>actio</span> <span class='ocrx_word' id='word_1_388' title='bbox 1185 4547 1237 4607; x_wconf 91' lang='lat' dir='ltr'>est</span> <span class='ocrx_word' id='word_1_389' title='bbox 1259 4539 1416 4605; x_wconf 88' lang='lat' dir='ltr'>indirecte</span> 
     </span>
     <span class='ocr_line' id='line_1_47' title="bbox 94 4629 1541 4714; baseline -0.001 -16"><span class='ocrx_word' id='word_1_390' title='bbox 94 4635 221 4700; x_wconf 87' lang='lat' dir='ltr'>tantum</span> <span class='ocrx_word' id='word_1_391' title='bbox 245 4637 279 4698; x_wconf 90' lang='grc' dir='ltr'>ει</span> <span class='ocrx_word' id='word_1_392' title='bbox 302 4633 335 4697; x_wconf 92' lang='lat' dir='ltr'>in</span> <span class='ocrx_word' id='word_1_393' title='bbox 359 4653 458 4698; x_wconf 91' lang='lat' dir='ltr'>causa</span> <span class='ocrx_word' id='word_1_394' title='bbox 480 4631 684 4705; x_wconf 87' lang='lat' dir='ltr'>voluntaria;</span> <span class='ocrx_word' id='word_1_395' title='bbox 716 4631 831 4696; x_wconf 89' lang='lat' dir='ltr'>minuit</span> <span class='ocrx_word' id='word_1_396' title='bbox 854 4630 1061 4714; x_wconf 88' lang='lat' dir='ltr'>plerumque,</span> <span class='ocrx_word' id='word_1_397' title='bbox 1092 4652 1153 4694; x_wconf 91' lang='lat' dir='ltr'>non</span> <span class='ocrx_word' id='word_1_398' title='bbox 1177 4652 1306 4714; x_wconf 82' lang='lat' dir='ltr'>semper,</span> <span class='ocrx_word' id='word_1_399' title='bbox 1339 4629 1417 4710; x_wconf 89' lang='lat' dir='ltr'>quia</span> <span class='ocrx_word' id='word_1_400' title='bbox 1539 4692 1541 4697; x_wconf 90' lang='lat'><em>.</em></span> 
     </span>
    </p>
   </div>
   <div class='ocr_carea' id='block_1_9' title="bbox 0 0 1558 5168">
    <p class='ocr_par' dir='ltr' id='par_1_11' title="bbox 0 0 1558 5168">
     <span class='ocr_line' id='line_1_48' title="bbox 0 0 1558 5168; baseline 0 0"><span class='ocrx_word' id='word_1_401' title='bbox 0 0 1558 5168; x_wconf 95' lang='lat' dir='ltr'> </span> 
     </span>
    </p>
   </div>
  </div>
 </body>
</html>
