3106 5168
146 292 210 355 278
335 287 374 342 De
393 287 541 342 virtutibus
560 291 588 342 et
605 287 703 342 officiis
722 305 788 358 erga
805 289 936 343 homiues.
955 319 989 328 -
1010 289 1111 343 Bonum
1132 289 1282 358 coniugale.

741 473 877 540 Salutio.

82 623 136 678 544
233 615 286 679 An
310 635 501 691 qnansrrun
527 618 565 680 1⁸²
587 615 626 681 R.
654 619 681 682 1.
729 615 870 681 Ratione
893 618 1044 680 tanariae
1067 613 1279 696 distinguitur
1301 619 1472 699 peccatum

143 703 294 860 natluratle
317 724 374 769 seu
398 706 560 770 naturalis
583 706 696 790 copula
712 704 773 769 viri
793 725 866 768 cum
889 704 1011 769 femina
1027 724 1048 768 a
1064 704 1207 787 peccatis
1223 703 1474 782 innaturalibus,

144 813 192 858 scr
205 814 255 858 rce

232 890 266 970 a)
286 892 458 976 pollutione
482 911 539 956 seu
563 895 699 975 peccato
723 890 888 969 solitario,
913 890 999 972 quod
1023 889 1122 956 etiam
1146 890 1300 955 mollities
1323 896 1473 968 vocatur,

230 978 266 1061 b)
290 983 457 1045 aaaniomo
480 1001 538 1045 seu
562 980 678 1064 copula
701 980 855 1046 inchoata
879 1001 942 1045 non
970 979 1118 1064 perfecta
1141 978 1200 1044 sed
1223 981 1324 1045 effuso
1349 981 1475 1047 semine

142 1071 240 1134 extra
264 1088 324 1133 vas
347 1067 541 1151 legitimum,

232 1154 263 1238 a)
287 1158 429 1222 sodomia
460 1178 564 1240 eaque
594 1158 742 1242 perfecta
765 1179 824 1224 seu
846 1157 1019 1224 concubitu
1043 1178 1116 1222 cum
1141 1157 1254 1223 eodem
1279 1178 1379 1236 sexu,
1412 1159 1474 1224 im-

142 1245 292 1331 perfecta
315 1267 373 1311 seu
398 1248 572 1314 concubitu
596 1268 668 1312 cum
692 1248 798 1314 altaro
822 1268 904 1312 saxu
928 1252 1024 1312 extra
1047 1268 1108 1312 vas
1131 1247 1324 1330 legitimum,

233 1335 267 1419 d)
284 1337 477 1402 bestialitate
501 1357 559 1401 seu
583 1337 756 1403 concubitu
779 1358 852 1402 cum
876 1336 1009 1402 animali
1032 1335 1225 1402 irrationali.
1273 1336 1319 1403 cf.
1350 1337 1406 1405 ab.
1432 1361 1472 1403 m.

83 1428 85 1433 '
142 1423 168 1504 Ι,
193 1425 258 1490 870
282 1445 352 1508 sqq.

82 1538 134 1594 545
232 1530 271 1597 R.
309 1533 338 1597 2.
395 1530 536 1597 Ratione
570 1553 725 1616 personae
759 1533 812 1596 vel
846 1531 1014 1615 peccantis
1048 1531 1102 1596 vel
1137 1551 1277 1613 quacum
1311 1536 1469 1615 peccatur

144 1618 358 1700 distinguitur

234 1716 267 1797 a)
291 1717 431 1800 simplex
452 1717 624 1800 fornicatio
648 1739 706 1782 seu
730 1717 848 1801 copula
869 1717 1009 1782 hominis
1031 1716 1131 1783 soluti
1154 1739 1226 1782 cum
1250 1719 1369 1796 soluta,

233 1806 266 1886 b)
292 1808 487 1872 adulterium
502 1827 560 1872 seu
575 1811 746 1891 peccatum
763 1806 912 1872 luxuriae
928 1806 1067 1872 hominis
1080 1807 1287 1873 matrimonia
1304 1807 1407 1872 iuncti
1419 1808 1472 1872 vel

143 1915 218 1960 curu
251 1895 356 1961 altero
388 1895 436 1961 ita
468 1895 579 1961 iuncto
612 1900 710 1962 extra
742 1918 836 1960 usum
866 1895 1154 1961 matrimonialem:
1189 1895 1301 1979 quodsi
1335 1901 1474 1978 uterque

143 1984 349 2068 peccantium
379 1984 586 2050 matrimonio
615 1985 745 2052 iunctus
776 1989 843 2062 est,
875 1984 1090 2052 committitur
1120 1984 1317 2050 adulterium
1341 1985 1472 2069 duplex,

233 2073 264 2153 c)
288 2077 424 2138 incestas
447 2095 504 2139 seu
528 2080 700 2158 peccatum
723 2073 873 2140 luxuriae
895 2075 983 2140 inter
1006 2078 1165 2156 cognatos
1188 2075 1242 2139 vel
1266 2074 1393 2152 aflines,

233 2162 267 2244 d)
291 2165 492 2249 sacrilepiam
515 2184 574 2228 seu
598 2169 769 2247 peccatum
792 2163 942 2228 luxuriae
965 2163 1104 2228 hominis
1119 2163 1189 2228 Deo
1213 2162 1298 2227 sacri
1323 2163 1376 2228 vcl
1401 2185 1472 2228 cum

144 2250 275 2316 homine
290 2252 360 2316 Deo
376 2273 486 2318 sacro:
505 2251 589 2317 unde
603 2256 698 2336 patet
713 2273 809 2337 posse
826 2252 925 2317 etiam
942 2251 1101 2318 committi
1117 2252 1239 2335 duplex
1254 2251 1473 2334 sacrilegium,

235 2338 267 2422 θ)
290 2339 474 2406 addendum
502 2347 553 2408 est
576 2339 755 2427 stirpium„
771 2341 856 2424 quod
879 2340 913 2406 in
941 2346 1078 2425 peccato
1102 2362 1175 2406 cum
1205 2362 1346 2424 persona
1370 2341 1474 2408 invita

145 2429 370 2496 committitur.
418 2430 529 2512 Aliqui
557 2434 669 2496 tamen
699 2435 848 2514 stuprum
877 2435 998 2496 vocant
1027 2435 1198 2514 peccatum
1230 2451 1301 2495 curn
1326 2430 1472 2514 virgine;

145 2521 255 2599 atque,
279 2519 307 2583 si
330 2519 412 2585 hoco
435 2519 597 2585 violenter
619 2518 819 2598 debilitatur,
844 2523 993 2603 stuprum
1016 2518 1205 2585 violentum.

235 2616 325 2682 Nota
348 2621 457 2682 autem
482 2616 746 2683 circumstantias
768 2617 843 2682 illas
867 2622 1089 2699 aggravantes
1106 2621 1205 2698 atque
1221 2616 1363 2700 speciem
1380 2617 1473 2682 mali·

145 2703 213 2772 tiae
243 2705 402 2770 addentes
432 2726 505 2771 esse
534 2727 598 2771 non
622 2707 655 2771 in
679 2706 757 2771 solis
785 2707 931 2789 peccatis
955 2706 1204 2782 consummatis,
1236 2706 1293 2770 sed
1317 2705 1418 2771 etiam
1442 2707 1473 2770 in

145 2794 363 2878 imperfectis,
388 2799 488 2876 atque
511 2795 671 2860 rationem
688 2795 891 2860 adulterinae
916 2800 950 2861 et
972 2794 1152 2876 sacrilegae
1168 2795 1314 2860 malitiae
1334 2795 1474 2860 inveniri

145 2883 179 2948 in
203 2883 282 2967 ipsis
306 2884 405 2949 etiam
429 2884 574 2968 peccatis
598 2885 763 2950 solitariis.
811 2885 857 2951 Cf.
887 2886 943 2950 Tb.
968 2907 1009 2950 m.
1033 2884 1059 2962 I,
1085 2885 1149 2950 880
1173 2905 1243 2966 sqq.

84 3006 137 3059 546
236 3000 288 3065 An
312 3022 503 3077 quansrruu
528 3005 566 3066 2³¹
589 3001 628 3067 R.
657 3005 685 3068 1.
730 3000 768 3065 In
798 3000 942 3084 peccatis
965 3021 1038 3065 curn
1063 3001 1158 3064 Anna
1188 3000 1387 3083 perpetratis
1410 3000 1474 3064 Lu·

147 3089 252 3155 cullus
269 3111 310 3154 ex
326 3089 387 3155 hac
402 3112 467 3156 non
486 3094 538 3156 est
560 3091 729 3156 confessus
751 3089 889 3172 integre,
915 3091 999 3171 quad
1024 3095 1160 3173 peccata
1184 3095 1299 3154 contra
1322 3094 1474 3155 naturam

146 3179 246 3245 siluit.
278 3180 385 3245 Debet
401 3180 502 3262 igitur
523 3180 640 3255 dicere,
665 3179 794 3261 quoties
810 3179 858 3244 ita
874 3178 988 3261 egerit,
1014 3185 1113 3260 atque
1131 3178 1308 3257 declarare,
1333 3179 1475 3243 fueritne

146 3268 335 3334 onanismus
359 3290 400 3333 an
424 3269 571 3334 sodomia
593 3269 712 3352 speciei
736 3267 958 3352 imperfectae.

236 3375 275 3441 R.
309 3378 338 3441 2.
385 3376 561 3442 Peccatum
593 3397 665 3440 cum
699 3396 810 3440 sorore
840 3373 972 3451 Annae,
1005 3372 1133 3439 etiamsi
1166 3373 1246 3438 haec
1279 3395 1343 3438 non
1376 3373 1476 3439 fuerit

148 3464 355 3529 matrimonio
380 3465 499 3541 iuncta,
526 3466 685 3529 inclusum
710 3469 798 3529 certe
822 3485 885 3528 nan
910 3461 1016 3528 estin
1040 3462 1185 3546 peccatis
1208 3462 1272 3526 illis
1296 3463 1475 3535 accusatis;

148 3574 224 3617 nam
258 3554 378 3618 adsunt
408 3553 690 3630 circumstantiae,
725 3573 808 3635 quae
838 3573 957 3617 novam
990 3552 1116 3634 peccati
1147 3551 1288 3635 speciem
1318 3552 1474 3617 efficiunt.

148 3642 315 3707 Accusare
331 3642 414 3707 enim
433 3644 544 3709 debuit
564 3643 694 3708 omnino
718 3645 883 3707 violentam
908 3644 1137 3726 oppressionem
1163 3646 1197 3707 et
1220 3641 1475 3723 conceptionem,

148 3730 176 3794 si
200 3751 242 3795 ex
266 3752 306 3796 ea
329 3736 443 3797 secuta
466 3732 509 3797 sit
534 3732 586 3796 vel
610 3731 702 3813 sequi
725 3731 879 3814 potuerit,
904 3751 942 3795 eo
966 3730 1052 3812 quad
1075 3729 1304 3812 gravissimam
1328 3730 1476 3795 intulerit

148 3819 309 3897 iniuriam,
334 3825 433 3902 atque
458 3822 556 3887 etiarn
582 3821 609 3885 si
633 3821 743 3904 proles
767 3825 933 3895 nascatur,
958 3818 998 3884 de
1022 3840 1062 3884 ea
1084 3818 1258 3902 prouidere
1282 3818 1411 3885 debeat.

239 3917 321 3982 Dein
352 3919 517 3983 invenitur
547 3918 578 3983 in
610 3940 648 3983 eo
679 3921 813 4002 peccato
844 3917 928 3982 ratio
959 3919 1104 3982 incestus.
1151 3917 1238 3981 Nam
1272 3938 1344 3981 cunr
1379 3920 1477 3982 antea

149 4006 280 4090 saepius
303 4008 494 4090 peccaverit
517 4029 589 4072 cum
613 4007 725 4083 Anna,
757 4028 829 4071 cum
854 4006 923 4070 eius
946 4027 1058 4070 sorore
1081 4006 1190 4070 factus
1213 4010 1264 4070 est
1288 4006 1413 4084 affinia,
1439 4028 1477 4070 ac

149 4096 242 4179 proin
267 4118 339 4161 curn
364 4096 462 4162 affine
485 4098 649 4180 peccando
675 4096 835 4161 commisit
859 4097 1028 4160 incestum.
1061 4096 1164 4159 humo
1186 4117 1228 4159 ex
1252 4100 1387 4178 peccato
1405 4117 1476 4161 curn

150 4186 266 4250 Annae
296 4207 408 4251 sorore
433 4186 603 4251 commissa
628 4186 736 4250 factus
760 4191 810 4250 est
833 4184 987 4249 Lucullus
1011 4184 1110 4249 etiam
1135 4184 1242 4248 affinis
1266 4205 1338 4249 cum
1364 4186 1476 4250 Anna:

150 4295 252 4356 quare
276 4276 403 4356 quoties
426 4282 501 4358 post
525 4280 673 4358 stuprum
697 4274 776 4339 illud
800 4279 915 4357 peccet
935 4294 1006 4338 cunr
1024 4275 1130 4349 Anna,
1155 4277 1291 4356 peccato
1308 4295 1366 4338 sua
1383 4275 1478 4338 mali·

150 4365 231 4429 tiam
255 4365 347 4430 addit
370 4365 524 4430 incestus,
571 4364 661 4441 Quae
685 4363 792 4428 omnia
816 4363 935 4428 debent
958 4362 990 4427 in
1016 4363 1219 4427 confessione
1244 4363 1414 4428 declarari.

89 4487 140 4539 547
240 4469 278 4534 R.
305 4473 334 4538 3.
381 4470 496 4551 Neque
529 4469 561 4533 in
594 4470 777 4534 accusando
811 4472 946 4551 peccato
980 4467 1066 4532 circa
1101 4490 1236 4551 puerum
1270 4468 1477 4533 commissum

150 4559 279 4640 integre
303 4564 353 4625 est
377 4560 555 4623 confessus.
603 4559 689 4623 Nam
714 4558 740 4622 si
765 4558 917 4622 Lucullus
940 4579 1075 4640 puerum
1099 4559 1146 4621 ita
1170 4558 1318 4633 seduxit,
1347 4562 1385 4623 ui
1409 4558 1478 4641 ipse

152 4668 224 4712 oum
249 4670 349 4731 puero
374 4648 514 4732 turpiter
530 4649 644 4730 egerit,
670 4669 734 4711 non
750 4647 855 4712 solum
873 4647 992 4711 clarius
1009 4647 1115 4711 dicere
1132 4647 1238 4724 debet,
1264 4648 1341 4732 qaid
1357 4647 1478 4729 egerit;
