<?xml version="1.0" encoding="UTF-8"?>
<!DOCTYPE html PUBLIC "-//W3C//DTD XHTML 1.0 Transitional//EN"
    "http://www.w3.org/TR/xhtml1/DTD/xhtml1-transitional.dtd">
<html xmlns="http://www.w3.org/1999/xhtml" xml:lang="en" lang="en">
 <head>
  <title>
</title>
<meta http-equiv="Content-Type" content="text/html;charset=utf-8" />
  <meta name='ocr-system' content='tesseract 3.04.00' />
  <meta name='ocr-capabilities' content='ocr_page ocr_carea ocr_par ocr_line ocrx_word'/>
</head>
<body>
  <div class='ocr_page' id='page_1' title='image "./casusconscienti01lehmgoog_0366.png"; bbox 0 0 3106 5168; ppageno 0'>
   <div class='ocr_carea' id='block_1_1' title="bbox 184 289 1372 360">
    <p class='ocr_par' dir='ltr' id='par_1_1' title="bbox 184 289 1372 360">
     <span class='ocr_line' id='line_1_1' title="bbox 184 289 1372 360; baseline 0.003 -15"><span class='ocrx_word' id='word_1_1' title='bbox 184 295 249 359; x_wconf 86' lang='lat'><strong>350</strong></span> <span class='ocrx_word' id='word_1_2' title='bbox 324 289 365 344; x_wconf 84' lang='lat' dir='ltr'><strong>De</strong></span> <span class='ocrx_word' id='word_1_3' title='bbox 383 290 531 346; x_wconf 80' lang='lat' dir='ltr'><strong>virtutibus</strong></span> <span class='ocrx_word' id='word_1_4' title='bbox 550 294 578 345; x_wconf 84' lang='lat' dir='ltr'><strong>et</strong></span> <span class='ocrx_word' id='word_1_5' title='bbox 595 291 692 346; x_wconf 82' lang='lat' dir='ltr'><strong>officiis</strong></span> <span class='ocrx_word' id='word_1_6' title='bbox 711 308 777 360; x_wconf 80' lang='lat' dir='ltr'><strong>erga</strong></span> <span class='ocrx_word' id='word_1_7' title='bbox 795 291 926 345; x_wconf 86' lang='lat' dir='ltr'><strong>homines.</strong></span> <span class='ocrx_word' id='word_1_8' title='bbox 944 321 978 330; x_wconf 90' lang='lat'><em>-</em></span> <span class='ocrx_word' id='word_1_9' title='bbox 998 291 1050 347; x_wconf 78' lang='lat' dir='ltr'><strong>Off.</strong></span> <span class='ocrx_word' id='word_1_10' title='bbox 1069 291 1142 346; x_wconf 81' lang='lat' dir='ltr'><strong>circa</strong></span> <span class='ocrx_word' id='word_1_11' title='bbox 1159 292 1230 347; x_wconf 83' lang='lat' dir='ltr'><strong>bene</strong></span> <span class='ocrx_word' id='word_1_12' title='bbox 1248 296 1372 348; x_wconf 67' lang='lat' dir='ltr'><strong>externa</strong></span> 
     </span>
    </p>
   </div>
   <div class='ocr_carea' id='block_1_2' title="bbox 183 467 1510 713">
    <p class='ocr_par' dir='ltr' id='par_1_2' title="bbox 183 467 1510 713">
     <span class='ocr_line' id='line_1_2' title="bbox 183 467 1510 553; baseline 0.003 -22"><span class='ocrx_word' id='word_1_13' title='bbox 183 467 360 533; x_wconf 90' lang='lat' dir='ltr'><strong>iussionem</strong></span> <span class='ocrx_word' id='word_1_14' title='bbox 393 488 457 532; x_wconf 91' lang='lat' dir='ltr'><strong>non</strong></span> <span class='ocrx_word' id='word_1_15' title='bbox 489 467 624 550; x_wconf 89' lang='lat' dir='ltr'><strong>repetiit</strong></span> <span class='ocrx_word' id='word_1_16' title='bbox 652 488 696 533; x_wconf 88' lang='lat' dir='ltr'><strong>ex</strong></span> <span class='ocrx_word' id='word_1_17' title='bbox 725 489 764 532; x_wconf 88' lang='lat' dir='ltr'><strong>eo</strong></span> <span class='ocrx_word' id='word_1_18' title='bbox 794 468 880 550; x_wconf 92' lang='lat' dir='ltr'><strong>quod</strong></span> <span class='ocrx_word' id='word_1_19' title='bbox 911 472 1050 534; x_wconf 90' lang='lat' dir='ltr'><strong>mortem</strong></span> <span class='ocrx_word' id='word_1_20' title='bbox 1083 489 1147 533; x_wconf 91' lang='lat' dir='ltr'><strong>uon</strong></span> <span class='ocrx_word' id='word_1_21' title='bbox 1178 468 1260 534; x_wconf 89' lang='lat' dir='ltr'><strong>adeo</strong></span> <span class='ocrx_word' id='word_1_22' title='bbox 1292 469 1510 553; x_wconf 88' lang='lat' dir='ltr'><strong>propinquam</strong></span> 
     </span>
     <span class='ocr_line' id='line_1_3' title="bbox 184 556 1509 639; baseline 0.004 -19"><span class='ocrx_word' id='word_1_23' title='bbox 184 556 342 622; x_wconf 88' lang='lat' dir='ltr'><strong>habebat:</strong></span> <span class='ocrx_word' id='word_1_24' title='bbox 373 577 489 623; x_wconf 87' lang='lat' dir='ltr'><strong>censeo</strong></span> <span class='ocrx_word' id='word_1_25' title='bbox 519 557 680 623; x_wconf 79' lang='lat' dir='ltr'><strong>actionem</strong></span> <span class='ocrx_word' id='word_1_26' title='bbox 708 557 823 623; x_wconf 86' lang='lat' dir='ltr'><strong>famuli</strong></span> <span class='ocrx_word' id='word_1_27' title='bbox 853 561 887 623; x_wconf 90' lang='lat' dir='ltr'><strong>et</strong></span> <span class='ocrx_word' id='word_1_28' title='bbox 917 561 1131 639; x_wconf 82' lang='lat' dir='ltr'><strong>cognatorum</strong></span> <span class='ocrx_word' id='word_1_29' title='bbox 1161 577 1234 624; x_wconf 89' lang='lat' dir='ltr'><strong>esse</strong></span> <span class='ocrx_word' id='word_1_30' title='bbox 1264 557 1509 626; x_wconf 74' lang='lat' dir='ltr'>fraudulentam</span> 
     </span>
     <span class='ocr_line' id='line_1_4' title="bbox 183 644 933 713; baseline 0.003 -4"><span class='ocrx_word' id='word_1_31' title='bbox 183 644 350 711; x_wconf 83' lang='lat' dir='ltr'><strong>Lamberti</strong></span> <span class='ocrx_word' id='word_1_32' title='bbox 372 645 467 711; x_wconf 89' lang='lat' dir='ltr'><strong>inviti</strong></span> <span class='ocrx_word' id='word_1_33' title='bbox 491 645 810 713; x_wconf 87' lang='lat' dir='ltr'><strong>circumventionem.</strong></span> <span class='ocrx_word' id='word_1_34' title='bbox 931 674 933 678; x_wconf 50' lang='lat'><em>⁴</em></span> 
     </span>
    </p>
   </div>
   <div class='ocr_carea' id='block_1_3' title="bbox 180 750 1512 1370">
    <p class='ocr_par' dir='ltr' id='par_1_3' title="bbox 180 750 1512 1370">
     <span class='ocr_line' id='line_1_5' title="bbox 272 750 1512 831; baseline 0.002 -15"><span class='ocrx_word' id='word_1_35' title='bbox 272 751 311 817; x_wconf 87' lang='lat' dir='ltr'><strong>R.</strong></span> <span class='ocrx_word' id='word_1_36' title='bbox 337 754 367 817; x_wconf 86' lang='lat'><strong>3.</strong></span> <span class='ocrx_word' id='word_1_37' title='bbox 415 752 448 818; x_wconf 91' lang='lat' dir='ltr'><strong>Si</strong></span> <span class='ocrx_word' id='word_1_38' title='bbox 472 772 549 817; x_wconf 91' lang='lat' dir='ltr'><strong>vero</strong></span> <span class='ocrx_word' id='word_1_39' title='bbox 573 752 768 817; x_wconf 88' lang='lat' dir='ltr'><strong>Lambertus</strong></span> <span class='ocrx_word' id='word_1_40' title='bbox 790 751 887 816; x_wconf 87' lang='lat' dir='ltr'><strong>facile</strong></span> <span class='ocrx_word' id='word_1_41' title='bbox 910 752 986 817; x_wconf 90' lang='lat' dir='ltr'><strong>tulit</strong></span> <span class='ocrx_word' id='word_1_42' title='bbox 1010 750 1216 831; x_wconf 90' lang='lat' dir='ltr'><strong>dilationem,</strong></span> <span class='ocrx_word' id='word_1_43' title='bbox 1240 753 1512 819; x_wconf 85' lang='lat' dir='ltr'><strong>animadvertens</strong></span> 
     </span>
     <span class='ocr_line' id='line_1_6' title="bbox 183 840 1509 925; baseline 0.003 -21"><span class='ocrx_word' id='word_1_44' title='bbox 183 845 342 922; x_wconf 82' lang='lat' dir='ltr'><strong>cognatos</strong></span> <span class='ocrx_word' id='word_1_45' title='bbox 371 861 444 906; x_wconf 89' lang='lat' dir='ltr'><strong>sese</strong></span> <span class='ocrx_word' id='word_1_46' title='bbox 476 861 657 925; x_wconf 87' lang='lat' dir='ltr'><strong>opponere;</strong></span> <span class='ocrx_word' id='word_1_47' title='bbox 687 861 745 906; x_wconf 90' lang='lat' dir='ltr'><strong>seu</strong></span> <span class='ocrx_word' id='word_1_48' title='bbox 776 840 803 905; x_wconf 89' lang='lat' dir='ltr'><strong>si</strong></span> <span class='ocrx_word' id='word_1_49' title='bbox 826 840 924 905; x_wconf 87' lang='lat' dir='ltr'><strong>facile</strong></span> <span class='ocrx_word' id='word_1_50' title='bbox 953 840 1061 924; x_wconf 90' lang='lat' dir='ltr'><strong>potuit</strong></span> <span class='ocrx_word' id='word_1_51' title='bbox 1088 840 1228 906; x_wconf 88' lang='lat' dir='ltr'><strong>alterum</strong></span> <span class='ocrx_word' id='word_1_52' title='bbox 1261 842 1427 908; x_wconf 89' lang='lat' dir='ltr'><strong>advocare</strong></span> <span class='ocrx_word' id='word_1_53' title='bbox 1457 844 1509 909; x_wconf 93' lang='lat' dir='ltr'><strong>vel</strong></span> 
     </span>
     <span class='ocr_line' id='line_1_7' title="bbox 183 928 1508 1014; baseline 0.002 -20"><span class='ocrx_word' id='word_1_54' title='bbox 183 928 283 994; x_wconf 90' lang='lat' dir='ltr'><strong>etiam</strong></span> <span class='ocrx_word' id='word_1_55' title='bbox 307 929 403 995; x_wconf 87' lang='lat' dir='ltr'><strong>facile</strong></span> <span class='ocrx_word' id='word_1_56' title='bbox 426 929 497 1014; x_wconf 89' lang='lat' dir='ltr'><strong>ipse</strong></span> <span class='ocrx_word' id='word_1_57' title='bbox 520 932 678 996; x_wconf 88' lang='lat' dir='ltr'><strong>conficere</strong></span> <span class='ocrx_word' id='word_1_58' title='bbox 701 934 934 996; x_wconf 89' lang='lat' dir='ltr'><strong>testamentum</strong></span> <span class='ocrx_word' id='word_1_59' title='bbox 956 928 1116 995; x_wconf 88' lang='lat' dir='ltr'><strong>validum:</strong></span> <span class='ocrx_word' id='word_1_60' title='bbox 1141 929 1222 996; x_wconf 91' lang='lat' dir='ltr'><strong>haec</strong></span> <span class='ocrx_word' id='word_1_61' title='bbox 1244 931 1378 997; x_wconf 90' lang='lat' dir='ltr'><strong>omissio</strong></span> <span class='ocrx_word' id='word_1_62' title='bbox 1394 932 1508 998; x_wconf 89' lang='lat' dir='ltr'><strong>vulun-</strong></span> 
     </span>
     <span class='ocr_line' id='line_1_8' title="bbox 182 1017 1507 1105; baseline 0.003 -22"><span class='ocrx_word' id='word_1_63' title='bbox 182 1018 269 1083; x_wconf 93' lang='lat' dir='ltr'><strong>taria</strong></span> <span class='ocrx_word' id='word_1_64' title='bbox 296 1039 356 1102; x_wconf 88' lang='lat' dir='ltr'><strong>pro</strong></span> <span class='ocrx_word' id='word_1_65' title='bbox 386 1017 480 1101; x_wconf 86' lang='lat' dir='ltr'><strong>signo</strong></span> <span class='ocrx_word' id='word_1_66' title='bbox 510 1019 594 1083; x_wconf 86' lang='lat' dir='ltr'><strong>sumi</strong></span> <span class='ocrx_word' id='word_1_67' title='bbox 624 1022 734 1102; x_wconf 86' lang='lat' dir='ltr'><strong>potest</strong></span> <span class='ocrx_word' id='word_1_68' title='bbox 756 1018 938 1084; x_wconf 88' lang='lat' dir='ltr'><strong>voluntatis</strong></span> <span class='ocrx_word' id='word_1_69' title='bbox 962 1018 1169 1100; x_wconf 86' lang='lat' dir='ltr'><strong>aliquatenus</strong></span> <span class='ocrx_word' id='word_1_70' title='bbox 1191 1023 1340 1086; x_wconf 88' lang='lat' dir='ltr'><strong>mutatae</strong></span> <span class='ocrx_word' id='word_1_71' title='bbox 1371 1022 1425 1086; x_wconf 91' lang='lat' dir='ltr'><strong>vel</strong></span> <span class='ocrx_word' id='word_1_72' title='bbox 1450 1042 1507 1105; x_wconf 93' lang='lat' dir='ltr'><strong>pro</strong></span> 
     </span>
     <span class='ocr_line' id='line_1_9' title="bbox 183 1107 1508 1191; baseline 0.003 -19"><span class='ocrx_word' id='word_1_73' title='bbox 183 1107 418 1190; x_wconf 84' lang='lat' dir='ltr'>approbatione</span> <span class='ocrx_word' id='word_1_74' title='bbox 442 1107 635 1174; x_wconf 90' lang='lat' dir='ltr'><strong>hereditatis</strong></span> <span class='ocrx_word' id='word_1_75' title='bbox 657 1107 700 1173; x_wconf 89' lang='lat' dir='ltr'><strong>ab</strong></span> <span class='ocrx_word' id='word_1_76' title='bbox 723 1108 891 1174; x_wconf 87' lang='lat' dir='ltr'><strong>intestato.</strong></span> <span class='ocrx_word' id='word_1_77' title='bbox 932 1107 1051 1184; x_wconf 85' lang='lat' dir='ltr'><strong>Quodsi</strong></span> <span class='ocrx_word' id='word_1_78' title='bbox 1075 1107 1124 1173; x_wconf 90' lang='lat' dir='ltr'><strong>ita</strong></span> <span class='ocrx_word' id='word_1_79' title='bbox 1146 1109 1263 1174; x_wconf 88' lang='lat' dir='ltr'><strong>morali</strong></span> <span class='ocrx_word' id='word_1_80' title='bbox 1278 1109 1422 1191; x_wconf 90' lang='lat' dir='ltr'><strong>quadam</strong></span> <span class='ocrx_word' id='word_1_81' title='bbox 1439 1131 1508 1176; x_wconf 88' lang='lat' dir='ltr'><strong>cer·</strong></span> 
     </span>
     <span class='ocr_line' id='line_1_10' title="bbox 182 1195 1507 1282; baseline 0.002 -20"><span class='ocrx_word' id='word_1_82' title='bbox 182 1195 322 1262; x_wconf 73' lang='lat' dir='ltr'><strong>titudine</strong></span> <span class='ocrx_word' id='word_1_83' title='bbox 352 1196 489 1262; x_wconf 91' lang='lat' dir='ltr'><strong>iudicari</strong></span> <span class='ocrx_word' id='word_1_84' title='bbox 519 1201 645 1280; x_wconf 89' lang='lat' dir='ltr'><strong>potest,</strong></span> <span class='ocrx_word' id='word_1_85' title='bbox 675 1196 818 1261; x_wconf 87' lang='lat' dir='ltr'><strong>famulus</strong></span> <span class='ocrx_word' id='word_1_86' title='bbox 849 1200 948 1280; x_wconf 87' lang='lat' dir='ltr'><strong>atque</strong></span> <span class='ocrx_word' id='word_1_87' title='bbox 979 1196 1110 1278; x_wconf 77' lang='lat' dir='ltr'><strong>cognati</strong></span> <span class='ocrx_word' id='word_1_88' title='bbox 1141 1199 1291 1264; x_wconf 87' lang='lat' dir='ltr'><strong>excusari</strong></span> <span class='ocrx_word' id='word_1_89' title='bbox 1322 1203 1463 1282; x_wconf 88' lang='lat' dir='ltr'><strong>possunt</strong></span> <span class='ocrx_word' id='word_1_90' title='bbox 1487 1220 1507 1264; x_wconf 93' lang='lat' dir='ltr'><strong>a</strong></span> 
     </span>
     <span class='ocr_line' id='line_1_11' title="bbox 180 1284 814 1370; baseline 0.003 -21"><span class='ocrx_word' id='word_1_91' title='bbox 180 1285 271 1350; x_wconf 91' lang='lat' dir='ltr'><strong>lucro</strong></span> <span class='ocrx_word' id='word_1_92' title='bbox 296 1290 446 1351; x_wconf 81' lang='lat' dir='ltr'><strong>cessante</strong></span> <span class='ocrx_word' id='word_1_93' title='bbox 469 1284 579 1370; x_wconf 85' lang='lat' dir='ltr'><strong>nepoti</strong></span> <span class='ocrx_word' id='word_1_94' title='bbox 603 1284 814 1351; x_wconf 89' lang='lat' dir='ltr'><strong>rest&#39;tuendo.</strong></span> 
     </span>
    </p>
   </div>
   <div class='ocr_carea' id='block_1_4' title="bbox 449 1502 1236 1727">
    <p class='ocr_par' dir='ltr' id='par_1_4' title="bbox 449 1502 1236 1727">
     <span class='ocr_line' id='line_1_12' title="bbox 449 1502 1236 1572; baseline 0.006 -5"><span class='ocrx_word' id='word_1_95' title='bbox 449 1502 646 1568; x_wconf 83' lang='lat' dir='ltr'><strong>DAMNUM</strong></span> <span class='ocrx_word' id='word_1_96' title='bbox 669 1502 1024 1569; x_wconf 79' lang='lat' dir='ltr'><strong>INCONSIDERATE</strong></span> <span class='ocrx_word' id='word_1_97' title='bbox 1049 1503 1236 1572; x_wconf 81' lang='lat' dir='ltr'><strong>FACTUM.</strong></span> 
     </span>
     <span class='ocr_line' id='line_1_13' title="bbox 737 1651 952 1727; baseline -0.023 -9"><span class='ocrx_word' id='word_1_98' title='bbox 737 1651 847 1718; x_wconf 82' lang='lat' dir='ltr'><strong>Gneus.</strong></span> <span class='ocrx_word' id='word_1_99' title='bbox 876 1660 952 1727; x_wconf 82' lang='lat'>(215)</span> 
     </span>
    </p>
   </div>
   <div class='ocr_carea' id='block_1_5' title="bbox 182 1789 1505 2189">
    <p class='ocr_par' dir='ltr' id='par_1_5' title="bbox 182 1789 1505 2189">
     <span class='ocr_line' id='line_1_14' title="bbox 272 1789 1504 1872; baseline 0.003 -23"><span class='ocrx_word' id='word_1_100' title='bbox 272 1792 384 1850; x_wconf 86' lang='lat' dir='ltr'><strong>Tullius</strong></span> <span class='ocrx_word' id='word_1_101' title='bbox 412 1790 442 1849; x_wconf 91' lang='lat' dir='ltr'><strong>in</strong></span> <span class='ocrx_word' id='word_1_102' title='bbox 463 1789 570 1849; x_wconf 90' lang='lat' dir='ltr'><strong>indicio</strong></span> <span class='ocrx_word' id='word_1_103' title='bbox 592 1795 695 1849; x_wconf 89' lang='lat' dir='ltr'><strong>contra</strong></span> <span class='ocrx_word' id='word_1_104' title='bbox 717 1790 818 1851; x_wconf 84' lang='lat' dir='ltr'><strong>Caium</strong></span> <span class='ocrx_word' id='word_1_105' title='bbox 845 1791 952 1850; x_wconf 88' lang='lat' dir='ltr'><strong>leviter</strong></span> <span class='ocrx_word' id='word_1_106' title='bbox 972 1792 1171 1852; x_wconf 88' lang='lat' dir='ltr'><strong>testimonium</strong></span> <span class='ocrx_word' id='word_1_107' title='bbox 1193 1792 1283 1864; x_wconf 84' lang='lat' dir='ltr'><strong>dixit,</strong></span> <span class='ocrx_word' id='word_1_108' title='bbox 1311 1812 1375 1852; x_wconf 90' lang='lat' dir='ltr'><strong>rem</strong></span> <span class='ocrx_word' id='word_1_109' title='bbox 1402 1814 1504 1872; x_wconf 84' lang='lat' dir='ltr'><strong>parum</strong></span> 
     </span>
     <span class='ocr_line' id='line_1_15' title="bbox 183 1870 1505 1950; baseline 0.002 -20"><span class='ocrx_word' id='word_1_110' title='bbox 183 1872 360 1942; x_wconf 73' lang='lat' dir='ltr'><strong>aestimans,</strong></span> <span class='ocrx_word' id='word_1_111' title='bbox 382 1890 438 1946; x_wconf 91' lang='lat' dir='ltr'><strong>quo</strong></span> <span class='ocrx_word' id='word_1_112' title='bbox 459 1871 571 1929; x_wconf 83' lang='lat' dir='ltr'><strong>factum</strong></span> <span class='ocrx_word' id='word_1_113' title='bbox 592 1875 653 1939; x_wconf 85' lang='lat' dir='ltr'><strong>eat,</strong></span> <span class='ocrx_word' id='word_1_114' title='bbox 675 1875 710 1930; x_wconf 90' lang='lat' dir='ltr'><strong>ut</strong></span> <span class='ocrx_word' id='word_1_115' title='bbox 730 1870 818 1930; x_wconf 80' lang='lat' dir='ltr'><strong>Caius</strong></span> <span class='ocrx_word' id='word_1_116' title='bbox 838 1891 891 1947; x_wconf 89' lang='lat' dir='ltr'><strong>per</strong></span> <span class='ocrx_word' id='word_1_117' title='bbox 913 1874 1077 1949; x_wconf 86' lang='lat' dir='ltr'><strong>complures</strong></span> <span class='ocrx_word' id='word_1_118' title='bbox 1098 1892 1216 1932; x_wconf 88' lang='lat' dir='ltr'><strong>menses</strong></span> <span class='ocrx_word' id='word_1_119' title='bbox 1238 1873 1274 1931; x_wconf 88' lang='lat' dir='ltr'><strong>ad</strong></span> <span class='ocrx_word' id='word_1_120' title='bbox 1295 1893 1424 1950; x_wconf 88' lang='lat' dir='ltr'><strong>poenam</strong></span> <span class='ocrx_word' id='word_1_121' title='bbox 1446 1894 1505 1934; x_wconf 90' lang='lat' dir='ltr'><strong>car·</strong></span> 
     </span>
     <span class='ocr_line' id='line_1_16' title="bbox 183 1951 1503 2029; baseline 0.002 -19"><span class='ocrx_word' id='word_1_122' title='bbox 183 1952 259 2010; x_wconf 89' lang='lat' dir='ltr'><strong>ceris</strong></span> <span class='ocrx_word' id='word_1_123' title='bbox 281 1951 527 2010; x_wconf 83' lang='lat' dir='ltr'><strong>condemnaretur</strong></span> <span class='ocrx_word' id='word_1_124' title='bbox 547 1957 577 2009; x_wconf 89' lang='lat' dir='ltr'><strong>st</strong></span> <span class='ocrx_word' id='word_1_125' title='bbox 597 1970 650 2027; x_wconf 90' lang='lat' dir='ltr'><strong>per</strong></span> <span class='ocrx_word' id='word_1_126' title='bbox 672 1970 779 2009; x_wconf 89' lang='lat' dir='ltr'><strong>anuum</strong></span> <span class='ocrx_word' id='word_1_127' title='bbox 801 1952 912 2010; x_wconf 88' lang='lat' dir='ltr'><strong>honore</strong></span> <span class='ocrx_word' id='word_1_128' title='bbox 934 1951 1014 2011; x_wconf 85' lang='lat' dir='ltr'><strong>civili</strong></span> <span class='ocrx_word' id='word_1_129' title='bbox 1035 1954 1170 2029; x_wconf 87' lang='lat' dir='ltr'><strong>privatus</strong></span> <span class='ocrx_word' id='word_1_130' title='bbox 1191 1953 1410 2015; x_wconf 84' lang='lat' dir='ltr'><strong>decerneretur.</strong></span> <span class='ocrx_word' id='word_1_131' title='bbox 1449 1955 1503 2014; x_wconf 88' lang='lat' dir='ltr'><strong>Sed</strong></span> 
     </span>
     <span class='ocr_line' id='line_1_17' title="bbox 182 2031 1503 2106; baseline 0.003 -16"><span class='ocrx_word' id='word_1_132' title='bbox 182 2052 250 2091; x_wconf 87' lang='lat' dir='ltr'><strong>mox</strong></span> <span class='ocrx_word' id='word_1_133' title='bbox 265 2032 378 2090; x_wconf 86' lang='lat' dir='ltr'><strong>Tullius</strong></span> <span class='ocrx_word' id='word_1_134' title='bbox 393 2032 533 2106; x_wconf 81' lang='lat' dir='ltr'><strong>cognovit</strong></span> <span class='ocrx_word' id='word_1_135' title='bbox 554 2050 587 2089; x_wconf 91' lang='lat' dir='ltr'><strong>ss</strong></span> <span class='ocrx_word' id='word_1_136' title='bbox 608 2031 826 2090; x_wconf 89' lang='lat' dir='ltr'><strong>inconsiderate</strong></span> <span class='ocrx_word' id='word_1_137' title='bbox 839 2032 946 2091; x_wconf 82' lang='lat' dir='ltr'><strong>falsum</strong></span> <span class='ocrx_word' id='word_1_138' title='bbox 961 2032 1086 2104; x_wconf 84' lang='lat' dir='ltr'><strong>dixieee;</strong></span> <span class='ocrx_word' id='word_1_139' title='bbox 1108 2052 1186 2092; x_wconf 91' lang='lat' dir='ltr'><strong>nunc</strong></span> <span class='ocrx_word' id='word_1_140' title='bbox 1201 2052 1281 2105; x_wconf 87' lang='lat' dir='ltr'><strong>vero,</strong></span> <span class='ocrx_word' id='word_1_141' title='bbox 1305 2033 1331 2093; x_wconf 87' lang='lat' dir='ltr'><strong>si</strong></span> <span class='ocrx_word' id='word_1_142' title='bbox 1352 2040 1503 2106; x_wconf 89' lang='lat' dir='ltr'><strong>retractet,</strong></span> 
     </span>
     <span class='ocr_line' id='line_1_18' title="bbox 182 2111 1280 2189; baseline 0.002 -18"><span class='ocrx_word' id='word_1_143' title='bbox 182 2132 215 2171; x_wconf 91' lang='lat' dir='ltr'><strong>se</strong></span> <span class='ocrx_word' id='word_1_144' title='bbox 235 2111 356 2189; x_wconf 88' lang='lat' dir='ltr'><strong>periurii</strong></span> <span class='ocrx_word' id='word_1_145' title='bbox 379 2118 550 2170; x_wconf 83' lang='lat' dir='ltr'><strong>accusatum</strong></span> <span class='ocrx_word' id='word_1_146' title='bbox 572 2111 660 2169; x_wconf 88' lang='lat' dir='ltr'><strong>etad</strong></span> <span class='ocrx_word' id='word_1_147' title='bbox 682 2113 699 2170; x_wconf 87' lang='lat'>5</span> <span class='ocrx_word' id='word_1_148' title='bbox 722 2131 816 2170; x_wconf 89' lang='lat' dir='ltr'><strong>annos</strong></span> <span class='ocrx_word' id='word_1_149' title='bbox 838 2111 967 2171; x_wconf 86' lang='lat' dir='ltr'><strong>carceris</strong></span> <span class='ocrx_word' id='word_1_150' title='bbox 989 2113 1214 2173; x_wconf 88' lang='lat' dir='ltr'><strong>condemnatum</strong></span> <span class='ocrx_word' id='word_1_151' title='bbox 1234 2113 1280 2173; x_wconf 84' lang='lat' dir='ltr'><strong>iri</strong></span> 
     </span>
    </p>
   </div>
   <div class='ocr_carea' id='block_1_6' title="bbox 182 2224 1503 2384">
    <p class='ocr_par' dir='ltr' id='par_1_6' title="bbox 182 2224 1503 2384">
     <span class='ocr_line' id='line_1_19' title="bbox 182 2224 1503 2301; baseline 0.002 -16"><span class='ocrx_word' id='word_1_152' title='bbox 182 2224 359 2296; x_wconf 73' lang='lat' dir='ltr'><strong>Quaemrun</strong></span> <span class='ocrx_word' id='word_1_153' title='bbox 381 2229 410 2283; x_wconf 78' lang='lat'><strong>1⁰</strong></span> <span class='ocrx_word' id='word_1_154' title='bbox 435 2225 472 2283; x_wconf 86' lang='lat' dir='ltr'><strong>ad</strong></span> <span class='ocrx_word' id='word_1_155' title='bbox 494 2225 561 2301; x_wconf 91' lang='lat' dir='ltr'><strong>quid</strong></span> <span class='ocrx_word' id='word_1_156' title='bbox 584 2225 696 2284; x_wconf 88' lang='lat' dir='ltr'><strong>Tullius</strong></span> <span class='ocrx_word' id='word_1_157' title='bbox 716 2230 870 2299; x_wconf 89' lang='lat' dir='ltr'><strong>teneatur,</strong></span> <span class='ocrx_word' id='word_1_158' title='bbox 901 2227 928 2285; x_wconf 94' lang='lat' dir='ltr'><strong>si</strong></span> <span class='ocrx_word' id='word_1_159' title='bbox 955 2246 1084 2286; x_wconf 87' lang='lat' dir='ltr'><strong>errorem</strong></span> <span class='ocrx_word' id='word_1_160' title='bbox 1113 2246 1197 2286; x_wconf 90' lang='lat' dir='ltr'><strong>sunm</strong></span> <span class='ocrx_word' id='word_1_161' title='bbox 1227 2228 1409 2300; x_wconf 84' lang='lat' dir='ltr'><strong>adverterit,</strong></span> <span class='ocrx_word' id='word_1_162' title='bbox 1442 2230 1503 2288; x_wconf 83' lang='lat' dir='ltr'><strong>sive</strong></span> 
     </span>
     <span class='ocr_line' id='line_1_20' title="bbox 435 2304 1212 2384; baseline 0.006 -22"><span class='ocrx_word' id='word_1_163' title='bbox 435 2310 591 2381; x_wconf 85' lang='lat' dir='ltr'><strong>antequam</strong></span> <span class='ocrx_word' id='word_1_164' title='bbox 613 2304 702 2363; x_wconf 81' lang='lat' dir='ltr'><strong>Caius</strong></span> <span class='ocrx_word' id='word_1_165' title='bbox 723 2325 847 2381; x_wconf 89' lang='lat' dir='ltr'><strong>poenam</strong></span> <span class='ocrx_word' id='word_1_166' title='bbox 869 2308 993 2365; x_wconf 86' lang='lat' dir='ltr'><strong>solverit</strong></span> <span class='ocrx_word' id='word_1_167' title='bbox 1014 2307 1077 2366; x_wconf 87' lang='lat' dir='ltr'><strong>sive</strong></span> <span class='ocrx_word' id='word_1_168' title='bbox 1098 2314 1212 2384; x_wconf 85' lang='lat' dir='ltr'><strong>postea.</strong></span> 
     </span>
    </p>
   </div>
   <div class='ocr_carea' id='block_1_7' title="bbox 378 2393 1503 2562">
    <p class='ocr_par' dir='ltr' id='par_1_7' title="bbox 378 2393 1503 2562">
     <span class='ocr_line' id='line_1_21' title="bbox 379 2393 1503 2474; baseline 0.005 -23"><span class='ocrx_word' id='word_1_169' title='bbox 379 2395 409 2452; x_wconf 76' lang='grc' dir='ltr'><strong>2ο</strong></span> <span class='ocrx_word' id='word_1_170' title='bbox 435 2394 512 2470; x_wconf 92' lang='lat' dir='ltr'><strong>quid,</strong></span> <span class='ocrx_word' id='word_1_171' title='bbox 535 2395 560 2452; x_wconf 91' lang='lat' dir='ltr'><strong>si</strong></span> <span class='ocrx_word' id='word_1_172' title='bbox 576 2393 639 2452; x_wconf 83' lang='lat' dir='ltr'><strong>Gaii</strong></span> <span class='ocrx_word' id='word_1_173' title='bbox 659 2394 773 2452; x_wconf 85' lang='lat' dir='ltr'><strong>familia</strong></span> <span class='ocrx_word' id='word_1_174' title='bbox 793 2401 915 2472; x_wconf 84' lang='lat' dir='ltr'><strong>propter</strong></span> <span class='ocrx_word' id='word_1_175' title='bbox 929 2397 991 2454; x_wconf 89' lang='lat' dir='ltr'><strong>eius</strong></span> <span class='ocrx_word' id='word_1_176' title='bbox 1006 2397 1171 2455; x_wconf 85' lang='lat' dir='ltr'><strong>absentiam</strong></span> <span class='ocrx_word' id='word_1_177' title='bbox 1190 2397 1343 2473; x_wconf 85' lang='lat' dir='ltr'><strong>penuriam</strong></span> <span class='ocrx_word' id='word_1_178' title='bbox 1364 2398 1503 2474; x_wconf 86' lang='lat' dir='ltr'><strong>patiatur.</strong></span> 
     </span>
     <span class='ocr_line' id='line_1_22' title="bbox 378 2483 1503 2562; baseline 0.002 -19"><span class='ocrx_word' id='word_1_179' title='bbox 378 2485 409 2543; x_wconf 80' lang='lat'><strong>3⁰</strong></span> <span class='ocrx_word' id='word_1_180' title='bbox 435 2483 501 2560; x_wconf 89' lang='lat' dir='ltr'><strong>quid</strong></span> <span class='ocrx_word' id='word_1_181' title='bbox 524 2483 676 2541; x_wconf 89' lang='lat' dir='ltr'><strong>dicendum</strong></span> <span class='ocrx_word' id='word_1_182' title='bbox 700 2488 795 2551; x_wconf 87' lang='lat' dir='ltr'><strong>esset,</strong></span> <span class='ocrx_word' id='word_1_183' title='bbox 824 2485 850 2542; x_wconf 88' lang='lat' dir='ltr'><strong>si</strong></span> <span class='ocrx_word' id='word_1_184' title='bbox 872 2484 960 2544; x_wconf 77' lang='lat' dir='ltr'><strong>(laius</strong></span> <span class='ocrx_word' id='word_1_185' title='bbox 988 2491 1069 2544; x_wconf 87' lang='lat' dir='ltr'><strong>esset</strong></span> <span class='ocrx_word' id='word_1_186' title='bbox 1096 2485 1252 2555; x_wconf 87' lang='lat' dir='ltr'><strong>sacerdos,</strong></span> <span class='ocrx_word' id='word_1_187' title='bbox 1281 2486 1330 2562; x_wconf 90' lang='lat' dir='ltr'><strong>qui</strong></span> <span class='ocrx_word' id='word_1_188' title='bbox 1358 2488 1395 2545; x_wconf 94' lang='lat' dir='ltr'><strong>ob</strong></span> <span class='ocrx_word' id='word_1_189' title='bbox 1424 2488 1503 2547; x_wconf 86' lang='lat' dir='ltr'><strong>solas</strong></span> 
     </span>
    </p>
   </div>
   <div class='ocr_carea' id='block_1_8' title="bbox 432 2562 1501 2703">
    <p class='ocr_par' dir='ltr' id='par_1_8' title="bbox 432 2562 1501 2703">
     <span class='ocr_line' id='line_1_23' title="bbox 432 2562 1501 2637; baseline 0.004 -16"><span class='ocrx_word' id='word_1_190' title='bbox 432 2564 514 2637; x_wconf 85' lang='lat' dir='ltr'><strong>leges</strong></span> <span class='ocrx_word' id='word_1_191' title='bbox 536 2562 849 2622; x_wconf 87' lang='lat' dir='ltr'><strong>civili-ecclesiasticas</strong></span> <span class='ocrx_word' id='word_1_192' title='bbox 870 2563 996 2624; x_wconf 89' lang='lat' dir='ltr'><strong>iniustas</strong></span> <span class='ocrx_word' id='word_1_193' title='bbox 1018 2565 1049 2623; x_wconf 91' lang='lat' dir='ltr'><strong>iu</strong></span> <span class='ocrx_word' id='word_1_194' title='bbox 1066 2565 1111 2624; x_wconf 89' lang='lat' dir='ltr'><strong>sui</strong></span> <span class='ocrx_word' id='word_1_195' title='bbox 1133 2565 1262 2625; x_wconf 89' lang='lat' dir='ltr'><strong>muueris</strong></span> <span class='ocrx_word' id='word_1_196' title='bbox 1283 2566 1430 2626; x_wconf 86' lang='lat' dir='ltr'><strong>exercitio</strong></span> <span class='ocrx_word' id='word_1_197' title='bbox 1445 2567 1501 2625; x_wconf 83' lang='lat' dir='ltr'><strong>vio·</strong></span> 
     </span>
     <span class='ocr_line' id='line_1_24' title="bbox 433 2642 730 2703; baseline 0.01 -3"><span class='ocrx_word' id='word_1_198' title='bbox 433 2642 510 2702; x_wconf 88' lang='lat' dir='ltr'><strong>latas</strong></span> <span class='ocrx_word' id='word_1_199' title='bbox 532 2648 730 2703; x_wconf 84' lang='lat' dir='ltr'><strong>accusaretur.</strong></span> 
     </span>
    </p>
   </div>
   <div class='ocr_carea' id='block_1_9' title="bbox 773 2784 908 2852">
    <p class='ocr_par' dir='ltr' id='par_1_9' title="bbox 773 2784 908 2852">
     <span class='ocr_line' id='line_1_25' title="bbox 773 2784 908 2852; baseline 0.007 -1"><span class='ocrx_word' id='word_1_200' title='bbox 773 2784 908 2852; x_wconf 90' lang='lat' dir='ltr'><strong>Solutio.</strong></span> 
     </span>
    </p>
   </div>
   <div class='ocr_carea' id='block_1_10' title="bbox 117 2918 1501 3530">
    <p class='ocr_par' dir='ltr' id='par_1_10' title="bbox 117 2918 1501 3530">
     <span class='ocr_line' id='line_1_26' title="bbox 117 2918 1501 3003; baseline 0.001 -17"><span class='ocrx_word' id='word_1_201' title='bbox 117 2933 170 2986; x_wconf 81' lang='lat'><strong>692</strong></span> <span class='ocrx_word' id='word_1_202' title='bbox 269 2920 321 2983; x_wconf 87' lang='lat' dir='ltr'><strong>An</strong></span> <span class='ocrx_word' id='word_1_203' title='bbox 345 2938 536 2994; x_wconf 75' lang='lat' dir='ltr'><strong>eunnsrrun</strong></span> <span class='ocrx_word' id='word_1_204' title='bbox 562 2920 599 2981; x_wconf 76' lang='lat' dir='ltr'><strong>lm</strong></span> <span class='ocrx_word' id='word_1_205' title='bbox 625 2918 660 2982; x_wconf 83' lang='lat' dir='ltr'><strong>R.</strong></span> <span class='ocrx_word' id='word_1_206' title='bbox 688 2920 716 2983; x_wconf 91' lang='lat'><strong>1.</strong></span> <span class='ocrx_word' id='word_1_207' title='bbox 763 2918 827 2981; x_wconf 90' lang='lat' dir='ltr'><strong>Per</strong></span> <span class='ocrx_word' id='word_1_208' title='bbox 849 2939 884 2982; x_wconf 88' lang='lat' dir='ltr'><strong>se</strong></span> <span class='ocrx_word' id='word_1_209' title='bbox 907 2918 971 2994; x_wconf 91' lang='lat' dir='ltr'><strong>ille,</strong></span> <span class='ocrx_word' id='word_1_210' title='bbox 997 2918 1051 3000; x_wconf 91' lang='lat' dir='ltr'><strong>qui</strong></span> <span class='ocrx_word' id='word_1_211' title='bbox 1075 2939 1208 2984; x_wconf 87' lang='lat' dir='ltr'><strong>causam</strong></span> <span class='ocrx_word' id='word_1_212' title='bbox 1231 2920 1342 3003; x_wconf 90' lang='lat' dir='ltr'><strong>posuit</strong></span> <span class='ocrx_word' id='word_1_213' title='bbox 1366 2922 1501 2988; x_wconf 89' lang='lat' dir='ltr'><strong>alterius</strong></span> 
     </span>
     <span class='ocr_line' id='line_1_27' title="bbox 180 3007 1500 3091; baseline 0.002 -18"><span class='ocrx_word' id='word_1_214' title='bbox 180 3008 289 3073; x_wconf 90' lang='lat' dir='ltr'><strong>damni</strong></span> <span class='ocrx_word' id='word_1_215' title='bbox 305 3007 427 3085; x_wconf 90' lang='lat' dir='ltr'><strong>iniusti,</strong></span> <span class='ocrx_word' id='word_1_216' title='bbox 453 3010 592 3084; x_wconf 85' lang='lat' dir='ltr'><strong>tenetur,</strong></span> <span class='ocrx_word' id='word_1_217' title='bbox 618 3010 774 3089; x_wconf 87' lang='lat' dir='ltr'><strong>quantum</strong></span> <span class='ocrx_word' id='word_1_218' title='bbox 792 3012 911 3089; x_wconf 92' lang='lat' dir='ltr'><strong>potest,</strong></span> <span class='ocrx_word' id='word_1_219' title='bbox 937 3009 1097 3086; x_wconf 84' lang='lat' dir='ltr'><strong>effectum,</strong></span> <span class='ocrx_word' id='word_1_220' title='bbox 1122 3008 1149 3072; x_wconf 90' lang='lat' dir='ltr'><strong>si</strong></span> <span class='ocrx_word' id='word_1_221' title='bbox 1165 3008 1344 3091; x_wconf 90' lang='lat' dir='ltr'><strong>productus</strong></span> <span class='ocrx_word' id='word_1_222' title='bbox 1359 3011 1500 3076; x_wconf 90' lang='lat' dir='ltr'><strong>nondum</strong></span> 
     </span>
     <span class='ocr_line' id='line_1_28' title="bbox 178 3095 1499 3180; baseline 0.002 -18"><span class='ocrx_word' id='word_1_223' title='bbox 178 3103 239 3175; x_wconf 90' lang='lat' dir='ltr'><strong>est,</strong></span> <span class='ocrx_word' id='word_1_224' title='bbox 263 3096 419 3180; x_wconf 90' lang='lat' dir='ltr'><strong>impedire</strong></span> <span class='ocrx_word' id='word_1_225' title='bbox 450 3096 502 3159; x_wconf 88' lang='lat' dir='ltr'><strong>vel</strong></span> <span class='ocrx_word' id='word_1_226' title='bbox 525 3095 682 3178; x_wconf 88' lang='lat' dir='ltr'><strong>impedire</strong></span> <span class='ocrx_word' id='word_1_227' title='bbox 705 3095 892 3162; x_wconf 86' lang='lat' dir='ltr'><strong>ulteriorem</strong></span> <span class='ocrx_word' id='word_1_228' title='bbox 917 3098 1085 3174; x_wconf 77' lang='lat' dir='ltr'><strong>effectum,</strong></span> <span class='ocrx_word' id='word_1_229' title='bbox 1117 3097 1214 3179; x_wconf 90' lang='lat' dir='ltr'><strong>idque</strong></span> <span class='ocrx_word' id='word_1_230' title='bbox 1238 3119 1302 3162; x_wconf 92' lang='lat' dir='ltr'><strong>non</strong></span> <span class='ocrx_word' id='word_1_231' title='bbox 1326 3099 1450 3177; x_wconf 89' lang='lat' dir='ltr'><strong>solum,</strong></span> <span class='ocrx_word' id='word_1_232' title='bbox 1474 3100 1499 3164; x_wconf 90' lang='lat' dir='ltr'><strong>si</strong></span> 
     </span>
     <span class='ocr_line' id='line_1_29' title="bbox 179 3185 1500 3271; baseline 0 -18"><span class='ocrx_word' id='word_1_233' title='bbox 179 3186 383 3271; x_wconf 90' lang='lat' dir='ltr'><strong>culpabiliter</strong></span> <span class='ocrx_word' id='word_1_234' title='bbox 407 3206 539 3250; x_wconf 89' lang='lat' dir='ltr'><strong>causam</strong></span> <span class='ocrx_word' id='word_1_235' title='bbox 555 3185 674 3268; x_wconf 83' lang='lat' dir='ltr'><strong>posuit,</strong></span> <span class='ocrx_word' id='word_1_236' title='bbox 700 3185 757 3249; x_wconf 86' lang='lat' dir='ltr'><strong>sed</strong></span> <span class='ocrx_word' id='word_1_237' title='bbox 781 3185 890 3261; x_wconf 89' lang='lat' dir='ltr'><strong>etiam,</strong></span> <span class='ocrx_word' id='word_1_238' title='bbox 914 3185 942 3249; x_wconf 89' lang='lat' dir='ltr'><strong>si</strong></span> <span class='ocrx_word' id='word_1_239' title='bbox 966 3185 998 3249; x_wconf 95' lang='lat' dir='ltr'><strong>id</strong></span> <span class='ocrx_word' id='word_1_240' title='bbox 1021 3185 1136 3252; x_wconf 85' lang='lat' dir='ltr'><strong>fecerit</strong></span> <span class='ocrx_word' id='word_1_241' title='bbox 1151 3185 1404 3270; x_wconf 86' lang='lat' dir='ltr'><strong>inculpabiliter,</strong></span> <span class='ocrx_word' id='word_1_242' title='bbox 1429 3210 1500 3255; x_wconf 90' lang='lat' dir='ltr'><strong>cum</strong></span> 
     </span>
     <span class='ocr_line' id='line_1_30' title="bbox 178 3273 1498 3356; baseline 0.002 -16"><span class='ocrx_word' id='word_1_243' title='bbox 178 3297 216 3340; x_wconf 90' lang='lat' dir='ltr'><strong>eo</strong></span> <span class='ocrx_word' id='word_1_244' title='bbox 240 3280 351 3342; x_wconf 87' lang='lat' dir='ltr'><strong>tamen</strong></span> <span class='ocrx_word' id='word_1_245' title='bbox 376 3273 576 3351; x_wconf 83' lang='lat' dir='ltr'><strong>discrimine,</strong></span> <span class='ocrx_word' id='word_1_246' title='bbox 608 3278 644 3339; x_wconf 92' lang='lat' dir='ltr'><strong>ut</strong></span> <span class='ocrx_word' id='word_1_247' title='bbox 674 3273 706 3337; x_wconf 93' lang='lat' dir='ltr'><strong>in</strong></span> <span class='ocrx_word' id='word_1_248' title='bbox 730 3274 909 3356; x_wconf 88' lang='lat' dir='ltr'><strong>posteriorc</strong></span> <span class='ocrx_word' id='word_1_249' title='bbox 934 3295 1010 3338; x_wconf 89' lang='lat' dir='ltr'><strong>casu</strong></span> <span class='ocrx_word' id='word_1_250' title='bbox 1034 3275 1076 3339; x_wconf 91' lang='lat' dir='ltr'><strong>ad</strong></span> <span class='ocrx_word' id='word_1_251' title='bbox 1105 3275 1139 3338; x_wconf 93' lang='lat' dir='ltr'><strong>id</strong></span> <span class='ocrx_word' id='word_1_252' title='bbox 1162 3296 1227 3339; x_wconf 91' lang='lat' dir='ltr'><strong>non</strong></span> <span class='ocrx_word' id='word_1_253' title='bbox 1250 3279 1405 3342; x_wconf 87' lang='lat' dir='ltr'><strong>tencatur</strong></span> <span class='ocrx_word' id='word_1_254' title='bbox 1428 3299 1498 3343; x_wconf 90' lang='lat' dir='ltr'><strong>cum</strong></span> 
     </span>
     <span class='ocr_line' id='line_1_31' title="bbox 177 3362 1498 3445; baseline 0.002 -17"><span class='ocrx_word' id='word_1_255' title='bbox 177 3365 379 3430; x_wconf 91' lang='lat' dir='ltr'><strong>incommodo</strong></span> <span class='ocrx_word' id='word_1_256' title='bbox 404 3362 542 3428; x_wconf 88' lang='lat' dir='ltr'><strong>relative</strong></span> <span class='ocrx_word' id='word_1_257' title='bbox 567 3383 702 3444; x_wconf 86' lang='lat' dir='ltr'><strong>magno,</strong></span> <span class='ocrx_word' id='word_1_258' title='bbox 734 3363 791 3426; x_wconf 91' lang='lat' dir='ltr'><strong>sed</strong></span> <span class='ocrx_word' id='word_1_259' title='bbox 815 3363 968 3428; x_wconf 91' lang='lat' dir='ltr'><strong>damnum</strong></span> <span class='ocrx_word' id='word_1_260' title='bbox 1001 3364 1085 3445; x_wconf 89' lang='lat' dir='ltr'><strong>quod</strong></span> <span class='ocrx_word' id='word_1_261' title='bbox 1109 3363 1317 3429; x_wconf 90' lang='lat' dir='ltr'><strong>nihilominus</strong></span> <span class='ocrx_word' id='word_1_262' title='bbox 1341 3366 1498 3432; x_wconf 89' lang='lat' dir='ltr'><strong>oriturum</strong></span> 
     </span>
     <span class='ocr_line' id='line_1_32' title="bbox 177 3451 1498 3530; baseline 0.003 -13"><span class='ocrx_word' id='word_1_263' title='bbox 177 3454 221 3519; x_wconf 87' lang='lat' dir='ltr'><strong>sit</strong></span> <span class='ocrx_word' id='word_1_264' title='bbox 243 3459 314 3521; x_wconf 89' lang='lat' dir='ltr'><strong>tum</strong></span> <span class='ocrx_word' id='word_1_265' title='bbox 338 3453 543 3518; x_wconf 88' lang='lat' dir='ltr'><strong>adscribatur</strong></span> <span class='ocrx_word' id='word_1_266' title='bbox 565 3451 656 3516; x_wconf 89' lang='lat' dir='ltr'><strong>casui</strong></span> <span class='ocrx_word' id='word_1_267' title='bbox 678 3451 824 3530; x_wconf 87' lang='lat' dir='ltr'><strong>fortuito,</strong></span> <span class='ocrx_word' id='word_1_268' title='bbox 850 3473 913 3515; x_wconf 92' lang='lat' dir='ltr'><strong>non</strong></span> <span class='ocrx_word' id='word_1_269' title='bbox 938 3473 1055 3517; x_wconf 89' lang='lat' dir='ltr'><strong>causae</strong></span> <span class='ocrx_word' id='word_1_270' title='bbox 1080 3453 1202 3518; x_wconf 87' lang='lat' dir='ltr'><strong>liberae</strong></span> <span class='ocrx_word' id='word_1_271' title='bbox 1226 3459 1260 3519; x_wconf 91' lang='lat' dir='ltr'><strong>et</strong></span> <span class='ocrx_word' id='word_1_272' title='bbox 1283 3455 1498 3521; x_wconf 87' lang='lat' dir='ltr'><strong>voluntariae.</strong></span> 
     </span>
    </p>
   </div>
   <div class='ocr_carea' id='block_1_11' title="bbox 178 3541 524 3618">
    <p class='ocr_par' dir='ltr' id='par_1_11' title="bbox 178 3541 524 3618">
     <span class='ocr_line' id='line_1_33' title="bbox 178 3541 524 3618; baseline -0.006 -11"><span class='ocrx_word' id='word_1_273' title='bbox 178 3541 225 3608; x_wconf 80' lang='lat' dir='ltr'><strong>Of.</strong></span> <span class='ocrx_word' id='word_1_274' title='bbox 255 3545 311 3610; x_wconf 76' lang='lat' dir='ltr'><strong>Tb.</strong></span> <span class='ocrx_word' id='word_1_275' title='bbox 335 3566 374 3607; x_wconf 71' lang='lat' dir='ltr'><strong>cn.</strong></span> <span class='ocrx_word' id='word_1_276' title='bbox 400 3543 424 3618; x_wconf 93' lang='lat' dir='ltr'><strong>l,</strong></span> <span class='ocrx_word' id='word_1_277' title='bbox 450 3544 524 3606; x_wconf 84' lang='lat'><strong>969.</strong></span> 
     </span>
    </p>
   </div>
   <div class='ocr_carea' id='block_1_12' title="bbox 176 3647 1498 4337">
    <p class='ocr_par' dir='ltr' id='par_1_12' title="bbox 176 3647 1498 4337">
     <span class='ocr_line' id='line_1_34' title="bbox 266 3647 1498 3730; baseline 0.002 -17"><span class='ocrx_word' id='word_1_278' title='bbox 266 3649 304 3714; x_wconf 83' lang='lat' dir='ltr'><strong>R.</strong></span> <span class='ocrx_word' id='word_1_279' title='bbox 331 3652 360 3715; x_wconf 87' lang='lat'><strong>2.</strong></span> <span class='ocrx_word' id='word_1_280' title='bbox 407 3648 492 3712; x_wconf 91' lang='lat' dir='ltr'><strong>Hinc</strong></span> <span class='ocrx_word' id='word_1_281' title='bbox 516 3648 656 3724; x_wconf 82' lang='lat' dir='ltr'><strong>Tulliae,</strong></span> <span class='ocrx_word' id='word_1_282' title='bbox 690 3668 787 3728; x_wconf 89' lang='lat' dir='ltr'><strong>quarn</strong></span> <span class='ocrx_word' id='word_1_283' title='bbox 818 3647 956 3730; x_wconf 90' lang='lat' dir='ltr'><strong>primum</strong></span> <span class='ocrx_word' id='word_1_284' title='bbox 989 3648 1143 3730; x_wconf 87' lang='lat' dir='ltr'><strong>cognovit</strong></span> <span class='ocrx_word' id='word_1_285' title='bbox 1174 3669 1209 3713; x_wconf 89' lang='lat' dir='ltr'><strong>se</strong></span> <span class='ocrx_word' id='word_1_286' title='bbox 1241 3649 1362 3714; x_wconf 83' lang='lat' dir='ltr'><strong>falsum</strong></span> <span class='ocrx_word' id='word_1_287' title='bbox 1386 3655 1498 3717; x_wconf 87' lang='lat' dir='ltr'><strong>contra</strong></span> 
     </span>
     <span class='ocr_line' id='line_1_35' title="bbox 177 3737 1497 3819; baseline 0.002 -17"><span class='ocrx_word' id='word_1_288' title='bbox 177 3737 289 3803; x_wconf 83' lang='lat' dir='ltr'><strong>Caium</strong></span> <span class='ocrx_word' id='word_1_289' title='bbox 314 3737 445 3814; x_wconf 85' lang='lat' dir='ltr'><strong>dixisse,</strong></span> <span class='ocrx_word' id='word_1_290' title='bbox 470 3757 529 3819; x_wconf 88' lang='lat' dir='ltr'><strong>per</strong></span> <span class='ocrx_word' id='word_1_291' title='bbox 551 3758 587 3801; x_wconf 89' lang='lat' dir='ltr'><strong>se</strong></span> <span class='ocrx_word' id='word_1_292' title='bbox 611 3737 751 3801; x_wconf 88' lang='lat' dir='ltr'><strong>debebat</strong></span> <span class='ocrx_word' id='word_1_293' title='bbox 775 3741 967 3813; x_wconf 85' lang='lat' dir='ltr'><strong>retractare,</strong></span> <span class='ocrx_word' id='word_1_294' title='bbox 993 3757 1056 3818; x_wconf 89' lang='lat' dir='ltr'><strong>quo</strong></span> <span class='ocrx_word' id='word_1_295' title='bbox 1080 3737 1176 3802; x_wconf 80' lang='lat' dir='ltr'><strong>Caius</strong></span> <span class='ocrx_word' id='word_1_296' title='bbox 1199 3738 1231 3802; x_wconf 94' lang='lat' dir='ltr'><strong>in</strong></span> <span class='ocrx_word' id='word_1_297' title='bbox 1256 3738 1380 3804; x_wconf 90' lang='lat' dir='ltr'><strong>honore</strong></span> <span class='ocrx_word' id='word_1_298' title='bbox 1403 3739 1497 3806; x_wconf 87' lang='lat' dir='ltr'><strong>resti·</strong></span> 
     </span>
     <span class='ocr_line' id='line_1_36' title="bbox 177 3824 1495 3908; baseline 0.002 -17"><span class='ocrx_word' id='word_1_299' title='bbox 177 3830 326 3892; x_wconf 90' lang='lat' dir='ltr'><strong>tueretur</strong></span> <span class='ocrx_word' id='word_1_300' title='bbox 358 3831 392 3891; x_wconf 91' lang='lat' dir='ltr'><strong>et</strong></span> <span class='ocrx_word' id='word_1_301' title='bbox 423 3830 693 3908; x_wconf 88' lang='lat' dir='ltr'><strong>praeservaretur</strong></span> <span class='ocrx_word' id='word_1_302' title='bbox 716 3824 769 3888; x_wconf 90' lang='lat' dir='ltr'><strong>vel</strong></span> <span class='ocrx_word' id='word_1_303' title='bbox 801 3825 996 3890; x_wconf 87' lang='lat' dir='ltr'><strong>liberaretur</strong></span> <span class='ocrx_word' id='word_1_304' title='bbox 1029 3847 1046 3889; x_wconf 89' lang='lat' dir='ltr'><strong>e</strong></span> <span class='ocrx_word' id='word_1_305' title='bbox 1079 3848 1219 3895; x_wconf 89' lang='lat' dir='ltr'><strong>carcere.</strong></span> <span class='ocrx_word' id='word_1_306' title='bbox 1266 3826 1388 3903; x_wconf 86' lang='lat' dir='ltr'><strong>Quodsi</strong></span> <span class='ocrx_word' id='word_1_307' title='bbox 1420 3829 1495 3893; x_wconf 91' lang='lat' dir='ltr'><strong>nihil</strong></span> 
     </span>
     <span class='ocr_line' id='line_1_37' title="bbox 178 3914 1496 3997; baseline 0.002 -17"><span class='ocrx_word' id='word_1_308' title='bbox 178 3915 265 3980; x_wconf 91' lang='lat' dir='ltr'><strong>aliud</strong></span> <span class='ocrx_word' id='word_1_309' title='bbox 289 3914 466 3981; x_wconf 88' lang='lat' dir='ltr'><strong>timendum</strong></span> <span class='ocrx_word' id='word_1_310' title='bbox 492 3919 564 3979; x_wconf 88' lang='lat' dir='ltr'><strong>erat</strong></span> <span class='ocrx_word' id='word_1_311' title='bbox 587 3915 648 3979; x_wconf 92' lang='lat' dir='ltr'><strong>nisi</strong></span> <span class='ocrx_word' id='word_1_312' title='bbox 672 3914 830 3995; x_wconf 88' lang='lat' dir='ltr'><strong>quaedam</strong></span> <span class='ocrx_word' id='word_1_313' title='bbox 854 3919 932 3979; x_wconf 91' lang='lat' dir='ltr'><strong>nota</strong></span> <span class='ocrx_word' id='word_1_314' title='bbox 954 3915 1266 3994; x_wconf 89' lang='lat' dir='ltr'><strong>inconsiderationis,</strong></span> <span class='ocrx_word' id='word_1_315' title='bbox 1291 3937 1378 3997; x_wconf 90' lang='lat' dir='ltr'><strong>quae</strong></span> <span class='ocrx_word' id='word_1_316' title='bbox 1392 3918 1496 3983; x_wconf 82' lang='lat' dir='ltr'><strong>Tullio</strong></span> 
     </span>
     <span class='ocr_line' id='line_1_38' title="bbox 178 4004 1496 4088; baseline 0.002 -19"><span class='ocrx_word' id='word_1_317' title='bbox 178 4008 424 4088; x_wconf 81' lang='lat' dir='ltr'><strong>aspergeretur,</strong></span> <span class='ocrx_word' id='word_1_318' title='bbox 458 4004 538 4068; x_wconf 89' lang='lat' dir='ltr'><strong>haec</strong></span> <span class='ocrx_word' id='word_1_319' title='bbox 568 4009 662 4069; x_wconf 86' lang='lat' dir='ltr'><strong>tante</strong></span> <span class='ocrx_word' id='word_1_320' title='bbox 685 4024 748 4066; x_wconf 91' lang='lat' dir='ltr'><strong>non</strong></span> <span class='ocrx_word' id='word_1_321' title='bbox 773 4008 862 4080; x_wconf 87' lang='lat' dir='ltr'><strong>erat,</strong></span> <span class='ocrx_word' id='word_1_322' title='bbox 894 4009 931 4069; x_wconf 92' lang='lat' dir='ltr'><strong>ut</strong></span> <span class='ocrx_word' id='word_1_323' title='bbox 962 4009 1136 4087; x_wconf 85' lang='lat' dir='ltr'><strong>propterca</strong></span> <span class='ocrx_word' id='word_1_324' title='bbox 1160 4011 1376 4072; x_wconf 85' lang='lat' dir='ltr'><strong>excusaretur</strong></span> <span class='ocrx_word' id='word_1_325' title='bbox 1404 4028 1496 4072; x_wconf 91' lang='lat' dir='ltr'><strong>are-</strong></span> 
     </span>
     <span class='ocr_line' id='line_1_39' title="bbox 177 4092 1497 4177; baseline 0 -18"><span class='ocrx_word' id='word_1_326' title='bbox 177 4093 385 4169; x_wconf 89' lang='lat' dir='ltr'><strong>tractatione,</strong></span> <span class='ocrx_word' id='word_1_327' title='bbox 410 4092 472 4158; x_wconf 87' lang='lat' dir='ltr'><strong>etsi</strong></span> <span class='ocrx_word' id='word_1_328' title='bbox 495 4093 528 4156; x_wconf 91' lang='lat' dir='ltr'><strong>in</strong></span> <span class='ocrx_word' id='word_1_329' title='bbox 552 4093 738 4158; x_wconf 87' lang='lat' dir='ltr'><strong>testimonio</strong></span> <span class='ocrx_word' id='word_1_330' title='bbox 762 4092 897 4156; x_wconf 90' lang='lat' dir='ltr'><strong>dicendo</strong></span> <span class='ocrx_word' id='word_1_331' title='bbox 920 4094 1069 4172; x_wconf 84' lang='lat' dir='ltr'><strong>graviter</strong></span> <span class='ocrx_word' id='word_1_332' title='bbox 1091 4115 1154 4157; x_wconf 91' lang='lat' dir='ltr'><strong>non</strong></span> <span class='ocrx_word' id='word_1_333' title='bbox 1178 4095 1376 4177; x_wconf 85' lang='lat' dir='ltr'><strong>peccaverit.</strong></span> <span class='ocrx_word' id='word_1_334' title='bbox 1397 4096 1497 4159; x_wconf 84' lang='lat' dir='ltr'><strong>—Et</strong></span> 
     </span>
     <span class='ocr_line' id='line_1_40' title="bbox 176 4181 1496 4265; baseline 0.002 -19"><span class='ocrx_word' id='word_1_335' title='bbox 176 4205 292 4249; x_wconf 88' lang='lat' dir='ltr'><strong>revera</strong></span> <span class='ocrx_word' id='word_1_336' title='bbox 316 4183 504 4265; x_wconf 88' lang='lat' dir='ltr'><strong>plerumque</strong></span> <span class='ocrx_word' id='word_1_337' title='bbox 529 4182 560 4245; x_wconf 93' lang='lat' dir='ltr'><strong>id</strong></span> <span class='ocrx_word' id='word_1_338' title='bbox 584 4181 667 4245; x_wconf 91' lang='lat' dir='ltr'><strong>effici</strong></span> <span class='ocrx_word' id='word_1_339' title='bbox 692 4186 811 4264; x_wconf 89' lang='lat' dir='ltr'><strong>potest,</strong></span> <span class='ocrx_word' id='word_1_340' title='bbox 836 4186 871 4245; x_wconf 88' lang='lat' dir='ltr'><strong>ut</strong></span> <span class='ocrx_word' id='word_1_341' title='bbox 895 4182 990 4246; x_wconf 88' lang='lat' dir='ltr'><strong>testis</strong></span> <span class='ocrx_word' id='word_1_342' title='bbox 1014 4188 1173 4265; x_wconf 86' lang='lat' dir='ltr'><strong>appareat</strong></span> <span class='ocrx_word' id='word_1_343' title='bbox 1196 4205 1259 4247; x_wconf 92' lang='lat' dir='ltr'><strong>non</strong></span> <span class='ocrx_word' id='word_1_344' title='bbox 1283 4205 1326 4248; x_wconf 89' lang='lat' dir='ltr'><strong>cx</strong></span> <span class='ocrx_word' id='word_1_345' title='bbox 1350 4186 1496 4250; x_wconf 87' lang='lat' dir='ltr'><strong>consulto</strong></span> 
     </span>
     <span class='ocr_line' id='line_1_41' title="bbox 177 4271 967 4337; baseline -0.001 0"><span class='ocrx_word' id='word_1_346' title='bbox 177 4274 298 4337; x_wconf 83' lang='lat' dir='ltr'><strong>dixisse</strong></span> <span class='ocrx_word' id='word_1_347' title='bbox 321 4272 441 4336; x_wconf 80' lang='lat' dir='ltr'><strong>falsum</strong></span> <span class='ocrx_word' id='word_1_348' title='bbox 465 4271 522 4336; x_wconf 90' lang='lat' dir='ltr'><strong>sed</strong></span> <span class='ocrx_word' id='word_1_349' title='bbox 546 4272 686 4335; x_wconf 89' lang='lat' dir='ltr'><strong>humano</strong></span> <span class='ocrx_word' id='word_1_350' title='bbox 711 4271 805 4334; x_wconf 93' lang='lat' dir='ltr'><strong>modo</strong></span> <span class='ocrx_word' id='word_1_351' title='bbox 830 4291 967 4336; x_wconf 86' lang='lat' dir='ltr'><strong>errasse.</strong></span> 
     </span>
    </p>
   </div>
   <div class='ocr_carea' id='block_1_13' title="bbox 176 4376 1495 4728">
    <p class='ocr_par' dir='ltr' id='par_1_13' title="bbox 176 4376 1495 4728">
     <span class='ocr_line' id='line_1_42' title="bbox 264 4376 1495 4463; baseline 0 -20"><span class='ocrx_word' id='word_1_352' title='bbox 264 4379 304 4444; x_wconf 86' lang='lat' dir='ltr'><strong>R.</strong></span> <span class='ocrx_word' id='word_1_353' title='bbox 329 4383 359 4445; x_wconf 87' lang='lat'><strong>3.</strong></span> <span class='ocrx_word' id='word_1_354' title='bbox 407 4378 440 4443; x_wconf 89' lang='lat' dir='ltr'><strong>Si</strong></span> <span class='ocrx_word' id='word_1_355' title='bbox 464 4398 542 4441; x_wconf 90' lang='lat' dir='ltr'><strong>vero</strong></span> <span class='ocrx_word' id='word_1_356' title='bbox 566 4377 689 4441; x_wconf 83' lang='lat' dir='ltr'><strong>Tullius</strong></span> <span class='ocrx_word' id='word_1_357' title='bbox 722 4398 756 4441; x_wconf 91' lang='lat' dir='ltr'><strong>re</strong></span> <span class='ocrx_word' id='word_1_358' title='bbox 788 4376 860 4459; x_wconf 87' lang='lat' dir='ltr'><strong>ipsa</strong></span> <span class='ocrx_word' id='word_1_359' title='bbox 884 4378 1028 4443; x_wconf 87' lang='lat' dir='ltr'><strong>incurrat</strong></span> <span class='ocrx_word' id='word_1_360' title='bbox 1060 4377 1237 4460; x_wconf 88' lang='lat' dir='ltr'><strong>periculum</strong></span> <span class='ocrx_word' id='word_1_361' title='bbox 1269 4399 1395 4460; x_wconf 89' lang='lat' dir='ltr'><strong>poenae</strong></span> <span class='ocrx_word' id='word_1_362' title='bbox 1425 4400 1495 4463; x_wconf 88' lang='lat' dir='ltr'><strong>per·</strong></span> 
     </span>
     <span class='ocr_line' id='line_1_43' title="bbox 176 4466 1494 4548; baseline 0.001 -17"><span class='ocrx_word' id='word_1_363' title='bbox 176 4468 259 4545; x_wconf 91' lang='lat' dir='ltr'><strong>iurii,</strong></span> <span class='ocrx_word' id='word_1_364' title='bbox 283 4469 314 4532; x_wconf 92' lang='lat' dir='ltr'><strong>id</strong></span> <span class='ocrx_word' id='word_1_365' title='bbox 340 4472 469 4533; x_wconf 90' lang='lat' dir='ltr'><strong>tantum</strong></span> <span class='ocrx_word' id='word_1_366' title='bbox 494 4468 613 4531; x_wconf 89' lang='lat' dir='ltr'><strong>malum</strong></span> <span class='ocrx_word' id='word_1_367' title='bbox 645 4470 753 4531; x_wconf 88' lang='lat' dir='ltr'><strong>estet</strong></span> <span class='ocrx_word' id='word_1_368' title='bbox 783 4466 935 4529; x_wconf 90' lang='lat' dir='ltr'><strong>damnum</strong></span> <span class='ocrx_word' id='word_1_369' title='bbox 959 4467 1142 4548; x_wconf 89' lang='lat' dir='ltr'><strong>proprium,</strong></span> <span class='ocrx_word' id='word_1_370' title='bbox 1174 4473 1211 4532; x_wconf 91' lang='lat' dir='ltr'><strong>ut</strong></span> <span class='ocrx_word' id='word_1_371' title='bbox 1234 4468 1276 4531; x_wconf 94' lang='lat' dir='ltr'><strong>ad</strong></span> <span class='ocrx_word' id='word_1_372' title='bbox 1300 4468 1333 4532; x_wconf 91' lang='lat' dir='ltr'><strong>id</strong></span> <span class='ocrx_word' id='word_1_373' title='bbox 1357 4469 1494 4534; x_wconf 91' lang='lat' dir='ltr'><strong>subeun·</strong></span> 
     </span>
     <span class='ocr_line' id='line_1_44' title="bbox 176 4555 1494 4636; baseline 0.001 -16"><span class='ocrx_word' id='word_1_374' title='bbox 176 4558 251 4621; x_wconf 91' lang='lat' dir='ltr'><strong>dum</strong></span> <span class='ocrx_word' id='word_1_375' title='bbox 275 4578 339 4621; x_wconf 91' lang='lat' dir='ltr'><strong>non</strong></span> <span class='ocrx_word' id='word_1_376' title='bbox 362 4560 524 4632; x_wconf 88' lang='lat' dir='ltr'><strong>teneatur,</strong></span> <span class='ocrx_word' id='word_1_377' title='bbox 557 4556 584 4619; x_wconf 92' lang='lat' dir='ltr'><strong>si</strong></span> <span class='ocrx_word' id='word_1_378' title='bbox 607 4555 847 4636; x_wconf 88' lang='lat' dir='ltr'><strong>inculpabiliter</strong></span> <span class='ocrx_word' id='word_1_379' title='bbox 870 4555 988 4618; x_wconf 89' lang='lat' dir='ltr'><strong>falsum</strong></span> <span class='ocrx_word' id='word_1_380' title='bbox 1013 4556 1105 4621; x_wconf 80' lang='lat' dir='ltr'><strong>dixit.</strong></span> <span class='ocrx_word' id='word_1_381' title='bbox 1152 4556 1254 4620; x_wconf 91' lang='lat' dir='ltr'><strong>Immo</strong></span> <span class='ocrx_word' id='word_1_382' title='bbox 1278 4556 1364 4622; x_wconf 86' lang='lat' dir='ltr'><strong>idem</strong></span> <span class='ocrx_word' id='word_1_383' title='bbox 1389 4559 1494 4623; x_wconf 91' lang='lat' dir='ltr'><strong>dicen·</strong></span> 
     </span>
     <span class='ocr_line' id='line_1_45' title="bbox 176 4643 1495 4728; baseline 0.001 -19"><span class='ocrx_word' id='word_1_384' title='bbox 176 4646 250 4710; x_wconf 92' lang='lat' dir='ltr'><strong>dum</strong></span> <span class='ocrx_word' id='word_1_385' title='bbox 276 4651 343 4723; x_wconf 87' lang='lat' dir='ltr'><strong>est,</strong></span> <span class='ocrx_word' id='word_1_386' title='bbox 375 4645 402 4710; x_wconf 93' lang='lat' dir='ltr'><strong>si</strong></span> <span class='ocrx_word' id='word_1_387' title='bbox 433 4644 595 4710; x_wconf 88' lang='lat' dir='ltr'><strong>aveniali</strong></span> <span class='ocrx_word' id='word_1_388' title='bbox 619 4644 748 4725; x_wconf 87' lang='lat' dir='ltr'><strong>quidem</strong></span> <span class='ocrx_word' id='word_1_389' title='bbox 779 4643 965 4709; x_wconf 85' lang='lat' dir='ltr'><strong>temeritate</strong></span> <span class='ocrx_word' id='word_1_390' title='bbox 995 4665 1059 4709; x_wconf 92' lang='lat' dir='ltr'><strong>non</strong></span> <span class='ocrx_word' id='word_1_391' title='bbox 1089 4645 1188 4711; x_wconf 88' lang='lat' dir='ltr'><strong>fuerit</strong></span> <span class='ocrx_word' id='word_1_392' title='bbox 1217 4646 1315 4721; x_wconf 90' lang='lat' dir='ltr'><strong>liber,</strong></span> <span class='ocrx_word' id='word_1_393' title='bbox 1349 4648 1495 4728; x_wconf 87' lang='lat' dir='ltr'><strong>graviter</strong></span> 
     </span>
    </p>
   </div>
   <div class='ocr_carea' id='block_1_14' title="bbox 0 0 1558 5168">
    <p class='ocr_par' dir='ltr' id='par_1_14' title="bbox 0 0 1558 5168">
     <span class='ocr_line' id='line_1_46' title="bbox 0 0 1558 5168; baseline 0 4"><span class='ocrx_word' id='word_1_394' title='bbox 0 0 1558 5168; x_wconf 95' lang='lat' dir='ltr'><strong> </strong></span> 
     </span>
    </p>
   </div>
  </div>
 </body>
</html>
