3106 5168
161 261 223 325 142
372 256 412 312 De
430 257 579 313 virtutibus
597 260 626 312 et
643 257 741 313 officiis
761 275 826 327 erga
844 257 940 313 Deum.
958 288 992 297 -
1009 258 1105 315 Virtus
1122 258 1271 327 religionis.

158 455 262 500 sunm.
309 434 343 500 Si
367 434 530 501 Ausonius
554 455 709 520 expresse
732 436 897 512 intellexit
919 441 988 504 tres
1011 437 1081 503 dies
1104 442 1200 504 extra
1224 435 1292 501 dies
1317 434 1485 501 abstinen-

159 523 225 590 tiae
249 523 291 590 ab
308 524 457 590 Ecclesia
472 524 703 609 praescriptos,
727 545 817 605 sane,
842 526 971 609 quando
995 529 1171 592 occurrunt
1191 523 1314 591 ieiunia
1328 528 1486 606 quattuor

158 618 341 696 temporum
364 613 398 679 in
420 613 525 697 iisque
546 613 746 681 abstinentia
767 614 801 680 in
824 614 896 680 loco
913 614 1034 680 actuali
1051 615 1256 692 observatur,
1280 613 1391 679 sexies
1409 614 1485 680 abs·

158 701 329 768 tinentiam
355 723 491 769 servare
515 702 622 770 debet.
662 702 911 787 Argumentum,
936 704 1021 770 unde
1044 703 1237 770 concludere
1259 701 1376 786 possis,
1402 723 1485 785 quae

158 790 259 857 fuerit
280 791 417 857 Ausonii
439 791 590 870 intentio,
615 813 658 857 ex
680 813 719 858 eo
742 792 878 859 habebis
900 792 987 876 qnod
1009 793 1166 877 inquiras,
1190 796 1302 859 utrum
1319 791 1485 858 Ausonius

158 879 300 947 voluerit
314 880 476 946 communi
492 881 568 947 anni
584 884 733 966 tempore
752 890 883 967 praeterr
895 883 1015 966 faiam
1030 891 1152 948 sectum
1174 886 1227 948 ter
1249 879 1484 947 abstinentiam

158 989 302 1047 servare,
325 990 438 1037 necne.
475 969 509 1036 Si
531 970 593 1036 hoc
608 971 714 1037 voluit
729 990 896 1055 expresse,
921 972 1020 1037 etiam
1043 970 1078 1036 in
1100 970 1269 1055 proposito
1284 990 1363 1035 casu
1379 969 1485 1036 voluit

157 1057 267 1123 sexies
295 1079 446 1136 servare;
477 1058 505 1124 si
534 1059 625 1144 prins
654 1059 776 1139 noluit,
806 1060 864 1126 sed
893 1060 1010 1126 feriam
1040 1064 1171 1127 sextam
1199 1059 1287 1126 inter
1314 1062 1386 1125 tres
1414 1058 1485 1124 dies

157 1146 378 1214 abstinentiae
399 1148 596 1227 numeravit,
620 1148 720 1215 etiam
743 1148 776 1214 in
799 1147 1011 1216 hebdomadis
1033 1152 1190 1232 quattuor
1212 1152 1396 1231 temporum
1419 1168 1484 1213 non

157 1239 290 1303 tenetur
311 1237 400 1304 ultra
421 1237 482 1302 hos
504 1237 594 1320 ipsos
617 1237 687 1303 dies
709 1237 821 1303 ieiunii
843 1237 926 1304 alios
949 1238 1019 1305 dies
1041 1259 1101 1323 pro
1124 1236 1325 1305 abstinentia
1348 1235 1483 1319 eligere.

158 1324 259 1390 Immo
289 1325 318 1391 si
341 1325 473 1393 dubium
495 1329 608 1392 manet
637 1326 678 1392 de
700 1327 837 1392 Ausonii
860 1327 1058 1409 intentione,
1091 1327 1154 1393 etsi
1177 1331 1295 1410 postea
1316 1325 1485 1409 putaverit

156 1435 193 1479 se
216 1414 258 1480 ad
280 1414 354 1498 plus
370 1416 485 1492 teneri,
509 1418 621 1481 tamen
644 1436 709 1481 non
731 1419 874 1495 tenetur,
898 1416 961 1482 nisi
983 1421 1021 1484 ut
1043 1436 1117 1482 cum
1133 1415 1247 1481 diebus
1263 1414 1484 1481 abstinentiae

158 1503 199 1567 ab
215 1504 365 1570 Ecclesia
387 1504 453 1569 iam
475 1504 689 1588 praescriptis
712 1514 775 1571 tres
792 1507 860 1572 dics
878 1508 1037 1591 compleat.
1073 1505 1196 1571 Verum
1219 1504 1248 1570 si
1271 1506 1336 1571 illia
1359 1503 1483 1581 diebus,

156 1591 190 1656 in
214 1591 331 1674 quibus
353 1591 418 1659 iam
443 1592 574 1660 aliunde
595 1593 751 1677 obligatio
768 1594 909 1672 exsistit,
933 1594 1154 1661 abstinentiae
1174 1594 1282 1676 legem
1297 1593 1482 1672 violaverit,

158 1682 295 1766 duplicis
317 1681 463 1749 malitiae
485 1685 615 1748 reatum
639 1683 814 1750 contrahit.
865 1685 921 1750 lt.
945 1707 987 1750 m.
1011 1683 1037 1761 I,
1062 1685 1138 1750 447.

246 1796 285 1862 R.
310 1799 340 1862 2.
387 1796 499 1862 Simile
522 1797 599 1880 qnid
625 1797 687 1863 dici
718 1798 817 1866 debet
845 1798 886 1864 de
909 1802 987 1864 voto
1010 1797 1195 1865 cotidianae
1217 1797 1349 1863 Missae.
1396 1796 1483 1861 Nam

157 1883 185 1948 si
208 1885 373 1951 Ausonius
403 1886 443 1951 de
472 1886 642 1952 dominicis
664 1886 825 1970 festisque
848 1887 961 1953 diebus
984 1886 1062 1952 nihil
1086 1886 1221 1964 statuit,
1251 1905 1356 1968 neque
1379 1885 1421 1951 de
1444 1906 1482 1950 eo

157 1972 369 2055 cogitaverit:
392 1974 458 2041 illis
472 1975 587 2041 diebus
603 1997 667 2042 non
682 1980 815 2043 tenetur
830 1977 872 2042 ad
889 1976 951 2042 duc
968 1976 1079 2053 Sacra,
1099 1975 1156 2042 sed
1172 1975 1215 2041 ad
1231 1995 1330 2040 unum
1346 1975 1482 2041 Sacrum

158 2063 279 2147 duplici
300 2066 390 2130 titulo
414 2073 442 2130 et
464 2065 586 2150 duplici
608 2065 804 2151 obliputione.
841 2065 1011 2132 Obiective
1034 2065 1136 2148 igitur
1157 2063 1392 2131 satisfaciendo
1416 2062 1482 2145 legi

157 2151 400 2304 egelesiasticae
415 2153 578 2221 satisfecit
601 2154 701 2220 etiam
717 2158 812 2231 voto;
837 2176 914 2221 num
938 2154 1118 2220 subiectivc
1139 2151 1338 2238 peccaverit,
1363 2152 1483 2237 pendet

157 2260 177 2305 a
222 2239 292 2306 eius
315 2243 525 2310 conscientia.

93 2360 146 2416 286
245 2346 284 2412 R.
309 2351 339 2414 3.
386 2348 494 2431 Magis
524 2349 624 2415 etiam
654 2349 685 2414 in
717 2369 756 2414 eo
786 2370 863 2415 casu
894 2352 973 2415 voto
1002 2347 1168 2414 Ausonius
1196 2345 1377 2425 satisfecit,
1409 2367 1480 2411 curn

157 2434 290 2500 Missam
315 2437 445 2504 audiret
468 2437 530 2518 die,
554 2459 651 2522 quem
678 2438 763 2504 falso
786 2442 964 2523 putaverat
987 2458 1060 2503 esse
1078 2438 1200 2504 festum
1215 2434 1426 2518 obligationis
1449 2439 1482 2501 et

157 2544 253 2606 quem
275 2529 392 2608 postea
414 2527 515 2593 talem
539 2549 604 2593 non
627 2547 700 2593 esse
724 2527 888 2610 cognovit.
934 2526 1037 2592 Immo
1061 2526 1095 2591 in
1118 2526 1180 2591 hoc
1203 2545 1292 2603 casu,
1316 2524 1380 2590 etsi
1403 2528 1480 2590 voto

156 2634 192 2678 se
227 2613 475 2693 obstrinxisset,
513 2621 551 2682 ut
585 2616 685 2682 Sacro
720 2617 851 2681 aliunde
886 2636 950 2681 non
985 2615 1179 2698 obligatorio
1213 2614 1391 2680 interesset
1424 2634 1481 2679 seu

156 2702 270 2768 diebus
299 2703 395 2770 iestis
424 2705 475 2770 bis
498 2705 619 2771 Missae
643 2706 829 2783 assisteret,
860 2705 1069 2770 nihilominus
1091 2703 1319 2771 satisfecisset.
1364 2702 1481 2785 Neque

156 2791 308 2858 voluntas
332 2813 503 2877 expressa,
527 2815 592 2876 qua
614 2795 778 2861 Ausonius
808 2815 872 2860 non
904 2815 963 2877 pro
987 2798 1065 2859 voto
1095 2793 1153 2858 sed
1182 2814 1242 2878 pro
1272 2793 1347 2874 lege
1376 2793 1480 2856 eccle·

154 2879 290 2947 siastica
303 2881 468 2966 implenda
483 2884 617 2950 Missam
634 2883 747 2949 audire
771 2906 813 2949 ex
835 2904 946 2950 errore
961 2885 1186 2967 proposuerat,
1209 2881 1243 2947 in
1266 2886 1379 2948 nostro
1403 2902 1480 2947 casn

155 2974 233 3036 voto
256 2970 391 3055 impleto
415 2973 535 3040 obstat.
578 2972 780 3056 Quamquam
804 2972 889 3038 enim
913 2972 1061 3038 formalis
1084 2975 1118 3038 et
1141 2972 1292 3037 absoluta
1315 2970 1479 3047 voluntas,

154 3080 214 3142 per
243 3065 352 3126 actum
383 3062 527 3144 alioquin
556 3062 750 3146 promissum
784 3084 847 3127 non
880 3061 1035 3145 implendi
1066 3061 1299 3143 obligationem
1329 3079 1373 3125 ex
1402 3063 1479 3125 voto

155 3155 278 3227 ortam,
311 3171 349 3216 re
372 3172 451 3216 vera
473 3151 626 3236 impedit,
657 3151 829 3234 quominus
852 3154 966 3216 votnm
989 3149 1094 3233 possit
1116 3149 1230 3216 haberi
1252 3169 1312 3233 pro
1335 3147 1479 3233 impleto,

155 3259 226 3303 cuni
251 3260 370 3305 novam
394 3242 556 3322 quandam
581 3241 812 3323 obligationem
835 3260 961 3305 vovens
983 3240 1053 3323 ipse
1077 3238 1139 3305 sibi
1162 3259 1220 3322 per
1242 3238 1341 3305 istam
1364 3238 1479 3303 volun·

154 3331 258 3393 tatem
280 3327 443 3412 imponat:
466 3328 499 3395 in
516 3334 628 3394 nostro
645 3351 722 3395 casu
737 3329 810 3413 ipsa
825 3329 906 3394 haec
922 3329 1085 3405 voluntas,
1110 3328 1138 3393 si
1160 3328 1208 3394 ita
1231 3327 1320 3410 loqui
1342 3326 1395 3392 ias
1419 3329 1479 3403 est,

155 3420 228 3481 erat
250 3416 489 3496 involuntaria,
521 3422 635 3502 utpote
666 3441 705 3484 ec
735 3441 842 3484 errore
873 3418 1022 3502 profecta
1052 3425 1077 3483 et
1101 3426 1242 3483 carrecta.
1290 3415 1480 3481 Praevaluit

154 3504 256 3586 igitur
279 3508 432 3573 voluntas
455 3507 620 3590 generalis
643 3512 678 3574 et
699 3507 886 3584 habitualis,
911 3527 1008 3590 quam
1032 3507 1131 3571 etiarn
1151 3503 1316 3571 Ausonius
1334 3504 1478 3581 retinuit,

155 3598 192 3660 ut
214 3616 273 3677 per
295 3595 430 3661 Missam
453 3596 628 3680 impleatur
651 3597 822 3679 obligatio,
853 3597 881 3662 si
905 3617 969 3679 qua
992 3595 1094 3672 adsit,
1125 3599 1225 3677 atque
1255 3615 1295 3660 ea
1324 3593 1397 3677 ipsa
1420 3593 1478 3658 inr-

154 3682 420 3840 plyeatur,1qug
439 3686 544 3761 adsit;
577 3685 685 3752 adfuit
714 3690 824 3752 autern
856 3708 892 3751 re
922 3686 993 3769 ipsa
1023 3686 1094 3751 sola
1124 3683 1280 3767 obligatio
1305 3683 1385 3750 voti.
1432 3680 1477 3748 ef.

208 3796 280 3839 .·m.
323 3824 329 3850 ,
422 3827 429 3841 .

465 3995 570 4061 VOTI
593 3993 842 4059 RESERVATI
868 3991 1167 4060 DISPENSATIO.

720 4179 830 4247 Casus.
859 4186 915 4253 (78)

241 4341 384 4411 Felicula,
407 4360 466 4398 non
488 4342 627 4399 obstante
644 4343 714 4397 voto
736 4335 884 4396 castilatis
906 4354 944 4393 ex
964 4341 1088 4411 peccato
1109 4334 1233 4410 gravida
1255 4334 1345 4404 fact-a,
1368 4333 1478 4409 cogitat

153 4421 368 4480 matrimonium
390 4421 465 4479 inire
486 4426 532 4490 et,
561 4419 698 4495 quoniam
720 4416 929 4476 diuturniorem
952 4434 1019 4473 esse
1047 4435 1158 4473 moram
1180 4420 1281 4491 putat,
1309 4415 1334 4473 si
1357 4415 1475 4474 Romam

154 4502 264 4561 recurri
287 4503 403 4572 debeat,
426 4501 488 4559 sine
510 4499 731 4577 dispensatione
753 4518 770 4557 a
791 4503 860 4556 volo
882 4496 1099 4556 matrimonium
1121 4495 1194 4554 iniit.

155 4624 330 4694 Quanmrua
350 4623 429 4700 quali
451 4623 671 4700 dispensatione
692 4622 824 4680 Felicula
845 4621 977 4696 indigeat
1000 4625 1031 4679 et
1052 4638 1070 4677 a
1091 4639 1147 4695 quo
1167 4618 1219 4677 illa
1240 4617 1280 4677 sit
1301 4619 1437 4695 petenda
