3106 5168
347 233 425 305 Spes.
443 263 478 272 —
497 234 615 289 Peccata
633 237 728 289 contra
745 251 831 305 spem.
852 264 886 273 -
906 232 1014 290 Caritas
1032 235 1061 290 in
1079 233 1175 290 Deum.
1383 240 1425 304 99

99 414 194 495 parte
211 410 272 476 Dei
295 410 452 478 mandata
475 430 620 488 servare,
644 411 698 477 vel
722 431 764 477 ex
785 410 847 476 Dei
869 410 1092 477 misericordia
1114 412 1273 479 motivum
1296 434 1427 480 sumens

97 499 409 655 Mllhtlnallgihdi
439 499 492 565 vel
524 499 558 564 in
587 498 627 564 iis
659 499 901 584 perseverandi.
961 501 1017 567 Tb.
1048 524 1089 568 m.
1120 500 1152 579 I,
1184 503 1249 569 310
1279 507 1314 570 et
1343 505 1426 582 3123

189 699 243 762 An
266 716 458 772 coacerruu
482 697 521 762 3¹²¹
549 695 587 763 R.
615 698 644 761 1.
690 694 832 762 Melania
861 699 896 762 in
923 699 1030 782 primo
1059 717 1135 761 casu
1166 701 1301 781 peccato
1331 706 1491 781 prae-196

97 785 296 869 sumptionis
318 784 477 869 peccavit,
503 782 530 849 si
553 783 700 868 praecise
723 805 765 850 ex
786 805 835 864 eo,
860 785 945 868 quod
961 784 1050 850 Deus
1073 784 1154 851 adeo
1178 785 1275 851 facile
1298 786 1428 852 veniam

99 875 276 959 praebeat,
307 874 467 941 rationem
496 873 637 956 sumpsit
665 873 832 957 peccandi.
879 873 914 941 Si
937 895 1015 940 vero
1044 873 1126 939 haec
1155 895 1218 940 non
1243 874 1306 942 luit
1332 875 1428 954 ratio,

97 963 158 1030 sed
182 964 289 1029 solum
313 963 535 1030 concomitans
559 961 730 1045 cogitatio,
756 962 819 1029 etsi
842 962 988 1029 nonnihil
1010 962 1232 1047 impediverit,
1257 964 1429 1046 quominus

99 1051 208 1135 magis
223 1056 359 1119 strenua
375 1055 490 1118 contra
506 1050 722 1118 tentationem
737 1057 911 1135 pugnaret,
935 1050 1123 1119 distinctum
1139 1056 1309 1136 peccatum
1326 1073 1429 1136 grave

100 1140 378 1227 praesumptionis
400 1162 465 1207 non
489 1140 614 1207 aderat.

193 1239 232 1304 It.
258 1242 288 1305 2.
334 1239 371 1304 Iu
396 1241 592 1305 alteroccae
624 1237 720 1304 adest
749 1242 920 1321 peccatum
951 1237 1205 1321 desperationis,
1236 1237 1263 1304 si
1287 1238 1430 1305 Melania

101 1349 138 1395 re
154 1348 236 1394 vera
258 1328 307 1394 ita
322 1327 458 1393 firmiter
481 1326 614 1393 iudicat.
631 1363 674 1371 -
691 1327 847 1393 Attamen
871 1326 1017 1410 practice
1040 1326 1072 1392 id
1096 1348 1160 1392 nou
1179 1327 1277 1394 facile
1299 1348 1430 1395 sumen·

102 1419 180 1484 dum
211 1420 272 1486 est.
318 1416 499 1482 Deiectioni
533 1419 568 1481 et
599 1415 803 1482 tentantibus
834 1415 1087 1498 cogitationibus
1119 1415 1231 1499 utique
1263 1438 1328 1482 non
1360 1416 1431 1483 sine

102 1504 191 1572 omni
216 1506 312 1590 culpa
335 1504 431 1571 nimis
453 1504 604 1572 inhaesit.
650 1505 791 1588 Propter
813 1505 984 1589 scrupulos
1007 1504 1077 1571 sine
1101 1505 1196 1570 dubio
1219 1504 1319 1574 etiam
1342 1507 1431 1574 ultra

103 1595 280 1661 veritatem
297 1594 517 1678 exaggeravit
541 1615 617 1659 suos
639 1614 760 1676 graves
783 1593 904 1678 lapsus.
943 1594 1050 1671 Quare
1066 1594 1128 1660 hac
1143 1593 1176 1660 in
1192 1616 1228 1660 re
1244 1595 1432 1662 dedocendo

103 1690 172 1761 est,
204 1683 278 1748 dein
309 1689 343 1750 et
372 1682 518 1749 infinitae
542 1682 602 1748 Dei
633 1682 878 1759 misericordiae
900 1683 1161 1749 consideratione
1189 1684 1369 1750 recreanda
1398 1688 1433 1750 et

102 1772 202 1839 simul
218 1772 393 1839 excitanda
409 1772 451 1838 ad
467 1771 712 1856 concipiendum
728 1771 871 1838 animum
895 1777 930 1838 et
951 1774 1079 1838 firmam
1096 1774 1299 1838 voluntatem
1318 1779 1432 1840 contra

103 1861 274 1947 quodlibet
297 1882 399 1945 grave
422 1866 602 1946 peccatum.
639 1860 671 1927 si
694 1860 796 1944 igitur
818 1861 903 1926 hanc
918 1863 1122 1927 voluntatem
1146 1883 1210 1927 nou
1229 1861 1358 1928 omnino
1375 1863 1432 1929 ab·

102 1951 192 2039 iecit,
216 1949 280 2018 etsi
303 1950 429 2034 lapsum
454 1950 591 2016 multum
615 1949 772 2025 timuerit,
796 1955 832 2016 at
847 1971 952 2032 neque
973 1950 1176 2017 tendentiam
1191 1949 1224 2016 in
1239 1951 1433 2018 salvandam

103 2041 250 2107 animam
273 2039 402 2106 omnino
426 2039 591 2123 deposuit:
616 2038 759 2104 Melania
782 2060 845 2104 nou
870 2044 922 2105 est
943 2038 1118 2105 iudicanda
1141 2061 1295 2124 peccasse
1318 2041 1433 2124 despe-

104 2129 245 2205 ratione,
269 2128 326 2194 sed
349 2128 565 2194 immoderata
589 2127 778 2193 deiectione.

196 2227 235 2293 R.
260 2229 290 2292 3.
338 2224 451 2294 Simile
473 2224 550 2308 quid
573 2226 613 2291 de
636 2228 726 2291 tertio
750 2247 826 2291 cora
851 2224 914 2290 dici
937 2225 1044 2292 debet.
1092 2225 1144 2290 Ex
1168 2247 1223 2305 eo,
1254 2227 1339 2308 quod
1363 2226 1433 2292 Me-

105 2315 197 2383 lania
215 2315 339 2399 reipsa
362 2338 448 2380 auae
470 2318 572 2381 noluit
595 2335 740 2398 peccare,
767 2314 896 2380 videtur
918 2313 951 2378 in
971 2315 1040 2380 eius
1055 2314 1204 2381 favorem
1227 2315 1433 2382 iudicandum

104 2427 189 2483 esse,
215 2404 284 2470 scil.
310 2404 547 2488 desperationis
570 2425 643 2468 eam
667 2424 756 2470 ream
780 2424 844 2468 non
868 2424 950 2482 esse,
975 2409 1011 2470 at
1034 2425 1106 2470 eam
1129 2403 1337 2470 animandam
1361 2424 1433 2470 esse

104 2496 148 2561 ad
172 2492 329 2559 maiorem
353 2492 503 2558 fiduciam
528 2497 562 2559 et
588 2492 794 2575 frequentem
817 2492 859 2558 ad
883 2492 1121 2558 confessionem
1144 2514 1327 2572 recursum,
1359 2493 1434 2559 dein

105 2583 413 2651 absolvendam-
436 2581 654 2647 Nihilominus
678 2581 705 2646 si
730 2602 793 2646 non
810 2582 914 2646 solum
939 2602 1093 2665 magnum
1116 2582 1266 2649 timorem
1285 2583 1434 2667 relapsus

104 2674 260 2749 haberet,
292 2672 348 2737 sed
379 2671 479 2738 etiam
508 2676 583 2755 post
616 2691 743 2735 omnem
768 2670 1029 2736 exhortationem
1053 2675 1202 2737 maneret
1226 2677 1295 2738 tam
1320 2671 1460 2737 debilis·

105 2761 305 2837 voluntatis,
336 2763 374 2826 ut
403 2781 444 2825 ne
468 2759 652 2826 absolutum
678 2759 806 2841 quidem
830 2759 1032 2844 propositum
1057 2782 1129 2825 cum
1153 2760 1214 2827 Dei
1237 2761 1348 2843 gratia
1371 2782 1435 2828 non

104 2850 264 2937 peccandi
288 2850 511 2934 inposterum
535 2848 730 2933 conciperet,
754 2848 969 2915 absolutionis
992 2870 1098 2933 capax
1122 2871 1185 2915 non
1210 2853 1308 2916 esset.

565 3038 750 3106 CARITAS
773 3040 822 3105 IN
845 3041 983 3108 DMUM.

674 3156 787 3249 Casus.
813 3188 872 3257 (55)

199 3305 365 3375 Philcthea‚
387 3305 422 3363 de
444 3322 544 3362 amore
565 3322 636 3378 erga
658 3304 752 3363 Deum
774 3303 875 3375 anxia,
898 3323 930 3363 ee
952 3308 1089 3363 accusat:
1114 3305 1143 3376 1)
1165 3305 1241 3380 quod
1263 3305 1357 3364 Deum
1378 3325 1437 3365 non

106 3405 199 3464 super
220 3385 318 3445 omnia
339 3389 434 3455 amet,
463 3384 571 3444 fortius
592 3384 670 3442 enim
692 3403 724 3443 se
748 3385 859 3461 prolem
882 3404 965 3443 suem
987 3404 1103 3454 amare;
1132 3385 1163 3457 2)
1192 3385 1259 3444 dein
1287 3405 1377 3463 saepe
1405 3405 1437 3446 se

107 3468 232 3537 dixisse,
252 3465 339 3543 idque
360 3484 462 3523 verum
483 3484 565 3523 esse:
587 3464 645 3522 nisi
666 3464 799 3523 infernus
821 3465 989 3537 exsisteret,
1012 3464 1165 3524 innumera
1186 3465 1324 3525 fecissem
1345 3471 1375 3525 et
1396 3466 1437 3524 fa·

107 3567 207 3606 cerem
222 3550 361 3624 peccata3
384 3546 414 3618 3)
436 3545 511 3620 quod
526 3544 692 3621 perplures
707 3563 802 3604 annos
817 3549 914 3604 actum
930 3545 1039 3605 amoris
1054 3564 1126 3619 erga
1140 3545 1234 3605 Deum
1250 3565 1308 3606 nou
1323 3546 1438 3619 fecerit,

106 3648 141 3688 se
163 3627 242 3686 enim
269 3625 453 3685 mendacium
481 3644 573 3700 grave
600 3625 703 3683 timere
727 3644 764 3683 ex
792 3625 967 3685 recitatione
990 3625 1145 3697 formulae,
1176 3625 1207 3685 iu
1228 3646 1285 3702 qua
1307 3626 1437 3687 dicatur:

113 3713 214 3779 ,senice
241 3712 398 3783 propterea
424 3710 455 3764 te
483 3705 691 3781 superomnia
716 3705 815 3779 diligo,
844 3704 912 3782 quia
942 3705 972 3764 in
1000 3711 1030 3764 te
1058 3724 1170 3765 summe
1198 3707 1348 3783 perfectus
1376 3710 1438 3780 es‘,

108 3795 201 3865 atque
228 3791 260 3859 4)
287 3787 377 3846 etiam
405 3805 437 3844 se
465 3791 623 3862 propterea
651 3805 709 3844 non
738 3804 827 3860 posse
856 3791 954 3844 actum
976 3785 1111 3845 caritatis
1136 3791 1166 3846 et
1187 3785 1374 3847 contritidnis
1395 3808 1439 3847 re·

107 3870 220 3938 citare,
245 3867 313 3942 quia
333 3885 366 3925 re
386 3884 459 3924 vera
479 3884 539 3924 non
560 3865 658 3924 omnia
679 3870 805 3941 peccata
826 3886 862 3924 ex
885 3885 985 3926 amore
1006 3866 1062 3925 Dei
1083 3866 1263 3927 detestetur:
1292 3867 1439 3944 aliquibus

108 3948 279 4009 venialibus
299 3945 431 4023 peccatis
453 3966 485 4004 se
507 3966 564 4004 non
586 3965 675 4022 posse
696 3945 872 4005 valedicere.

109 4045 290 4116 Quaumrua
312 4044 341 4102 1⁰
366 4043 434 4119 quid
456 4042 496 4101 sit
517 4043 627 4101 caritas
649 4063 702 4102 seu
724 4043 856 4102 amorio
878 4043 981 4104 Deum.

311 4135 341 4191 2ο
367 4151 442 4208 quae
463 4131 503 4191 sit
524 4132 666 4207 obligatio
688 4136 773 4191 actus
795 4131 940 4192 caritatis.

311 4222 342 4281 ³⁰
367 4221 436 4297 quid
458 4221 493 4279 de
514 4220 669 4280 timoribus
690 4220 864 4280 Philctheae
886 4221 1048 4281 dicendum.

710 4377 848 4446 Salutio.

202 4499 533 4577 Anotraasrruul1¹¹
560 4498 598 4565 R.
623 4503 650 4565 l.
698 4499 852 4564 Amorem
882 4498 943 4563 Dei
973 4496 1178 4578 distinguunt
1207 4495 1351 4577 theologi
1382 4495 1503 4565 duret

111 4591 248 4677 plicam:
276 4610 421 4655 amorem
445 4591 728 4674 concupiscentiae,
754 4587 807 4670 qui
832 4589 935 4653 Deum
960 4592 1050 4652 amat
1073 4591 1110 4652 ut
1133 4587 1251 4650 bonum
1275 4589 1440 4661 nostrum3

1192 4689 1226 4742 7*

639 4951 913 5061 ¹³:575]21.
