3106 5168
149 1082 213 1166 Ill}
238 1080 542 1168 VIR'PU'PIBUS
569 1081 634 1168 ΕΤ
661 1079 870 1168 bunone
896 1079 1031 1168 ERGA
1056 1079 1289 1168 HOMINES.

232 1309 457 1395 OFFICIA
487 1308 721 1394 HOMINIS
750 1310 907 1395 ERGA
931 1310 995 1394 SE
1025 1310 1208 1396 IPSUM.

123 1528 342 1595 PROPRIAE
366 1529 501 1595 VITAE
529 1528 835 1596 CONSERVATIO
858 1529 946 1595 VEL
973 1528 1233 1596 NEGLECTUS
1260 1528 1312 1612 (Ι).

620 1679 731 1746 Casus.
759 1687 817 1756 (99)

146 1811 303 1871 Mauritius
327 1811 493 1889 periculoso
520 1817 634 1871 tumore
659 1813 799 1871 laborans
821 1811 1006 1886 chirurgicos
1035 1811 1200 1888 operationi
1227 1810 1380 1881 subicitur,

54 1892 85 1950 in
101 1911 168 1967 qna,
191 1911 256 1950 curn
272 1912 377 1952 manus
391 1892 496 1951 modici
511 1892 606 1962 fallat,
628 1892 655 1951 oi
669 1892 777 1951 vulnus
798 1892 942 1967 infligitur
955 1897 1023 1969 post
1037 1892 1152 1968 aliquas
1172 1892 1262 1951 horas
1282 1892 1381 1963 letale,

55 1972 113 2031 nisi
134 1972 208 2042 hoc,
230 1978 262 2030 at
282 1979 351 2049 post
371 1972 461 2032 horas
482 1991 547 2030 cum
568 1991 645 2032 novo
666 1972 782 2044 dolore,
804 1979 940 2042 curetur;
972 1972 1141 2049 ceteroquin
1162 1971 1226 2031 aius
1248 1971 1381 2031 condicio

55 2053 126 2111 talis
148 2057 203 2122 est,
227 2059 269 2123 ut,
291 2051 349 2111 nisi
370 2052 453 2112 brevi
473 2052 624 2125 moriatur,
647 2053 769 2111 nonita
789 2053 881 2112 multo
902 2056 970 2129 post
991 2054 1047 2112 sub
1063 2052 1179 2128 magnis
1201 2052 1381 2112 cruciatibus

54 2133 148 2191 vitam
169 2132 253 2192 finire
275 2132 389 2192 debeat.

56 2229 234 2300 Quanarroa
254 2250 323 2288 num
344 2230 449 2306 possit,
470 2230 606 2305 neglecto
626 2228 677 2289 illo
697 2229 830 2301 vulnere,
851 2247 930 2287 nunc
950 2234 1073 2289 mortem
1096 2229 1213 2305 eligere.

651 2395 786 2463 Salutio.

145 2529 199 2593 An
222 2548 413 2604 ousnsrrnu
443 2527 481 2596 R.
505 2532 531 2593 1.
578 2528 729 2593 Practice
758 2529 791 2594 in
821 2528 881 2594 tali
905 2529 1095 2612 operatione
1118 2533 1274 2611 aegrotus
1297 2529 1443 2601 soletaoa

56 2617 204 2683 sensibus
221 2617 364 2695 destitui,
390 2620 427 2682 ut
449 2617 595 2682 securius
617 2617 730 2682 incisio
754 2619 823 2682 fieri
847 2620 960 2702 possit,
985 2639 1024 2683 ac
1043 2622 1217 2703 propterea
1233 2617 1382 2700 quaestio

55 2706 244 2791 principalis
268 2711 332 2784 est,
358 2705 434 2788 quid
458 2706 562 2790 possit
585 2706 745 2772 debeatve
768 2707 878 2773 facere
901 2707 1061 2783 medicus,
1093 2707 1121 2773 si
1144 2727 1223 2773 casu
1246 2706 1380 2785 erravit,

56 2818 128 2861 cum
152 2796 280 2878 aegroti
296 2797 450 2861 voluntas
475 2795 592 2877 inquiri
616 2795 749 2877 eiusque
773 2817 950 2862 consensus
974 2795 1159 2880 exspectari
1183 2817 1247 2861 non
1266 2795 1381 2880 possit.

55 2886 178 2951 Censeo
201 2885 303 2967 igitur
326 2885 485 2950 medicum
509 2883 639 2949 omnino
663 2885 781 2950 debere
805 2905 902 2966 quarn
926 2885 1064 2969 primurn
1090 2886 1124 2950 id
1148 2886 1233 2968 quod
1257 2885 1382 2951 erravit

56 2975 220 3057 corrigere
244 2978 277 3041 et
300 2995 471 3058 reparare,
496 2977 595 3056 atque
619 2978 791 3056 aegrotum
814 2976 847 3039 in
869 2974 928 3040 tali
953 2979 1059 3053 statu,
1085 2978 1242 3057 quantum
1265 2973 1379 3058 possit,

55 3064 264 3141 const'tuere,
289 3084 328 3129 ac
351 3062 379 3127 si
402 3084 467 3127 non
483 3063 653 3130 erraverit.
689 3064 764 3128 Non
781 3063 866 3128 enim
883 3064 1042 3145 obligavit
1060 3084 1096 3128 se
1115 3063 1156 3128 ad
1175 3063 1381 3128 committen-

55 3154 131 3217 dum
156 3173 310 3229 errorem,
334 3153 392 3217 sed
416 3174 433 3217 e
457 3153 620 3218 contrario
645 3172 717 3217 sese
741 3151 900 3235 obligavit
923 3153 964 3217 ad
987 3151 1171 3218 faciendam
1191 3150 1380 3216 incisionem

54 3242 232 3306 secundum
257 3246 361 3307 artem
385 3241 554 3307 medicam.
601 3240 693 3317 Quod
716 3241 937 3325 praestiterit,
969 3246 1004 3308 et
1033 3245 1102 3307 turn
1131 3244 1260 3306 tanturn
1284 3260 1381 3324 prae·

54 3331 189 3409 stiterit,
214 3331 241 3394 si
257 3331 375 3395 vulnus
391 3351 433 3395 ex
449 3350 560 3395 errore
575 3330 734 3394 inflictum
751 3330 916 3395 curaverit
932 3330 985 3395 vel
1007 3329 1175 3395 innoxium
1191 3328 1379 3395 reddiderit.

145 3420 385 3485 Confirmantur
399 3420 480 3484 haec
497 3419 596 3486 etiarn
612 3418 728 3502 magis,
749 3419 787 3497 si,
804 3440 888 3501 quae
903 3419 967 3503 ipsi
982 3423 1119 3502 aegroto
1135 3418 1381 3502 licerent-quae

54 3530 120 3574 non
142 3508 289 3587 licerent,
313 3509 583 3590 inquisiverimus.

145 3616 183 3682 R.
209 3618 239 3680 2.
286 3616 408 3680 Malum
438 3635 516 3679 casu
546 3618 714 3692 exortum,
746 3615 832 3696 quod
863 3614 916 3680 hic
948 3619 983 3680 et
1014 3635 1099 3680 nunc
1132 3613 1209 3679 mihi
1242 3618 1380 3680 mortem
1391 3629 1443 3683 369

55 3705 222 3771 illaturum
247 3710 314 3780 est,
338 3725 403 3768 non
426 3704 601 3786 repellere,
633 3707 684 3768 est
707 3703 821 3769 mediis
844 3704 886 3769 ad
909 3703 1166 3770 conservandam
1189 3703 1293 3770 vitam
1316 3724 1381 3768 non

56 3793 121 3860 uti:
153 3793 355 3876 quodlicet,
387 3794 413 3857 si
444 3793 558 3857 mediis
582 3793 851 3859 extraordinariis
875 3814 955 3876 opus
979 3798 1046 3871 est;
1077 3793 1259 3870 nonlicet,
1291 3792 1318 3857 si
1341 3792 1381 3858 de

55 3883 228 3948 ordinariis
252 3882 366 3947 mediis
390 3882 509 3963 agitur.
549 3882 669 3946 Verum
694 3882 813 3946 vulnus
843 3882 1002 3948 inflictum
1032 3903 1148 3948 curare
1178 3883 1279 3949 etiam
1308 3902 1382 3947 cum

55 3972 164 4054 aliquo
188 3971 300 4036 dolore
329 3971 470 4036 medium
499 3975 550 4036 est
580 3970 795 4048 ordinarium3
827 3971 854 4036 si
885 3971 1137 4037 extraordinarii
1168 3976 1202 4037 et
1230 3971 1382 4053 ingentes

56 4062 185 4127 dolores
201 4060 386 4144 perferendi
402 4063 522 4137 essent,
546 4080 611 4124 non
628 4081 782 4142 negarem
807 4081 904 4144 posse
926 4061 959 4125 id
982 4060 1252 4126 extraordinariis
1267 4059 1382 4125 mediis

55 4149 272 4234 aequiparari.
296 4189 339 4197 —
373 4149 461 4226 Quod
487 4152 598 4216 autem
621 4155 737 4232 postea
760 4149 932 4215 Mauritius
955 4171 1092 4233 magnos
1116 4149 1280 4216 cruciatus
1307 4169 1382 4231 pas-

56 4261 152 4305 surus
182 4260 255 4304 esse
285 4239 504 4322 praevidetur,
536 4259 600 4303 non
630 4241 681 4303 est
704 4239 806 4316 ratio,
836 4260 893 4303 cur
916 4237 968 4303 hic
992 4244 1026 4305 et
1049 4260 1134 4305 nuno
1156 4239 1255 4304 liceat
1278 4236 1380 4302 vitam

55 4328 158 4397 finire.
205 4329 312 4393 Debet
335 4327 421 4392 enirn
445 4326 586 4392 divinam
610 4326 752 4408 gratiam
775 4327 966 4411 implorare,
999 4332 1036 4394 ut
1065 4328 1230 4411 patienter
1253 4325 1382 4390 dolores

56 4420 159 4496 lerat;
176 4418 223 4483 sie
240 4416 326 4482 enirn
342 4416 469 4482 occasio
486 4416 596 4498 magni
613 4421 709 4481 eruut
724 4417 849 4492 meriti;
867 4420 1012 4481 ceterum
1026 4417 1096 4482 vita
1112 4416 1223 4482 futura
1235 4413 1382 4480 Mauritii

56 4528 185 4591 semper
208 4515 260 4573 est
283 4506 315 4570 in
340 4527 437 4571 manu
454 4505 524 4582 Dei,
549 4509 584 4570 et
607 4505 679 4587 quis
701 4506 765 4571 scit
788 4526 864 4569 num
888 4526 959 4569 eum
978 4505 1152 4570 terminum
1168 4503 1323 4586 attingat,
1347 4503 1381 4567 in

57 4617 119 4679 quo
143 4618 185 4662 ex
208 4594 325 4661 iudicio
350 4595 466 4659 medici
490 4616 626 4677 magnos
650 4593 813 4659 cruciatus
836 4593 1024 4658 incursurus
1047 4593 1099 4659 sit.
