3106 5168
173 299 237 362 338
311 293 518 349 De'riitutibus
536 296 565 349 et
582 293 680 349 officiis
697 311 764 363 erga
782 293 913 349 homiues.
931 323 967 333 -
985 294 1037 349 Off.
1056 294 1129 349 circa
1146 293 1217 349 bona
1235 297 1357 349 externa

172 491 299 537 summa
327 471 486 555 pecuniae
515 471 576 536 sibi
607 470 714 536 danda
745 470 806 536 iuri
831 470 1007 537 accusandi
1037 471 1242 538 renuntiare:
1276 471 1362 554 quod
1394 491 1434 536 eo
1456 469 1496 535 li·

173 560 302 626 bentius
331 560 495 626 leocrates
517 559 649 625 videtur
680 560 899 643 praestiturus
931 579 1020 638 esse,
1055 559 1131 642 quia
1163 559 1254 626 lacta
1286 559 1496 625 accusatione

173 654 263 715 certe
286 649 439 715 damnum
463 648 560 732 longe
583 647 688 714 maius
711 648 842 714 subibit.

323 856 641 923 DAMNIFICATIO
665 856 741 922 REI
764 856 882 935 QUAE
911 857 1120 924 PUTATUR
1142 858 1343 924 PROPRIA.

727 994 838 1060 Casus.
865 1001 941 1070 (204)

260 1127 392 1186 Licinius
421 1147 524 1187 canem
553 1147 637 1186 suum
665 1127 813 1186 amiserat.
854 1125 959 1192 (lanis,
988 1132 1055 1204 post
1084 1127 1197 1204 aliquot
1223 1128 1422 1187 hebdomadas
1451 1149 1498 1187 ac·

172 1226 313 1279 currens,
344 1227 409 1267 cum
436 1208 512 1267 idem
542 1227 608 1266 esse
636 1207 788 1277 videatur,
820 1225 838 1263 a
866 1206 977 1266 Licinio
1007 1207 1084 1266 irato
1115 1207 1255 1285 arripitur
1283 1213 1313 1266 et
1342 1209 1498 1268 occiditur.

174 1286 311 1347 Occisum
333 1307 436 1347 canem
457 1308 523 1347 cum
545 1287 713 1346 accuratius
733 1285 883 1362 inspiciat,
906 1287 987 1345 videt
1007 1307 1039 1346 se
1060 1307 1192 1358 errasse;
1215 1307 1281 1346 osse
1300 1306 1406 1346 canem
1427 1288 1498 1347 alie·

173 1386 250 1439 num,
273 1368 356 1426 cuiue
377 1368 502 1445 pretium
524 1367 658 1427 dominus
680 1387 749 1425 mox
771 1367 982 1443 superveniens
1004 1368 1109 1426 saltem
1130 1373 1248 1426 centum
1269 1387 1386 1426 marcae
1409 1368 1497 1428 aesti-

173 1454 249 1507 mat:
271 1448 349 1524 quod
369 1448 425 1507 sibi
445 1468 465 1507 a
484 1447 599 1506 Licinio
620 1449 754 1524 postulat
774 1446 953 1506 solvendum.

173 1551 350 1622 Quannrrun
371 1554 401 1611 1⁰
425 1572 500 1691 puppe
525 1552 697 1645 'requiratur
725 1551 804 1611 actio
832 1571 947 1627 exque
975 1552 1085 1629 imponi
1114 1552 1221 1611 debeat
1247 1552 1390 1628 obligatio
1414 1554 1497 1614 resti·

439 1653 458 1691 u
484 1652 557 1692 oms.

371 1722 402 1780 2⁰
427 1722 495 1797 quid
516 1722 553 1780 ad
575 1740 676 1780 casum
697 1720 738 1779 sit
758 1721 921 1780 dicendum.

767 1880 902 1947 Solutio.

113 2033 164 2086 667
263 2013 316 2078 ao
339 2034 529 2089 uuaasrruu
556 2017 593 2078 lm
616 2013 654 2079 R.
682 2017 710 2078 1.
742 2014 790 2080 Ut
805 2014 892 2080 actio
909 2014 1121 2080 damnificans
1136 2015 1370 2098 obligationem
1387 2038 1497 2083 secum

174 2101 261 2168 ierat
282 2102 505 2169 indemnitatis
529 2103 756 2187 praestandae,
781 2124 840 2186 por
862 2124 908 2181 se,
940 2104 1161 2170 abstractione
1184 2104 1275 2171 facta
1297 2127 1318 2171 a
1342 2106 1416 2188 lege
1440 2126 1498 2190 po-

175 2192 291 2270 sitiva,
325 2192 517 2274 requiritur,
553 2192 586 2273 1)
611 2196 647 2257 ut
671 2191 757 2257 actio
780 2193 825 2257 eit
847 2192 942 2276 plene
966 2193 1153 2259 voluntaria
1184 2197 1219 2259 et
1241 2195 1412 2279 culpabitis
1418 2245 1428 2278 ,
1461 2200 1498 2260 ut

175 2281 210 2364 2)
234 2281 319 2347 actio
342 2280 474 2348 sitnon
498 2285 672 2362 utcumque
694 2280 820 2357 illicita,
844 2281 900 2345 sed
923 2281 1037 2347 illicita
1061 2282 1137 2365 quia
1159 2286 1273 2348 contra
1288 2283 1340 2348 ius
1355 2284 1496 2349 alienum

174 2370 324 2436 strictum
348 2369 420 2451 (seu
444 2374 558 2436 contra
581 2369 739 2436 iustitiam
764 2369 1055 2449 commutativam),
1089 2374 1126 2437 ut
1148 2372 1183 2453 3)
1207 2371 1294 2437 actio
1317 2372 1363 2438 sit
1386 2373 1497 2439 effica-

175 2458 256 2523 citer
279 2459 507 2536 damnificans,
538 2479 602 2523 non
626 2461 745 2524 affectu
768 2462 915 2536 tantum,
947 2463 984 2523 ut
1007 2460 1041 2540 4)
1065 2460 1152 2524 actio
1176 2460 1221 2526 sit
1252 2461 1363 2527 damni
1388 2483 1497 2541 causa,

174 2568 238 2612 non
262 2548 390 2612 occasio
413 2552 552 2613 tantum.

263 2645 301 2710 R.
328 2647 357 2711 2.
404 2642 622 2709 Nihilominus
645 2644 700 2709 lex
732 2643 874 2728 positiva
904 2643 988 2710 hanc
1019 2645 1252 2727 obligationem
1274 2648 1496 2729 praestandae

174 2733 398 2799 indemnitatis
421 2754 537 2798 acuere
561 2737 687 2816 potest,
723 2738 758 2799 ut
789 2754 853 2797 non
887 2733 990 2799 solum
1023 2755 1095 2799 eam
1128 2735 1276 2818 imponat
1306 2735 1408 2801 etiam
1439 2759 1498 2821 pro

176 2823 276 2889 certis
300 2822 445 2900 casibus,
476 2822 648 2904 inquibus
673 2822 862 2905 perseius
887 2822 1036 2888 strictum
1070 2824 1193 2888 laesum
1216 2844 1280 2888 non
1305 2825 1415 2904 fuerit,
1440 2827 1496 2890 sed

175 2911 275 2978 etiam
298 2916 433 2995 propter
456 2911 583 2994 culpam
616 2933 679 2976 non
712 2910 947 2993 theologicam,
981 2912 1050 2979 scil.
1081 2916 1215 2995 propter
1238 2912 1392 2979 omissam
1426 2914 1497 2980 dili-

175 3001 320 3082 gentiam
343 3000 417 3082 legc
440 3000 692 3083 praescriptam,
717 3000 787 3064 sive
810 3021 852 3064 ex
876 3000 972 3082 culpa
1004 3001 1157 3066 omissam
1188 3001 1258 3066 sive
1288 3001 1358 3068 sine
1391 3005 1497 3088 culpa.

175 3093 264 3167 Quae
287 3089 417 3154 omissio
441 3089 663 3173 praescriptae
693 3088 882 3170 diligentiae
905 3095 1044 3155 vocatur
1073 3090 1169 3173 culpa
1201 3089 1354 3168 iuridica3
1383 3093 1497 3174 quodsi

176 3180 256 3245 haec
289 3179 419 3244 omissio
451 3179 542 3243 facta
573 3179 673 3244 fuerit
704 3179 774 3242 sine
807 3179 904 3261 culpa
935 3179 1120 3260 theologica
1144 3200 1201 3243 seu
1235 3200 1346 3245 coram
1370 3182 1499 3248 Decet

176 3267 308 3352 propria
330 3267 529 3333 conscientia
553 3271 732 3343 contracta,
757 3267 876 3331 dicitur
899 3270 991 3352 culpa
1014 3291 1098 3333 inere
1121 3270 1273 3334 iuridico.

264 3366 303 3432 R.
328 3370 358 3434 3.
391 3366 444 3429 Ex
467 3365 563 3449 culpa
585 3388 668 3429 mero
691 3364 827 3429 iuridica
851 3364 1007 3446 obligatio
1031 3366 1249 3448 praestandae
1272 3365 1499 3433 indemnitatis

177 3462 245 3520 tum
270 3455 397 3519 demum
421 3455 532 3530 adest,
566 3453 694 3535 quando
726 3474 780 3517 res
803 3453 844 3518 ad
867 3452 1006 3518 iudicem
1036 3456 1105 3519 lata
1129 3459 1229 3536 atque
1259 3456 1300 3519 ab
1325 3475 1362 3520 eo
1388 3455 1499 3522 decisa

177 3544 289 3608 fuerit:
321 3548 422 3608 antea
445 3564 509 3607 non
533 3547 583 3607 est
606 3542 762 3623 obligatio
786 3542 819 3606 in
843 3543 1057 3619 conscientia,
1091 3544 1119 3607 si
1143 3544 1273 3625 quidem
1296 3544 1389 3625 leges
1413 3546 1497 3611 eius·

177 3632 262 3696 modi
295 3634 441 3696 severius
471 3631 617 3711 intellegi
651 3652 714 3694 non
747 3637 816 3695 tam
850 3631 932 3695 bono
963 3633 1123 3696 communi
1161 3633 1241 3697 utile
1277 3639 1366 3699 esset
1399 3656 1496 3717 quam

176 3721 285 3804 potius
308 3721 476 3797 nocivum3
510 3720 803 3803 multiplicarentur
826 3719 912 3783 euim
941 3726 1078 3804 peccata
1101 3726 1200 3802 atque
1230 3721 1342 3787 durius
1374 3723 1496 3805 aliquid

177 3809 358 3874 hominibus
387 3809 623 3961 imponerptum
658 3829 754 3889 quam
782 3809 866 3890 quod
898 3809 1000 3876 ferret
1030 3811 1207 3874 communis
1231 3811 1397 3876 hominum
1421 3835 1497 3878 con-

178 3898 270 3963 dicio,
317 3899 364 3963 cf.
393 3899 449 3962 Th.
474 3921 514 3963 m.
557 3900 664 3974 ,aba

117 4028 168 4081 668
265 4014 318 4076 An
342 4032 532 4088 oonasmun
557 4015 594 4074 2¹⁰
620 4012 658 4076 R.
687 4014 714 4077 1.
762 4012 794 4075 Si
819 4013 954 4089 Licinio,
979 4018 1154 4095 antequam
1179 4035 1291 4079 canem
1323 4015 1496 4092 occideret,

177 4124 218 4167 ne
241 4102 326 4166 serio
350 4102 479 4182 quidem
503 4101 658 4183 cogitatio
683 4102 735 4163 vel
761 4101 919 4165 dubitatio
944 4102 983 4165 de
1007 4123 1117 4167 errore
1140 4105 1226 4167 forto
1250 4110 1442 4171 occurrente
1465 4106 1495 4170 iu

177 4199 319 4257 mentem
344 4191 481 4266 venerit,
506 4189 685 4254 subiective
709 4210 772 4252 non
797 4190 865 4271 egit
881 4191 1010 4268 iniuste,
1036 4214 1106 4255 cum
1130 4193 1170 4257 de
1193 4213 1229 4256 re
1246 4196 1415 4274 tamquam
1439 4215 1497 4258 sua

178 4283 381 4364 disponeret3
415 4279 560 4359 adeoque
592 4300 656 4342 non
690 4280 730 4343 ad
763 4280 980 4362 reparandum
1013 4281 1140 4344 domino
1178 4281 1332 4346 damnum
1365 4284 1424 4348 sed
1456 4285 1494 4347 ad

178 4371 372 4435 tradendum
397 4369 425 4432 ei
451 4389 563 4431 canem
589 4368 728 4431 occisum
754 4370 947 4449 obligandus
972 4373 1030 4434 est.

266 4468 304 4534 R.
330 4470 360 4531 2.
408 4465 441 4530 Si
465 4486 543 4528 vero
567 4465 652 4529 serio
669 4465 830 4541 dubitans,
856 4488 931 4530 num
955 4488 990 4531 re
1007 4488 1086 4530 vera
1102 4467 1145 4531 sit
1162 4467 1251 4531 oanis
1268 4490 1356 4546 suus,
1382 4471 1494 4552 egerit,

178 4579 257 4621 sane
281 4557 348 4637 egit
372 4555 554 4630 temerarie,
580 4555 774 4637 praevidens
798 4556 829 4618 in
847 4557 980 4619 confuso
997 4556 1164 4638 probabile
1181 4556 1352 4623 damnum:
1377 4561 1410 4624 in
1435 4580 1495 4641 quo

178 4668 255 4711 casu
280 4646 320 4710 ad
344 4644 560 4727 reparandum
584 4644 737 4707 damnum
762 4649 901 4709 tenetur.
