3106 5168
275 281 388 336 Alienae
406 281 446 335 rei
464 281 604 351 occupatio
623 282 694 335 sitne
712 298 765 334 non
784 281 885 334 iniusta
903 309 939 319 -
957 283 988 335 ot
1006 282 1190 336 monetam.
1329 287 1392 351 321

161 457 295 527 Plautus,
317 477 384 517 cum
404 477 498 535 nuper
511 462 633 534 propter
647 456 778 516 oriminis
799 456 997 533 suspicionem
1012 463 1203 533 quaereretur
1223 459 1260 517 ad
1277 460 1396 536 eapien-

70 538 155 607 dum,
177 557 237 597 non
257 538 361 614 procul
382 538 527 614 conspicit
546 557 651 613 equum
671 537 703 596 in
723 542 819 612 prato,
841 556 926 612 quem
948 538 1121 596 conscendit
1142 545 1172 597 et
1192 539 1318 599 feliciter
1338 546 1396 599 ter·

70 618 167 677 minos
188 618 330 677 territorii
359 619 481 693 attingit
507 623 783 694 persecutoremque
803 616 913 676 evadit.
953 617 1053 692 Equus
1081 624 1196 690 autem,
1224 620 1395 696 ceteroquin

70 717 158 757 rarae
179 697 306 775 speciei,
334 699 383 774 qui
409 717 498 774 snpra
519 697 599 757 vires
621 702 742 757 coactus
763 703 829 757 erat
849 697 886 756 ad
908 697 1098 768 currendum,
1126 718 1195 757 mox
1217 701 1345 759 concidit
1365 706 1396 760 et

70 780 203 837 moritur.

71 876 250 946 Qunnnmun
272 877 301 934 1ο
326 894 401 951 quae
421 875 462 935 eit
482 873 662 945 necessitas,
690 893 765 951 quae
793 875 975 934 auferentem
1003 894 1051 934 res
1073 875 1186 934 alienas
1207 896 1225 935 a
1246 878 1325 936 furto
1347 895 1396 935 ex·

327 960 419 1014 cuaet.

271 1046 302 1102 2⁰
327 1043 396 1118 quid
417 1043 454 1101 ed
475 1063 563 1102 casus
584 1042 751 1120 propositos
773 1043 934 1103 dicendum.

666 1226 803 1293 Solutio.

162 1358 216 1424 An
239 1379 430 1435 ounnsrruu
452 1364 488 1424 1¹¹²
511 1360 549 1425 R.
571 1364 598 1425 1.
638 1360 829 1425 Necessitas
852 1359 917 1424 alia
940 1363 991 1425 est
1014 1364 1174 1435 extrema,
1198 1359 1265 1425 alia
1287 1360 1397 1442 quasi·
1407 1379 1460 1434 633

72 1453 224 1514 extrema
247 1469 305 1513 seu
330 1448 427 1513 valde
450 1450 576 1530 gravis,
608 1449 673 1514 alia
696 1448 887 1532 simpliciter
909 1448 1035 1530 gravis,
1065 1447 1131 1512 alia
1155 1448 1321 1514 ordinaria
1344 1450 1397 1515 vel

73 1539 175 1603 etiam
198 1537 290 1604 levis.
330 1538 484 1602 Extremo
499 1538 602 1614 adest,
628 1539 757 1619 quando
780 1538 854 1620 ipsa
867 1537 939 1603 vita
961 1537 1168 1621 periclitatur
1190 1538 1260 1603 sive
1283 1539 1397 1605 stetim

73 1628 144 1692 sive
168 1632 243 1710 post
265 1632 396 1710 tempus
418 1648 483 1691 non
506 1626 554 1692 ita
576 1627 726 1708 longum;
754 1631 1011 1713 quasi-extremo,
1035 1647 1118 1708 quae
1142 1627 1196 1691 vel
1218 1627 1398 1710 periculum

73 1716 236 1780 incidendi
264 1716 299 1780 in
328 1716 557 1781 necessitatem
581 1720 762 1781 extremam
792 1736 904 1780 secum
930 1714 1011 1792 fert,
1044 1716 1096 1780 vel
1124 1738 1221 1800 prove
1244 1716 1398 1783 damnum

69 1813 259 1889 perpetuum
274 1805 345 1869 sive
362 1806 551 1869 diuturnum
566 1805 704 1876 inferat;
726 1807 835 1890 procis
851 1806 1043 1889 simpliciter,
1060 1826 1144 1886 quae
1159 1805 1399 1872 incommodum

74 1894 203 1976 quidem
219 1915 323 1975 grave
347 1893 403 1957 sed
427 1893 651 1959 transitorium
669 1915 732 1959 non
748 1899 952 1978 perpetuum,
977 1894 1029 1958 vel
1049 1894 1285 1960 incommodum
1302 1895 1400 1961 nimis

74 1983 262 2048 diuturnum
279 1983 389 2054 affert:
414 1983 597 2065 ordinario,
622 2003 705 2064 quae
729 2004 802 2048 cum
819 1983 983 2048 ordinaria
1004 1988 1200 2068 paupertate
1222 2005 1287 2048 non
1303 1984 1398 2050 nimis

74 2072 195 2136 misera
218 2072 391 2136 coniuncta
414 2071 473 2148 sit,
497 2075 582 2154 levis,
606 2072 633 2136 si
657 2072 894 2138 incommodum
918 2093 960 2138 ne
983 2077 1111 2138 tantum
1136 2073 1265 2155 quidem
1288 2073 1341 2141 sit.

165 2177 203 2244 lt.
233 2180 262 2244 2.
315 2178 506 2245 Necessitas
535 2177 617 2243 levis
648 2179 701 2243 vel
731 2179 896 2244 ordinaria
925 2200 990 2244 non
1020 2179 1077 2245 dat
1107 2178 1299 2245 facultatem
1329 2196 1461 2249 rem634

74 2267 216 2332 alienam
246 2267 433 2344 auferendi,
465 2266 525 2331 nisi
557 2267 642 2333 forte
673 2272 793 2349 agatur
822 2268 862 2333 de
892 2290 927 2333 re
957 2268 1090 2333 minima
1120 2268 1161 2332 ad
1192 2268 1398 2333 subitaneam

75 2355 306 2422 necessitatem
331 2356 583 2433 sublevandam,
615 2379 644 2422 v.
669 2379 701 2439 g.
726 2357 849 2439 siquis
879 2379 921 2422 ex
951 2377 1031 2438 agro
1062 2356 1123 2421 sibi
1153 2362 1261 2423 sumat
1288 2357 1399 2438 aliqua

75 2466 173 2529 poma
196 2444 237 2509 ad
259 2446 379 2510 famem
404 2445 534 2510 sitimve
557 2445 745 2512 sedandam.
785 2446 847 2511 Sed
872 2467 912 2511 ne
935 2445 1127 2529 simpliciter
1140 2446 1253 2528 gravis
1268 2446 1398 2528 quidem

75 2534 255 2599 necessitas
278 2534 328 2599 ius
351 2534 431 2599 illud
455 2535 598 2600 confert:
630 2536 731 2617 quod,
763 2535 1003 2618 praetermissis
1026 2534 1223 2613 rationibus,
1251 2536 1399 2618 sequitur

75 2645 119 2688 ex
142 2622 227 2688 thesi
251 2626 293 2688 36
323 2623 409 2688 inter
438 2624 641 2708 proscriptas
671 2626 712 2689 ab
736 2625 844 2690 Innoc.
869 2623 931 2689 Xl:
967 2623 1183 2701 „Permissum
1214 2629 1265 2692 est
1294 2625 1399 2691 furari

74 2733 140 2776 non
164 2713 268 2777 solum
291 2712 323 2776 in
348 2717 499 2777 extrema
522 2714 729 2790 necessitate,
753 2714 811 2778 sed
834 2712 933 2778 etiarn
956 2713 989 2778 in
1013 2713 1137 2796 gravi.“

164 2819 202 2884 R.
228 2821 257 2883 3.
305 2818 527 2884 Certissimum
551 2821 618 2895 est,
649 2818 747 2883 licere
770 2818 903 2885 cuilibet
927 2840 966 2884 ea
989 2820 1048 2885 sibi
1073 2840 1201 2885 sumere
1226 2841 1267 2884 ex
1290 2820 1399 2896 rebus,

74 2929 157 2990 quas
187 2911 305 2973 natura
329 2911 497 2989 procreat,
529 2911 686 2988 quantum
710 2928 843 2972 necesse
866 2913 918 2974 est
942 2908 983 2973 ad
1006 2909 1232 2992 depellendam
1257 2908 1398 2973 necessi-

73 3000 179 3063 tatem
205 3005 393 3075 ocerannum·
415 3000 515 3076 atque
539 2996 647 3073 etiam,
673 3018 715 3061 ex
734 2998 894 3061 communi
919 2997 1145 3078 theologorum
1168 2996 1341 3074 sententia,
1364 2997 1398 3062 id

74 3086 153 3151 licet
170 3085 202 3149 in
218 3085 415 3150 necessitate
429 3088 685 3170 ‹perosi-entrance.
710 3085 786 3151 Non
801 3090 911 3151 tamen
928 3086 1040 3150 licebit
1055 3106 1108 3150 res
1123 3086 1264 3151 enormis
1276 3086 1398 3152 valoris

75 3176 254 3241 destruere.
307 3175 361 3239 lb.
387 3197 426 3242 avr.
451 3175 477 3250 1,
503 3176 577 3238 936.

165 3279 203 3344 R.
227 3282 258 3345 4.
290 3279 322 3344 Si
347 3284 456 3344 autem
480 3277 601 3342 sufficit
624 3299 691 3343 rem
717 3278 932 3355 commodare,
956 3300 1019 3343 non
1044 3279 1121 3344 licet
1144 3299 1214 3343 eam
1240 3299 1399 3363 occupare

74 3373 109 3434 et
132 3368 297 3452 propriam
313 3368 440 3444 facere;
465 3367 493 3432 si
516 3367 636 3432 sufficit
658 3388 731 3432 eam
746 3368 779 3432 in
794 3373 942 3434 mutuum
959 3367 1115 3450 accipere,
1140 3389 1204 3432 non
1228 3367 1305 3434 licet
1326 3389 1399 3433 earn

75 3458 226 3523 absolute
249 3462 283 3522 et
305 3457 410 3539 gratis
433 3478 570 3524 sumere.
604 3455 709 3532 Quare
733 3456 788 3538 qui
811 3457 911 3522 habet
933 3458 1065 3540 propria
1087 3457 1119 3520 in
1143 3478 1179 3522 re
1198 3458 1249 3522 vel
1273 3457 1306 3522 in
1329 3478 1397 3541 spe,

74 3548 132 3612 sed
150 3568 214 3611 non
230 3551 306 3613 actu
322 3545 518 3629 praesentia,
542 3545 574 3609 in
592 3547 787 3612 necessitate
804 3545 902 3612 etiam
920 3550 1068 3612 extrema
1084 3567 1148 3611 non
1167 3550 1277 3629 potest
1292 3546 1400 3611 aliena

74 3636 137 3701 sibi
161 3657 327 3701 assumere
350 3635 412 3699 nisi
436 3656 508 3699 cum
532 3655 630 3699 onere
652 3656 720 3699 rem
745 3635 1006 3716 aequivalentem
1030 3635 1195 3701 reddendi.

166 3725 272 3791 Aliter
295 3725 349 3806 qui
370 3724 448 3788 nibil
472 3724 580 3800 habet,
605 3743 709 3805 neque
725 3723 758 3788 in
774 3746 833 3809 spe
856 3724 1025 3808 probabili,
1049 3726 1107 3789 sed
1131 3729 1247 3809 postea
1268 3728 1400 3808 praeter

75 3836 167 3898 spem
191 3814 312 3895 aliquid
329 3814 491 3897 acquiret;
517 3813 571 3876 ille
588 3813 672 3876 enim
691 3834 750 3896 pro
771 3814 821 3892 iis,
846 3834 930 3896 quae
946 3813 978 3878 in
995 3813 1192 3879 necessitate
1208 3819 1400 3896 consumpta

75 3908 162 3980 sunt,
187 3903 361 3968 restituere
384 3903 462 3967 nihil
486 3904 627 3968 tenetur.

165 4017 218 4082 An
242 4038 432 4093 oonssrruu
456 4021 495 4082 2¹²
519 4016 556 4084 R.
585 4020 612 4082 1.
659 4017 826 4095 Meletius,
858 4017 885 4082 si
916 4017 1022 4082 minus
1044 4016 1078 4081 in
1102 4016 1297 4083 necessitate
1320 4037 1461 4095 veree35

74 4109 235 4183 extrema,
259 4111 370 4171 tamen
393 4106 426 4171 in
443 4107 703 4189 quasi-extrema
719 4110 879 4173 versatur.
920 4107 954 4172 Si
977 4107 1061 4172 enim
1084 4106 1155 4190 ipse
1179 4128 1252 4171 cum
1275 4105 1400 4171 familia

75 4195 130 4260 diu
153 4194 241 4260 fame
264 4199 445 4277 torquetur,
470 4196 523 4259 vel
547 4195 668 4261 incidet
691 4195 724 4258 in
747 4196 852 4280 ipsam
876 4201 1055 4261 extremam
1081 4196 1320 4271 necessitatem,
1345 4196 1398 4260 vel

75 4284 194 4349 saltem
218 4285 368 4350 causabit
383 4285 444 4350 sibi
459 4285 568 4349 suisve
592 4285 783 4366 languorem
799 4285 1010 4368 morbumque
1025 4285 1246 4349 incurabilem.
1279 4283 1398 4350 Debuit

75 4373 215 4455 quidem,
240 4372 268 4437 si
291 4373 386 4437 nimis
409 4394 511 4454 grave
535 4373 596 4456 ipsi
620 4394 684 4437 non
708 4373 817 4451 fuerit,
841 4379 940 4440 antea
964 4373 1084 4455 aliquid
1107 4394 1167 4456 pro
1191 4374 1399 4455 eleemosyna

75 4468 205 4546 petere;
230 4469 374 4528 ceterum
399 4462 432 4527 in
455 4484 493 4527 eo
517 4463 602 4544 quod
627 4463 687 4526 hoo
704 4462 822 4538 omisit,
846 4484 909 4526 non
934 4462 1083 4545 peccavit
1099 4463 1216 4527 saltem
1240 4461 1396 4542 graviter,

74 4572 181 4634 neque
204 4552 252 4618 ita
274 4558 344 4617 tum
368 4558 546 4635 peccasset,
570 4552 598 4617 si
619 4552 766 4633 -quod
791 4572 827 4615 re
850 4552 920 4634 ipsa
944 4572 1008 4616 non
1032 4550 1172 4616 obtinuit
1187 4586 1231 4594 —
1247 4571 1299 4614 res
1323 4552 1396 4615 sub·

75 4643 146 4707 lata
170 4641 287 4707 fuisset
310 4642 450 4708 materia
472 4642 593 4724 gravia.

128 4753 297 4799 Lelmnum,
312 4754 382 4795 Casus
397 4754 556 4795 consolantiae.
583 4753 599 4795 l.
1152 4743 1183 4797 21
