3106 5168
161 290 226 354 358
299 285 339 340 De
358 286 506 342 virtutibus
524 291 553 342 et
571 286 667 342 officiis
685 304 751 357 erga
769 287 899 342 homines.
919 316 954 326 -
973 287 1024 342 Off.
1043 289 1116 343 circa
1134 289 1203 342 bona
1221 291 1344 344 externa

103 517 104 526 ,
160 463 372 546 exstinguere
394 486 459 530 non
482 464 643 548 potuerit:
668 464 753 530 idem
770 464 831 529 dici
851 464 982 530 debebit
1006 463 1044 529 16
1067 464 1169 529 libere
1192 469 1399 548 acceptante,
1425 465 1487 530 nisi

159 551 230 617 eius
246 553 429 637 acceptatio
453 557 487 619 et
509 553 580 638 ipse
596 553 766 619 conflictus
789 575 854 619 non
869 554 935 619 iam
951 553 995 618 sit
1015 553 1147 637 proprie
1162 553 1322 636 loquendo
1340 554 1484 619 duellum

159 641 218 706 sed
241 640 319 707 nihil
343 642 431 707 aliud
455 663 494 707 ac
522 648 637 708 contra
660 643 814 709 iniustum
838 663 1065 725 aggressorem
1090 641 1245 709 defensio.
1291 643 1379 708 Nam
1404 643 1485 708 alio-

159 729 360 811 quinetiam
392 730 446 812 qui
477 736 676 815 provocatus
708 732 850 797 duellum
883 737 1049 814 acceptat,
1084 731 1203 797 iniuste
1233 731 1304 814 agit
1336 731 1485 797 feriendo

159 826 402 902 provocantem,
427 824 497 886 tum
514 824 629 886 contra
644 820 740 885 buius
762 820 813 885 166
837 821 926 886 ritae
941 819 1159 895 inalienabile,
1184 820 1235 885 cui
1251 821 1486 887 consentiendo

158 908 348 974 renuntiare
371 909 500 990 nequit,
532 913 604 976 tum
626 913 740 975 contra
769 909 819 974 ius
850 915 1063 992 cognatorum
1086 909 1311 990 indigentium.
1360 910 1484 975 Verum

158 1001 381 1080 provocatum,
408 997 461 1080 qui
486 999 641 1064 occiderit
663 1003 905 1082 provocantem,
929 998 971 1063 ad
986 998 1233 1064 indemnitatem
1250 999 1485 1081 praestandam

157 1085 390 1170 superstitibus
414 1108 507 1152 nemo
530 1108 630 1153 ausus
654 1091 705 1152 est
729 1087 884 1170 obligare.

96 1193 148 1247 709
246 1183 286 1250 R.
311 1185 341 1249 3.
389 1183 496 1260 Quare
520 1184 690 1249 dicendum
713 1188 793 1268 puto
817 1206 859 1249 ex
883 1184 953 1248 solo
976 1183 1045 1248 iure
1069 1183 1213 1249 naturali
1236 1204 1301 1248 non
1329 1189 1484 1250 constare

158 1271 199 1337 de
222 1271 279 1337 illa
304 1272 513 1354 obligatione,
537 1293 576 1338 6ο
600 1273 686 1354 6661
710 1273 877 1356 probabile
899 1273 944 1338 sit
959 1272 1136 1337 secundum
1160 1273 1248 1337 11616
1272 1294 1303 1338 n.
1322 1275 1399 1351 704,
1425 1294 1483 1357 pro

157 1360 283 1426 familia
299 1361 397 1426 occisi
410 1362 603 1427 facultatem
619 1362 787 1427 habendae
804 1361 1053 1427 sustentationis
1070 1362 1111 1426 ab
1127 1361 1271 1426 occisore
1288 1382 1362 1426 esse
1377 1363 1484 1427 solum

158 1453 304 1527 eatenus,
322 1453 485 1531 quatenus
501 1451 624 1516 occisor
639 1451 701 1515 bac
716 1451 749 1515 in
765 1472 802 1515 re
817 1450 1063 1516 substituendus
1079 1451 1123 1515 sit
1137 1472 1197 1534 pro
1213 1451 1329 1517 occiso.
1358 1450 1481 1515 Verum

157 1539 300 1604 facultas
330 1540 499 1605 habendae
528 1540 777 1605 sustentationis
808 1560 850 1604 ex
873 1540 966 1605 bonis
989 1538 1087 1605 occisi
1118 1540 1189 1604 sive
1215 1539 1385 1621 acquisitis
1413 1541 1483 1605 sive

158 1628 364 1709 acquirendis
387 1649 452 1692 non
476 1629 571 1693 adest
594 1649 635 1692 ex
659 1628 756 1694 titulo
786 1628 953 1710 rigorosas
976 1628 1131 1704 iustitiae,
1163 1649 1227 1709 qua
1250 1628 1377 1693 occisus
1401 1629 1482 1693 obli·

158 1722 265 1798 getur,
290 1717 348 1781 sed
372 1738 413 1782 ex
436 1716 533 1782 titulo
555 1721 691 1801 pietatis,
716 1739 814 1800 quam
837 1718 967 1782 laedere
991 1738 1056 1782 non
1079 1717 1158 1782 licet
1174 1717 1313 1799 quidem,
1338 1721 1375 1782 61
1391 1719 1482 1782 66166

158 1805 261 1870 166616
285 1826 348 1870 666
372 1806 476 1871 violat
499 1806 549 1870 ius
565 1806 756 1888 rigorosum.
789 1806 873 1871 Hinc
897 1807 996 1872 etiam
1019 1808 1142 1888 tertius,
1166 1806 1221 1887 qui
1244 1805 1387 1873 officium
1403 1806 1482 1872 illud

158 1893 293 1977 pietatis
309 1894 444 1978 impedit
467 1895 514 1974 (in
538 1902 651 1960 nostro
675 1915 754 1959 casu
777 1895 924 1976 occisor),
948 1895 980 1959 in
1003 1915 1068 1970 eos,
1094 1894 1149 1976 qui
1171 1894 1233 1959 bac
1256 1893 1385 1960 ratione
1409 1900 1482 1961 166-

158 1987 290 2065 guntur,
316 1983 386 2049 veri
409 1983 548 2049 nominis
571 1984 764 2050 iniustitiam
787 1987 924 2049 eatenus
948 1984 1051 2048 solunr
1076 1983 1276 2060 committtit‚
1308 1987 1481 2065 quatenus,

159 2075 256 2137 invito
271 2081 479 2138 sustentatura
495 2073 648 2148 familiae,
664 2073 822 2138 familiam
839 2073 942 2148 bonis,
966 2093 1050 2154 quae
1067 2073 1150 2138 alias
1166 2093 1300 2155 sperare
1316 2076 1480 2156 poterant,

157 2161 279 2245 privat.
313 2161 373 2240 (cf.
399 2161 431 2227 S.
456 2161 573 2245 Alph.
598 2161 655 2239 Ill,
681 2165 745 2227 630
770 2183 843 2226 cum
867 2161 1057 2239 Busenb.,
1082 2161 1244 2239 Lessi0‚
1269 2161 1343 2226 aliis
1367 2166 1482 2227 contra

158 2250 287 2333 Lugo,
313 2252 363 2316 De
385 2253 458 2316 tuat.
485 2259 512 2315 et
534 2255 606 2315 ture
636 2251 666 2317 1.
693 2253 744 2328 11,
769 2272 799 2317 n.
825 2252 893 2333 63.)
939 2251 1061 2316 Verum
1084 2251 1117 2315 16
1140 2250 1248 2315 duello
1272 2250 1333 2315 hoc
1356 2272 1422 2316 non
1445 2253 1482 2316 fit

158 2339 214 2404 illo
238 2343 461 2405 sustentatura
484 2340 598 2417 invito,
624 2360 662 2404 eo
686 2339 771 2421 quod
795 2340 850 2404 ille
872 2340 942 2422 ipse
966 2339 1080 2404 volens
1103 2339 1245 2404 duellum
1270 2340 1408 2423 suscipit
1432 2361 1482 2405 se·

158 2449 259 2510 66666
283 2428 372 2494 vitae
397 2428 540 2511 periculo
564 2427 708 2512 exponit.
743 2428 961 2493 Nihilominus
984 2428 1127 2512 positiva
1150 2429 1223 2510 lege
1242 2428 1389 2504 occisori,
1414 2429 1483 2494 sive

158 2522 257 2582 extra
292 2517 434 2582 duellum
466 2517 537 2582 sive
568 2516 601 2581 in
635 2516 759 2592 166116,
799 2517 957 2599 obligatio
993 2537 1097 2598 eaque
1129 2538 1171 2581 ex
1203 2517 1331 2582 iustitia
1361 2519 1482 2601 imponi

157 2610 284 2688 potest,
317 2611 354 2670 ut
377 2605 521 2671 familiae
544 2606 731 2690 superstitis
754 2605 985 2672 sustentationi
1009 2605 1181 2689 providere
1205 2607 1333 2672 debeat.
1381 2606 1482 2672 immo

159 2715 201 2759 ex
233 2694 360 2775 legibus
384 2696 453 2760 cod.
480 2695 608 2760 Germ.
632 2694 669 2777 ἓξ
695 2697 770 2761 823.
795 2697 859 2760 826
891 2695 948 2760 illa
981 2694 1137 2776 obligatio
1171 2703 1396 2779 consequenter
1429 2696 1483 2760 de-

159 2783 303 2860 ducitur,
337 2783 408 2848 sive
438 2805 619 2867 provocans
650 2784 719 2848 sive
749 2789 946 2867 provocatus
977 2784 1201 2849 adversarium
1225 2783 1392 2849 occiderit.
1440 2784 1484 2851 At

159 2895 235 2937 num
259 2872 372 2956 praxis
394 2872 564 2937 iudiciaria
587 2873 677 2954 leges
700 2873 749 2938 ita
771 2873 1029 2956 interpretatura
1053 2872 1105 2949 sit,
1130 2872 1271 2938 dubitari
1295 2877 1417 2956 potest.

97 2999 150 3054 ‘110
248 2987 301 3051 An
325 3006 516 3061 quassrruu
541 2988 579 3048 2Ὠ
609 2985 648 3052 R.
676 2989 704 3051 1.
751 2986 787 3049 In
819 2985 923 3069 primo
954 3007 1048 3062 casu,
1080 2986 1107 3050 si
1131 2986 1298 3070 paulisper
1321 2988 1485 3054 abstrahi-

159 3097 232 3140 mus
256 3076 296 3141 ab
320 3075 378 3140 illa
402 3074 516 3140 morali
540 3075 725 3149 coactione,
757 3095 854 3156 quarn
879 3075 998 3139 Lucius
1021 3075 1112 3157 Lupo
1135 3076 1262 3151 intulit,
1294 3076 1358 3140 dici
1390 3078 1486 3142 debet

159 3165 293 3230 Lucium
317 3185 359 3229 ex
389 3164 462 3247 lege
493 3163 636 3247 positiva
658 3163 745 3228 iuste
775 3164 923 3228 damnari
954 3163 995 3228 61
1026 3167 1166 3228 matrem
1189 3164 1270 3247 Lupi
1301 3165 1485 3231 indemnem

159 3253 360 3330 faciendam,
386 3275 428 3318 ex
451 3274 487 3317 se
510 3256 621 3317 tamen
645 3253 715 3317 sola
739 3252 881 3317 naturali
905 3253 979 3334 lege
998 3257 1147 3335 spectata
1172 3253 1211 3317 16
1227 3274 1267 3318 66
1284 3255 1484 3337 obligatione

160 3364 224 3407 non
248 3346 417 3420 constare,
449 3363 487 3406 eo
519 3341 604 3423 quod
628 3343 738 3425 Lupus
762 3346 939 3424 acceptans
963 3342 1105 3406 duellum
1136 3343 1168 3406 16
1192 3363 1305 3408 omnes
1336 3347 1487 3426 sequelas

161 3432 334 3513 omniaque
358 3431 476 3495 damna
501 3430 586 3496 forte
610 3430 735 3496 oritura
759 3431 970 3496 6666666661.
1309 3431 1312 3436 ’

250 3538 288 3602 R.
314 3540 344 3603 2.
385 3537 417 3601 Si
441 3536 574 3601 moralis
598 3536 724 3602 coactio
748 3537 905 3601 eiusmodi
929 3541 1010 3613 erat,
1036 3541 1072 3602 61
1095 3537 1204 3619 Lupus
1227 3537 1434 3604 coniceretur
1456 3539 1486 3602 in

161 3626 392 3690 necessitatem
410 3630 467 3690 661
489 3626 680 3710 6666616611
705 3625 803 3690 duelli
826 3631 884 3690 661
907 3626 1075 3691 excidendi
1101 3647 1119 3690 e
1142 3646 1202 3690 sua
1219 3626 1418 3704 condicione,
1443 3628 1488 3692 ita

161 3718 286 3779 61666
311 3714 449 3796 amplius
480 3720 592 3796 posset
624 3715 738 3780 matris
762 3715 993 3780 sustentationi
1026 3714 1216 3798 providere,
1250 3715 1347 3798 idque
1370 3716 1487 3782 Lucius

162 3804 245 3868 satis
268 3803 498 3885 praevidebat:
532 3809 627 3886 6616,
663 3804 761 3869 etiam
786 3804 856 3868 sola
889 3804 960 3886 lege
985 3804 1128 3869 naturali
1152 3808 1319 3886 spectata,
1354 3806 1486 3871 Lucium

163 3893 268 3959 teneri
292 3893 333 3957 ad
357 3899 495 3957 matrem
520 3892 703 3957 indemnem
727 3893 927 3969 faciendam,
960 3914 998 3957 eo
1029 3894 1115 3975 quod
1146 3893 1304 3957 eiusmodi
1336 3895 1486 3960 damnum

163 3983 254 4065 Lupo
278 3981 400 4047 iniusta
424 3982 455 4044 vi
473 3985 587 4046 coacto
605 3983 750 4064 adeoque
769 3985 863 4046 incito
880 3982 1114 4048 inevitabiliter
1131 4003 1150 4046 a
1167 3983 1265 4047 Lucio
1282 3983 1411 4050 illatum
1428 3991 1486 4049 est.

103 4099 152 4152 711
253 4087 291 4151 R.
310 4089 339 4151 3.
380 4087 431 4150 Ad
456 4090 590 4151 atterum
614 4108 725 4152 casum
742 4109 783 4151 ex
799 4088 965 4171 principiis
981 4110 1000 4153 a
1018 4090 1048 4154 S.
1068 4089 1186 4171 Alplr.
1207 4089 1264 4165 Ill,
1282 4091 1347 4153 632
1371 4092 1487 4172 proba·

164 4176 273 4241 biliter
290 4175 493 4241 concluditur
509 4181 643 4259 propter
666 4198 801 4259 pravam
826 4178 1039 4242 intentionem
1065 4177 1199 4241 nocendi
1221 4178 1384 4243 actionem
1402 4178 1487 4243 'Lucii

165 4270 281 4331 contra
304 4265 436 4329 Cneium
460 4287 532 4329 esse
556 4266 710 4330 iniustam
735 4272 834 4347 61666
857 4268 1048 4350 reparandis
1072 4267 1198 4330 damnis
1223 4267 1409 4334 obnoxiam.

255 4372 293 4436 R.
318 4374 348 4440 4.
387 4372 605 4436 Nihilominus
629 4393 670 4436 ex
687 4372 823 4437 aliorum
841 4372 990 4455 opinione
1012 4372 1179 4455 probabile
1202 4376 1253 4437 est
1277 4373 1486 4439 intentionenr

167 4483 231 4524 non
255 4461 390 4526 reddere
414 4461 574 4526 actionem
592 4461 769 4526 efficaciter
785 4461 947 4538 iniustam,
973 4483 1057 4543 quae
1081 4483 1144 4525 non
1168 4461 1211 4527 611
1234 4462 1358 4528 1616616
1381 4464 1487 4529 effica-

168 4550 250 4615 citer
273 4551 341 4614 sine
365 4551 422 4614 illa
452 4550 648 4625 intentione;
681 4554 779 4630 61666
809 4551 881 4632 1666
905 4551 936 4615 S.
962 4551 1119 4634 Alpbonsi
1144 4552 1311 4617 sententia
1339 4552 1487 4637 supponit

169 4639 340 4714 actionem,
365 4661 448 4722 6666
472 4639 516 4704 611
539 4661 638 4704 66666
663 4639 780 4715 damni,
806 4641 863 4704 661
887 4661 970 4721 6666
987 4640 1156 4704 deficiente
1173 4638 1356 4708 intentione
1380 4641 1488 4708 baberi
