3106 5168
418 303 562 357 Cessurae.
582 333 615 341 -
634 304 786 372 impuberes
804 305 892 372 quoad
911 321 1047 358 censuras.
1328 311 1392 374 509

163 481 202 547 R.
228 484 257 547 2.
290 480 508 547 Nihilominus
530 487 665 564 propter
688 481 808 546 crimen
833 482 865 546 in
882 480 988 547 alieno
1004 481 1169 548 territorio
1186 483 1393 546 commissum

73 570 238 654 peregrini
262 573 399 653 possunt
422 571 463 635 ab
487 570 659 635 ordinariis
681 570 742 635 loci
766 571 799 634 in
826 571 877 635 ius
893 571 1003 636 vocari
1020 574 1119 652 atque
1135 570 1234 636 etiam
1258 575 1393 655 propter

74 660 197 724 crimen
231 661 376 742 pendens
409 659 553 724 censuris
589 659 705 742 puniri.
760 659 795 723 Id
835 659 921 724 enim
957 659 1136 726 iurisdictio
1168 660 1230 724 fori
1263 661 1392 725 externi

73 768 184 813 secum
207 747 292 825 fert,
317 751 353 812 ut
376 747 474 813 iudex
498 748 680 814 ordinarius
704 768 759 825 ea,
793 769 877 830 quae
900 749 933 813 in
957 770 1015 814 sno
1039 749 1205 814 territorio
1230 752 1392 830 utcunque

73 839 171 915 fiunt,
202 836 369 903 vindicare
398 836 515 919 possit,
549 841 648 918 atque
673 837 827 902 delictum
857 838 994 904 sortitur
1022 838 1129 903 forum
1158 837 1239 915 loci,
1272 837 1305 902 in
1328 859 1392 920 quo

73 926 297 992 committitur.
345 926 377 993 S.
401 925 597 1010 Alphons.
622 925 694 1003 VII,
721 948 751 992 n.
777 930 828 992 26.

163 1040 201 1104 R.
227 1043 257 1105 3.
289 1039 359 1116 Qua
383 1038 574 1105 extensione
597 1039 667 1123 ipse
683 1039 867 1105 ordinarius
890 1041 922 1105 in
950 1063 1044 1105 sunm
1067 1040 1232 1106 subditum
1255 1061 1392 1124 peregre

74 1128 289 1195 exsistentem
312 1129 363 1193 ins
385 1150 444 1211 per
467 1149 622 1193 censuras
645 1129 797 1212 puniendi
813 1129 966 1202 retineat,
991 1135 1123 1196 nonest
1146 1134 1241 1195 extra
1265 1151 1393 1195 omnem

74 1217 341 1284 controversiam.
393 1217 553 1282 Videlicet
586 1218 617 1300 1)
649 1222 737 1283 certe
771 1222 881 1301 potest
915 1220 1086 1303 episcopus
1120 1220 1153 1283 in
1184 1240 1277 1284 suum
1317 1220 1392 1284 sub·

73 1305 179 1371 ditum
209 1308 376 1372 absentem
407 1326 577 1371 censuram
607 1306 693 1371 ferre
724 1328 784 1391 per
806 1308 936 1372 modum
966 1307 1148 1373 sententiae
1178 1313 1313 1391 propter
1335 1308 1391 1373 de-

72 1394 186 1461 lictum
209 1396 242 1460 in
259 1394 399 1461 dioecesi
421 1393 554 1478 propria
573 1395 788 1474 commissum,
814 1396 848 1477 2)
871 1397 956 1461 idem
972 1401 1108 1480 propter
1122 1397 1286 1473 delictum,
1307 1397 1392 1478 quod

73 1485 179 1568 ipsam
204 1484 375 1550 dioecesim
400 1483 565 1567 propriam
587 1487 724 1568 spectet,
749 1507 780 1551 v.
804 1506 836 1567 g.
861 1485 1000 1551 iubendo
1023 1486 1083 1550 snb
1106 1507 1211 1568 poena
1235 1507 1392 1551 censurae

74 1572 288 1638 incurrendae
302 1573 442 1638 reditum
459 1575 492 1636 in
510 1573 691 1639 dioecesim.
720 1574 983 1641 Controvertitnr
998 1580 1118 1652 antem,
1136 1578 1245 1640 utrum
1257 1575 1392 1640 clericus

73 1682 213 1744 peregre
243 1663 406 1728 exsistens
430 1663 577 1727 incurrat
601 1684 771 1727 censuram
800 1668 936 1746 propter
963 1664 1088 1729 laesum
1112 1664 1279 1745 quodlibet
1302 1685 1393 1730 man·

74 1752 188 1816 datum
210 1751 399 1834 personale,
430 1750 516 1833 quod
547 1752 697 1835 proprius
728 1752 898 1836 episcopus
929 1753 958 1818 ei
986 1754 1019 1817 in
1050 1753 1189 1818 dioecesi
1220 1752 1392 1819 exsistenti

72 1839 271 1906 iniunxerat.
323 1841 378 1906 Tli.
404 1862 444 1905 m.
470 1839 509 1916 II,
536 1842 609 1906 871.

164 1975 216 2036 An
239 1993 430 2048 QUAESITUM
454 1976 493 2037 3¹¹¹
517 1973 555 2038 R.
576 1977 604 2039 1.
636 1973 799 2037 Iucundos
822 1972 1067 2056 suspensionem
1082 1973 1172 2038 illam
1197 1995 1255 2057 pro
1271 1973 1452 2055 Anglia997

72 2059 176 2125 latam
201 2082 264 2125 non
288 2061 441 2139 incurrit,
475 2061 569 2143 quia,
600 2067 715 2145 utpote
744 2061 951 2145 peregrinus,
984 2062 1111 2144 legibus
1141 2062 1393 2129 territorialibus

72 2148 214 2231 Angliae
236 2171 301 2215 non
324 2153 466 2216 tenetur.

163 2262 202 2330 R.
220 2268 250 2330 2.
289 2266 336 2331 At
359 2265 540 2331 ordinarius
563 2265 713 2350 proprius
728 2265 859 2332 videtur
881 2287 976 2349 posse
999 2265 1058 2330 sub
1083 2266 1195 2330 eadem
1219 2286 1324 2348 poena
1340 2266 1393 2330 Iu·

73 2352 179 2418 cundo
202 2353 497 2436 frequentationem
521 2355 781 2438 spectaculorum
805 2355 985 2438 probibere.
1017 2354 1081 2419 Sed
1104 2354 1165 2419 boc
1188 2355 1312 2419 factum
1328 2376 1392 2419 non

72 2463 147 2507 esse
172 2462 214 2506 ex
246 2464 324 2508 casu
348 2446 501 2509 enarrate
532 2444 614 2508 satis
644 2448 791 2527 apparet.
839 2444 960 2509 Verum
985 2443 1158 2527 probibitio
1190 2443 1393 2509 functionum

73 2550 242 2596 sacrarum
266 2535 365 2613 atque
388 2532 568 2598 subtractio
592 2532 822 2599 iurisdictionis
837 2533 900 2598 fori
915 2531 1159 2616 paenitentialis
1182 2554 1245 2597 non
1269 2536 1321 2597 est
1336 2554 1393 2597 ne·

73 2619 217 2684 cessario
241 2641 388 2686 censura.
435 2623 487 2686 Ex
510 2622 598 2687 iusta
627 2643 727 2687 causa
758 2622 839 2687 haec
863 2622 1026 2687 sacerdoti
1048 2621 1220 2704 peregrino
1244 2620 1393 2687 interdici

73 2712 226 2792 possunt,
258 2731 331 2774 cnm
354 2709 508 2775 ordinarii
531 2711 590 2788 sit,
621 2710 806 2776 incumbere
829 2711 861 2775 in
886 2711 1072 2776 evitandam
1096 2731 1224 2776 omnem
1248 2733 1268 2776 a
1291 2710 1393 2776 sacris

72 2797 294 2864 functionibus
325 2799 573 2864 irreverentiam
603 2820 795 2881 omnemque
825 2799 973 2865 decorem
1005 2801 1251 2867 observandum.
1307 2800 1393 2876 Qua-

72 2891 210 2970 propter
224 2887 386 2952 Incundus
409 2889 441 2952 in
465 2888 525 2966 his,
550 2909 633 2969 quae
657 2888 838 2953 ordinarius
861 2889 924 2954 loci
947 2889 1081 2965 statuit,
1107 2888 1320 2953 obsecundari
1343 2895 1393 2955 te-

73 2980 180 3042 netur.
227 2975 384 3052 Quoniam
409 2980 517 3042 autem
543 2997 584 3042 ex
608 2978 717 3042 verbis
747 2977 901 3042 ordinarii
931 2999 994 3041 non
1025 2976 1107 3042 satis
1137 2981 1265 3043 constet
1296 2981 1392 3042 iuris·

74 3065 242 3130 dictionem
265 3087 324 3148 pro
348 3065 547 3148 excipiendis
571 3066 827 3130 confessionibus
850 3087 922 3131 esse
946 3066 1071 3130 Iuliano
1095 3066 1305 3148 subtractam,
1329 3066 1391 3141 hic,

72 3152 100 3217 si
125 3152 333 3219 nibilominus
356 3155 593 3237 paenitentiam
617 3154 836 3220 confessiones
860 3155 1027 3237 exciperet
1051 3174 1170 3234 eosque
1194 3154 1390 3232 absolveret,

71 3242 187 3308 illicite
210 3242 339 3325 quidem
362 3247 487 3326 ageret,
512 3244 569 3308 sed
593 3265 657 3309 non
680 3243 831 3310 invalide.

605 3513 865 3581 IMPUBERES.

631 3694 740 3760 Casus.
768 3701 843 3769 (304)

165 3855 332 3931 Tiburtius,
368 3859 495 3917 sedecim
523 3878 680 3928 annorum,
716 3877 733 3916 e
760 3863 844 3934 patre
872 3857 1037 3917 acatholico
1065 3862 1096 3917 et
1124 3862 1218 3916 matre
1248 3860 1394 3919 catholica

74 3935 232 4005 oriundus,
255 3957 320 3996 cum
341 3939 491 4013 hucusque
512 3939 743 3997 acatholicorum
765 3939 883 3997 scholas
904 3938 1152 4013 frequentaverit,
1180 3958 1273 4013 neque
1294 3945 1393 3998 tamen

74 4036 176 4075 eorum
195 4018 366 4092 religionem
382 4020 533 4094 professus
554 4019 603 4088 sit,
624 4038 704 4077 nnnc
718 4019 891 4077 catholicam
909 4018 971 4077 adit
992 4024 1022 4076 et
1042 4024 1166 4093 urgente
1187 4025 1280 4077 matre
1294 4019 1393 4077 catho-

72 4096 163 4155 licam
183 4097 269 4156 fidem
290 4099 355 4157 vult
375 4099 514 4175 profiteri.
555 4100 634 4157 Ante
658 4105 720 4157 tres
741 4119 835 4157 annos
856 4098 947 4156 libros
968 4099 1144 4169 haereticos,
1168 4118 1241 4173 quos
1262 4100 1394 4173 graviter

74 4176 239 4254 prohibitos
267 4197 334 4237 esse
364 4198 383 4237 a
410 4184 503 4237 matre
531 4179 680 4247 andierat,
707 4179 780 4253 legit
808 4178 1019 4255 opinionesque
1045 4178 1211 4238 haereticas
1239 4198 1292 4254 pro
1313 4179 1393 4237 veris

75 4256 189 4328 habuit,
210 4264 298 4334 atque
317 4259 509 4327 sacerdotem,
531 4277 616 4333 quem
631 4264 751 4335 propter
764 4260 863 4317 laesas
884 4259 965 4334 leges
980 4258 1268 4334 religioso-politicas
1289 4260 1393 4332 guber-

74 4336 156 4395 ninm
186 4341 431 4414 persequebatur,
463 4340 561 4397 verbis
592 4339 811 4397 contumeliosis
841 4340 941 4397 affecit
970 4345 1057 4413 atque
1086 4340 1147 4396 luto
1176 4338 1392 4414 conspurcavit.

74 4415 298 4490 Confessarius,
321 4420 370 4495 qni
391 4419 453 4476 eius
475 4418 689 4476 confessionem
711 4419 808 4485 audit,
830 4438 895 4476 cum
917 4419 1059 4477 facultate
1080 4418 1110 4475 in
1131 4427 1283 4476 reservata
1305 4418 1392 4477 desti·

74 4503 158 4556 tutus
179 4499 227 4570 sit,
249 4499 361 4569 haeret,
383 4500 451 4574 quid
473 4499 512 4557 sit
532 4498 587 4556 sibi
606 4498 781 4568 faciendum,
802 4499 929 4556 maxime
950 4518 1015 4556 cnm
1036 4517 1106 4555 usus
1128 4497 1174 4559 sit.
1197 4517 1303 4573 pueros
1318 4498 1393 4557 eius·

75 4578 169 4650 modi,
197 4580 246 4655 qui
274 4581 400 4639 nondum
426 4577 541 4655 persio
563 4579 671 4636 dictam
695 4579 978 4649 ,confirmationem“
1004 4578 1199 4635 acatholicam
1221 4578 1392 4652 religionem

75 4660 204 4735 professi
225 4660 300 4732 sint,
328 4680 386 4718 non
412 4660 449 4718 ad
471 4658 537 4717 fidei
559 4657 722 4716 catholicae
743 4659 889 4734 publicam
909 4658 1123 4735 professionem
1144 4663 1232 4733 atque
1253 4677 1318 4716 cunr
1339 4659 1392 4717 Ec·
