3106 5168
438 272 545 328 Caritas
562 273 669 328 interna
688 276 717 328 et
734 279 847 329 externa
865 273 1016 344 opitulatio.
1326 281 1390 345 195

121 466 128 481 ·
155 449 194 518 R.
211 451 242 515 4.
277 449 392 515 Manet
415 453 526 516 tamen
549 449 583 516 in
606 449 680 516 aliis
702 449 802 517 etiam
818 450 1094 533 frequentioribus
1110 453 1217 518 causis
1233 452 1390 537 obligatio

66 538 177 621 aliqua
200 537 349 604 venialis.
390 538 482 605 Haec
505 539 590 604 enirn
615 540 710 606 adest
733 539 833 606 etiam
856 540 889 605 in
905 540 1043 623 singulis
1058 543 1310 609 necessitatibus
1326 564 1389 609 non

66 633 215 695 extreme
238 627 368 710 quidem
391 628 449 694 sed
472 627 635 695 ordinarie
658 629 815 710 gravibus
829 649 888 712 pro
911 629 962 708 iis,
986 629 1040 712 qui
1056 632 1224 696 commode
1239 636 1391 716 possunt;

64 722 238 802 praeterea
268 721 305 782 ut
334 737 399 781 non
429 717 462 782 in
492 717 630 800 singulis
653 717 782 800 quidem
805 718 935 783 casibus
964 720 1209 786 occurrentibus
1240 722 1299 786 sed
1331 722 1392 789 ali-

65 807 195 889 quando
219 806 427 889 eleemosyna
450 807 555 883 detur,
580 806 736 889 obligatio
760 806 898 872 venialis
921 810 983 886 est,
1007 807 1070 873 etsi
1092 808 1181 874 solas
1204 830 1391 876 communes

65 894 280 962 necessitates
311 899 443 978 spectas
475 900 575 977 atque
607 895 716 978 quoad
743 895 950 978 largitionem
974 917 1030 962 eos
1053 897 1206 980 respicis,
1239 899 1293 982 qui
1325 922 1390 966 non

64 983 231 1069 superflua
254 983 395 1066 quidem,
419 983 476 1050 sed
501 984 561 1051 sibi
585 985 717 1068 suisque
740 984 937 1051 sufficientia
959 984 1137 1070 possident.

154 1099 208 1163 An
233 1119 424 1174 qnansmuu
455 1102 494 1163 2¹²²
516 1098 555 1167 R.
583 1102 611 1165 1.
662 1099 792 1164 Eulalia
821 1120 934 1183 parum
965 1099 1018 1183 pie
1048 1104 1083 1166 et
1108 1101 1286 1168 christiane
1308 1103 1452 1183 agitem

64 1186 267 1270 Quamquam
291 1186 376 1252 euim
401 1186 507 1270 quoad
531 1208 597 1265 eos,
622 1187 676 1270 qui
701 1187 846 1254 ostiatim
869 1189 1066 1267 mendicant,
1092 1191 1285 1273 quandoque
1309 1212 1390 1276 opus

64 1282 115 1343 est
132 1274 337 1353 discretione,
361 1297 402 1342 ne
424 1276 574 1343 otiositas
597 1281 631 1343 et
651 1276 767 1343 vitium
786 1278 956 1354 faventum
981 1281 1091 1343 tamen
1107 1278 1389 1347 indiscriminatim

63 1386 177 1431 omnes
214 1365 373 1449 repellere
410 1365 562 1431 duritiem
599 1366 702 1450 sapit3
740 1386 846 1448 neque
875 1365 957 1432 haec
991 1366 1120 1432 omnino
1152 1369 1300 1434 aufertur
1338 1390 1387 1449 e0,

64 1455 151 1537 quod
182 1453 216 1519 in
249 1474 417 1520 commune
450 1455 572 1537 aliquid
604 1476 663 1538 pro
695 1455 946 1521 necessitatibus
977 1477 1158 1540 pauperum
1190 1457 1389 1525 conferatur.

65 1543 185 1609 Gravis
216 1548 326 1610 autem
356 1543 483 1626 peccati
506 1543 636 1610 Eulalia
666 1545 808 1610 obnoxia
838 1565 901 1609 non
929 1543 1009 1623 erit,
1039 1545 1101 1610 nisi
1124 1545 1157 1611 in
1181 1567 1256 1612 raro
1280 1547 1389 1631 aliquo

67 1654 145 1698 casu
170 1636 339 1699 extremae
363 1632 553 1698 necessitati
576 1633 760 1700 occurrenti
782 1633 865 1699 nolit
887 1654 1087 1700 succurrere.

154 1739 194 1805 R.
220 1741 250 1805 2.
298 1738 435 1804 Tributa
458 1739 646 1821 excessiva,
677 1760 761 1822 quae
790 1741 919 1805 solvere
943 1740 1074 1818 debeat,
1105 1741 1190 1807 ratio
1213 1762 1278 1807 non
1301 1745 1388 1818 sunt,

64 1850 122 1893 cur
146 1827 276 1893 omnino
301 1833 476 1894 excusetur
499 1851 520 1894 a
543 1849 698 1893 succursu
721 1829 818 1895 aliter
844 1830 1053 1912 praestando.
1093 1829 1214 1896 Verum
1239 1831 1266 1896 si
1293 1835 1388 1897 nota·

64 1917 138 1982 bilis
169 1937 247 2000 pars
276 1918 472 1983 tributorum
503 1917 633 2001 publica
663 1917 862 1984 anctoritate
892 1917 1086 1984 indictorum
1110 1941 1169 2003 pro
1192 1921 1389 2004 pauperibus

63 2005 258 2090 applicatur,
283 2007 364 2071 haec
388 2006 500 2089 utique
523 2006 608 2072 ratio
630 2010 690 2083 est,
716 2027 774 2071 cur
786 2010 896 2091 prucis
915 2008 1041 2090 peccati
1057 2028 1130 2073 eum
1147 2030 1211 2073 non
1226 2009 1388 2092 possimus

64 2095 232 2173 damnare,
257 2093 321 2178 qui,
348 2096 476 2160 seclusa
499 2096 698 2162 necessitate
722 2096 998 2179 quasi-extrema,
1022 2097 1161 2180 amplius
1185 2097 1308 2181 aliquid
1331 2099 1389 2164 vix

62 2186 135 2252 vult
158 2184 355 2268 impendere.

152 2290 190 2357 R.
217 2294 247 2356 3.
294 2289 405 2355 Simile
436 2290 512 2372 quid
537 2290 588 2357 dic
611 2290 651 2354 de
674 2290 824 2356 Eulaliae
854 2290 969 2357 amica.
1017 2290 1131 2357 Potius
1159 2291 1260 2375 igitur
1290 2314 1388 2375 quam

63 2380 228 2445 severiore
251 2379 469 2446 conscientiae
493 2380 759 2445 exstimulatione
783 2379 856 2445 aliis
879 2380 1012 2446 motivis
1028 2380 1215 2448 christiania
1231 2381 1388 2448 eiusmodi

63 2468 210 2534 homines
233 2468 405 2533 inducendi
429 2473 514 2547 sunt,
543 2472 580 2534 ut
602 2469 725 2550 largius
748 2468 970 2550 indigentibus
993 2475 1195 2548 succurrant,
1219 2471 1387 2555 proposito

63 2558 180 2623 merito
205 2563 239 2624 et
261 2558 417 2641 praemio
442 2557 528 2640 quod
551 2557 698 2624 Christus
721 2559 760 2624 D.
785 2558 1047 2623 misericordibus
1073 2558 1247 2642 promittit,
1272 2564 1305 2626 et
1329 2581 1387 2625 ex·

63 2647 173 2731 posita
195 2647 328 2731 propria
351 2646 532 2728 indigentia
555 2646 734 2730 spirituali,
763 2647 815 2713 cui
838 2646 953 2713 melius
977 2652 1011 2714 et
1034 2646 1200 2713 efficacius
1221 2648 1387 2733 provideri

62 2757 126 2801 non
151 2735 256 2821 possit
279 2734 340 2800 nisi
364 2735 585 2802 misericordia
609 2737 703 2817 larga
724 2739 758 2802 et
781 2738 899 2803 effusa:
924 2758 999 2801 nam
1028 2736 1133 2813 ,beati
1150 2736 1385 2815 misericordes,

62 2825 215 2908 quoniam
239 2824 300 2909 ipsi
324 2825 580 2889 misericordiam
596 2828 854 2908 consequentur“
875 2824 1033 2906 (Mattb.
1051 2828 1081 2903 5,
1106 2827 1149 2906 7),
1174 2831 1208 2893 et
1229 2828 1387 2904 ,eleemo-

62 2935 144 2997 syna
176 2936 196 2979 a
219 2918 325 2980 morte
355 2913 493 2990 liberat,
525 2917 559 2980 et
588 2913 659 2997 ipsa
683 2917 734 2979 est
757 2935 841 2997 quae
864 2920 985 2999 purgat
1014 2918 1152 2997 peccata
1175 2919 1209 2981 et
1232 2914 1313 2982 tacit
1336 2915 1386 2981 in·

62 3004 174 3069 venire
199 3003 453 3069 misericordiam
478 3007 512 3069 et
535 3002 638 3069 vitam
662 3006 849 3070 aeternam“
878 3003 983 3085 (Tob.
1006 3007 1055 3081 12,
1073 3003 1118 3084 9).

532 3230 649 3297 ORDO
677 3229 915 3296 OARITATIS.

617 3388 727 3454 Casus.
755 3395 831 3462 (105)

152 3528 331 3599 Quadratus
354 3529 403 3604 qui
424 3533 472 3586 sat
492 3548 616 3603 rnagnas
633 3528 754 3587 divitias
776 3528 832 3588 sibi
854 3529 1024 3603 collegerat,
1046 3527 1147 3587 divina
1167 3528 1266 3603 gratia
1285 3533 1385 3589 tactus

61 3611 182 3670 saeculo
210 3609 381 3668 renuntiare
409 3609 596 3683 ordinemque
624 3609 794 3684 religiosum
822 3609 934 3667 intrare
961 3609 1034 3668 vult.
1075 3610 1174 3668 Antea
1202 3616 1300 3668 autem
1321 3611 1386 3668 vult

60 3691 217 3767 disponere
239 3690 275 3748 de
302 3690 388 3748 bonis
417 3689 487 3748 suis.
529 3689 629 3747 Habet
650 3689 765 3764 quidem
787 3689 897 3748 fratres
925 3694 1013 3764 atque
1041 3689 1213 3749 remotiores
1242 3696 1385 3765 cognatos

60 3772 145 3846 gravi
166 3769 347 3829 necessitate
368 3789 500 3845 pressos,
524 3770 576 3828 sed
596 3770 689 3840 timet,
710 3789 748 3827 ne
769 3769 819 3828 isti
840 3774 946 3845 postea
967 3768 1076 3844 ingrati
1098 3769 1262 3850 exsistant;
1285 3790 1385 3846 quare,

59 3852 96 3911 iis
117 3850 346 3929 praetermissis
368 3856 482 3926 partem
505 3849 608 3908 amicis
630 3849 692 3908 suis
713 3868 773 3908 non
793 3850 994 3925 indigentibus
1015 3849 1102 3909 titulo
1123 3850 1314 3925 gratitudinis
1335 3851 1386 3910 tri-

61 3932 132 4002 buit,
155 3930 269 4006 reliqua
289 3931 347 4007 piis
369 3930 513 3988 institutis
535 3929 707 3989 missionum
728 3930 807 3988 inter
827 3930 961 3988 infideles
982 3929 1129 4005 relinquit.

60 4036 237 4107 Quaamrna
260 4038 288 4094 1⁰
314 4036 362 4112 qui
384 4037 454 4095 ordo
477 4035 613 4094 caritatis
635 4036 799 4094 servandus
821 4036 914 4095 sitin
935 4035 1140 4096 sublevatione
1162 4036 1294 4098 aliorum.

259 4126 289 4182 2⁰
314 4131 434 4184 rectene
456 4123 625 4194 Quadratus
648 4126 749 4201 egerit.

655 4307 791 4376 Salutio.

147 4454 201 4518 An
225 4472 416 4528 ouansrrnn
449 4456 485 4515 1¹²¹
509 4452 547 4516 R.
574 4454 602 4516 1.
654 4450 690 4515 In
721 4455 870 4517 extrema
899 4449 1115 4527 necessitate,
1146 4449 1263 4514 saltem
1287 4447 1442 4530 spiri-381

58 4543 150 4621 tuali,
174 4542 256 4608 haec
280 4541 351 4624 ipsa
375 4544 479 4606 rumor
501 4543 669 4605 lascessitus
693 4544 753 4617 est,
778 4561 862 4622 quae
885 4560 964 4622 prae
981 4539 1054 4604 aliis
1070 4539 1114 4605 sit
1133 4537 1382 4603 consideranda:

59 4631 201 4715 alioquin
225 4631 252 4696 si
276 4632 386 4714 plures
409 4629 532 4696 luerint
554 4629 587 4694 in
611 4634 761 4697 extrema
784 4629 991 4706 necessitate,
1016 4649 1121 4710 neque
1138 4626 1286 4692 omnibus
1310 4647 1383 4691 suc·

1119 4730 1170 4784 13*
