3106 5168
143 258 206 321 104
354 253 395 308 De
414 254 562 311 virtutibus
580 261 609 311 et
625 258 725 313 officiis
743 276 809 328 arga
827 258 923 314 Deum
940 287 978 299 -
992 259 1089 315 Virtus
1106 258 1253 329 religionis.

141 429 255 496 Potuit
276 429 338 496 hoc
361 431 490 514 quidem
514 433 700 517 Symmachi
722 436 939 503 attentionem
969 437 1129 518 effugere;
1160 435 1368 501 nihilominus
1397 440 1469 503 tota

142 518 211 583 eius
226 519 346 586 mentis
362 521 507 587 condicio
530 544 570 589 ea
593 528 675 600 erat,
699 528 738 591 ut
760 525 953 592 catholicam
970 525 1161 608 religionem
1184 528 1220 590 et
1240 525 1338 590 fidem
1353 546 1469 609 parum

142 613 289 685 curarem
314 630 419 693 neque
434 610 618 678 mirandum
634 614 706 691 erit,
730 614 759 679 si
782 650 826 659 —
849 615 935 698 quod
958 614 1179 697 indagandum
1202 617 1254 680 est
1276 647 1317 660 -
1343 613 1378 679 in
1397 615 1469 679 aliis

143 718 271 780 quoque
293 699 391 764 rebus
414 705 530 767 contra
552 701 627 767 fidei
649 703 808 770 articulos
832 703 1028 788 peccaverit.

231 812 270 879 rt.
295 815 326 879 4.
373 813 459 880 Sane
488 814 704 899 Symmachus
733 820 769 883 et
797 817 955 884 orationis
984 809 1165 883 efficaciam
1195 819 1278 882 mole
1306 818 1469 895 intellecti,

143 905 177 966 et
205 900 276 986 ipse
305 905 386 969 rnole
409 908 522 971 oravit.
568 905 653 971 Nam
680 905 713 988 1)
737 907 777 972 de
805 928 842 972 re
871 907 1044 990 temporali
1067 927 1132 971 non
1155 906 1295 973 habetur
1318 905 1471 972 absoluta

82 1043 104 1077 3,
142 995 177 1058 et
198 989 378 1058 infallibilis
398 993 580 1076 promissio.
621 994 654 1077 2)
670 996 810 1062 Videtur
832 996 1007 1079 aliquando
1031 999 1108 1062 aute
1131 999 1261 1079 tempus
1275 994 1471 1062 tentationis

73 1092 76 1099 ’
106 1086 108 1090 ’
143 1100 265 1158 orasse,
289 1081 347 1146 sed
369 1080 441 1164 ipso
457 1083 651 1151 tentationis
665 1088 813 1169 tempore
829 1085 1011 1152 orationem
1027 1084 1230 1168 neglexisse:
1253 1083 1336 1150 haec
1350 1084 1471 1166 agendi

143 1168 227 1235 ratio
250 1189 309 1236 seu
332 1170 491 1236 orationis
519 1172 718 1239 intermissio
748 1195 813 1240 non
843 1178 896 1240 est
924 1174 1103 1240 secundum
1133 1172 1195 1239 Dei
1221 1172 1470 1239 ordinationem.

143 1258 177 1341 3)
201 1257 341 1325 Videtur
370 1259 495 1343 opinari
527 1262 631 1327 Deum
660 1268 796 1346 propter
826 1284 941 1346 preces
971 1263 1072 1328 semel
1102 1262 1195 1327 fusas
1227 1262 1346 1328 debere
1376 1261 1471 1343 quasi

143 1368 202 1432 per
224 1347 416 1414 miraculum
440 1350 597 1433 peccandi
620 1351 798 1435 periculum
823 1356 976 1418 avertere
999 1357 1098 1434 atque
1127 1351 1290 1417 homiuem
1312 1351 1469 1434 ignavum

143 1436 213 1502 sine
236 1436 348 1502 labore
372 1437 548 1505 immunem
570 1461 721 1506 servare:
755 1462 828 1507 cum
851 1462 870 1506 s
893 1441 1057 1508 contrario
1080 1441 1169 1505 Deus
1198 1439 1282 1506 nolit
1302 1438 1471 1522 ignaviam

143 1546 311 1604 coronare,
335 1527 393 1592 sed
414 1527 505 1606 velit,
529 1531 566 1594 ut
588 1529 685 1595 homo
709 1535 843 1597 exserat
859 1530 955 1608 vires,
980 1532 1105 1614 pugnet
1120 1533 1235 1595 contra
1251 1527 1470 1603 tentationes:

143 1614 245 1770 quodt
260 1614 299 1716 si·
318 1614 435 1771 {escrit
465 1623 498 1684 et
529 1618 706 1685 christiano
737 1619 832 1686 modo
857 1618 1017 1698 oraverit,
1048 1617 1184 1700 augebit
1212 1618 1302 1683 Deus
1326 1618 1414 1683 vires
1437 1623 1472 1684 et

158 1725 228 1769 acre
267 1726 449 1772 viennam.

324 1920 480 1990 LAESIO
504 1923 672 1991 CULTUS
695 1924 839 1991 DIVINI
862 1961 906 1970 -
929 1924 1212 1991 SUPnRsTrrlo
1236 1923 1289 2007 (l).

710 2093 822 2160 casus.
849 2102 907 2169 (57)

232 2235 401 2305 Anselmus,
424 2255 461 2294 ex
483 2235 592 2295 Iudaeo
608 2235 803 2307 Christianus,
826 2235 995 2312 ceteroquin
1016 2255 1049 2294 se
1070 2235 1168 2312 palam
1187 2234 1388 2294 Christianum
1408 2255 1473 2312 pro·

144 2319 258 2387 fitetur,
284 2315 374 2375 ritum
395 2335 466 2375 vero
487 2317 558 2390 agni
578 2316 728 2392 paschalis
750 2334 816 2374 cum
837 2315 1049 2375 contribulibus
1070 2315 1133 2374 suis
1154 2317 1309 2385 observat,
1336 2315 1475 2390 religioni

144 2398 202 2456 sibi
230 2397 394 2455 ducendum
422 2416 488 2455 esse
515 2397 633 2466 dicens,
662 2396 689 2456 si
715 2396 803 2456 ritum
825 2395 934 2455 Christi
956 2394 1074 2455 Domini
1102 2395 1237 2472 exemplo
1267 2402 1473 2455 consecratum

144 2482 313 2555 spernerem
335 2477 410 2535 feria
425 2477 528 2552 quinta
547 2476 578 2534 in
594 2477 675 2536 Cena
688 2476 806 2536 Domini
828 2481 858 2535 et
878 2495 931 2553 per
952 2480 1090 2535 octavam
1110 2475 1180 2534 festi
1202 2474 1340 2551 Corporis
1362 2475 1474 2536 (lhriati

74 2590 78 2599 ·
144 2559 175 2617 iu
195 2558 337 2616 honorem
358 2557 387 2617 S.
408 2556 614 2617 Eucharistiae
633 2576 711 2634 pane
732 2576 835 2632 azymo
856 2560 972 2615 tanturn
992 2557 1140 2628 rescitum
1164 2555 1196 2614 in
1216 2555 1356 2615 honorem
1379 2555 1408 2616 S.
1430 2556 1474 2615 lo·

145 2637 231 2698 annis
251 2637 285 2697 B.
305 2636 443 2696 decollati
463 2656 620 2712 numquam
641 2636 702 2695 edit
722 2657 761 2697 ex
782 2636 879 2713 capite
900 2635 1037 2695 animalis
1059 2635 1166 2707 occisi;
1192 2635 1319 2695 lotiones
1340 2636 1475 2696 iudaicae

145 2718 315 2794 plerumque
337 2717 485 2784 observat,
507 2716 576 2792 quia
598 2717 634 2775 iis
656 2717 730 2776 adeo
745 2722 884 2776 assuetus
906 2721 961 2788 est,
984 2720 1016 2775 ut
1038 2714 1249 2775 conscientiam
1264 2716 1395 2790 quietam
1415 2736 1476 2776 uon

145 2799 268 2868 habeat,
292 2796 348 2855 nisi
369 2796 407 2854 iis
428 2797 567 2872 peractis.
609 2796 754 2865 Quoniam
775 2802 874 2856 autem
895 2796 924 2855 in
947 2797 1087 2855 suburbio
1109 2796 1237 2864 habitat,
1260 2796 1376 2855 distans
1397 2799 1476 2855 bona

145 2879 230 2938 leuca
254 2898 272 2935 a
294 2876 428 2953 proxima
452 2876 593 2947 ecclesia,
622 2877 757 2936 atribus
778 2877 864 2935 annis
886 2876 977 2935 Sacro
1006 2895 1065 2935 non
1090 2875 1148 2934 iam
1169 2876 1319 2946 interimi,
1348 2882 1476 2953 excepta

146 2958 221 3017 feria
242 2957 346 3033 quinta
365 2957 396 3016 in
418 2957 499 3017 Gens
519 2957 615 3028 Dom.‚
637 2977 694 3032 qua
715 2958 872 3032 quotannis
894 2956 922 3016 S.
944 2955 1183 3016 communionem
1205 2975 1322 3015 sumere
1343 2957 1429 3015 solet.

146 3080 322 3150 Quanmrun
344 3084 373 3138 1⁰
398 3099 472 3156 quae
495 3081 535 3138 sit
555 3080 727 3156 superstitio
749 3085 886 3156 atquem
908 3079 1123 3156 peccaminosa.

345 3179 375 3237 2⁰
401 3178 544 3254 quomodo
565 3178 725 3238 Anselmus
747 3176 958 3254 superstitione
979 3176 1157 3254 peccaverit.

344 3278 375 3336 3ο
400 3276 477 3335 sitne
499 3276 630 3352 legitime
652 3281 813 3336 excusatus
836 3278 873 3334 ab
895 3275 1041 3334 audiendo
1063 3274 1163 3334 Sacro.

744 3466 881 3533 solutio.

86 3635 137 3689 206
237 3613 288 3674 An
313 3630 505 3684 ouansrrun
532 3614 568 3673 1¹¹¹
591 3608 629 3674 R.
655 3613 681 3673 l.
722 3606 918 3690 Superstitio
934 3605 1054 3672 dicitur
1068 3609 1240 3689 peccatum
1256 3610 1373 3672 contra
1389 3606 1478 3672 debi-

148 3705 217 3766 tum
242 3699 303 3763 Dei
327 3699 450 3764 cultum
478 3720 537 3782 per
559 3719 734 3778 cromanae,
765 3696 784 3761 i.
810 3717 837 3762 e.
863 3695 1065 3761 excercendo
1090 3694 1230 3777 aliquem
1253 3695 1378 3762 cultum
1402 3695 1479 3761 reli·

148 3788 285 3872 giosum‚
310 3787 365 3870 qui
381 3788 469 3853 dotet
485 3786 593 3870 potius
608 3788 718 3867 omitti,
742 3806 800 3850 seu
817 3784 999 3851 exercendo
1015 3787 1136 3857 actum,
1153 3783 1208 3867 qui
1224 3785 1332 3850 cultus
1348 3785 1478 3866 quidem

149 3878 208 3954 sit,
241 3878 298 3943 sed
328 3878 430 3942 cultas
463 3879 608 3956 uitiosas2·
637 3896 710 3940 oum
736 3897 797 3960 per
821 3874 973 3956 defectum
1005 3877 1159 3957 peccetur
1182 3873 1362 3939 omittendo
1386 3879 1480 3940 actus

150 3966 278 4033 debitos
308 3967 360 4032 vel
391 3966 539 4050 ponendo
571 3968 681 4043 actus,
713 3963 768 4045 qui
798 3963 920 4028 nullam
951 3963 1059 4029 cultus
1088 3962 1233 4044 religiosi
1256 3962 1400 4046 speciem
1423 3962 1480 4029 sed

150 4058 398 4142 irreligiositatis
422 4055 600 4122 continent.

239 4170 278 4237 u.
304 4171 334 4235 2.
374 4169 521 4235 Vitiosus
544 4188 616 4232 esse
649 4170 759 4250 potest
782 4166 889 4231 cultus
913 4164 984 4230 sive
1014 4168 1138 4230 ratione
1169 4168 1216 4229 rei
1247 4188 1328 4250 quoe
1352 4165 1480 4241 colitur,

152 4259 221 4324 sive
244 4263 369 4325 ratione
390 4260 477 4323 modi
500 4280 560 4343 qao
583 4256 710 4322 colitur.
758 4255 896 4319 Ratione
926 4255 974 4319 rei
1005 4274 1088 4335 quae
1119 4253 1238 4319 colitur
1260 4253 1401 4319 vitiosus
1431 4258 1482 4319 est

153 4349 260 4413 cultus
283 4347 456 4430 religiosus
479 4345 631 4428 quilibet,
663 4345 717 4426 qui
741 4365 845 4426 neque
868 4343 1056 4408 immediate
1080 4363 1185 4425 neque
1208 4343 1352 4409 mediate
1375 4343 1482 4408 tendit

153 4438 186 4502 in
216 4459 331 4502 verum
364 4438 468 4502 Deum
501 4435 656 4515 (mediate
689 4433 774 4499 enirn
806 4433 840 4497 iu
872 4435 977 4498 Deum
1007 4431 1114 4498 tendit
1147 4432 1253 4497 cultus
1286 4432 1479 4498 Sanctorum

155 4527 264 4591 divino
292 4526 385 4594 cultu
415 4524 579 4607 inferior):
611 4546 712 4609 quare
742 4543 872 4606 semper
903 4522 956 4587 vel
988 4530 1031 4586 est
1060 4521 1249 4587 idololatria
1275 4522 1330 4586 vel
1360 4521 1482 4604 aliquid

156 4616 362 4683 idololatriae
385 4616 494 4701 habet.
