3106 5168
161 294 226 357 524
652 287 693 342 De
710 287 818 356 legibus
837 286 983 342 Ecclesiae.

161 464 270 546 aliquo
283 463 378 527 modo
389 461 658 528 retractationem
671 462 780 528 facere
793 461 941 539 debebat,
960 482 1024 544 qno
1040 460 1271 543 intellegerent
1282 461 1399 527 fideles
1410 484 1481 529 eum

161 553 306 638 priorum
330 551 491 617 factorum
515 553 693 634 paenitere.
726 551 818 628 Quod
841 551 973 629 directe,
998 570 1098 634 saepe
1114 551 1215 616 etiam
1238 550 1398 618 indirecte
1414 553 1481 617 fieri

161 645 282 727 potest,
306 661 338 706 v.
351 662 383 722 g.
408 661 494 706 nunc
516 641 626 724 palam
650 640 852 706 defendendo
875 640 948 706 iura
970 640 1138 704 Ecclesiae
1162 643 1262 720 atque
1278 641 1482 724 reprobando

161 729 420 816 persecutionem
436 729 537 808 illam,
563 751 660 812 quam
677 730 767 811 leges
782 728 858 794 illae
874 730 916 795 ab
932 728 1067 794 exordio
1083 729 1160 793 novi
1176 727 1270 808 regni
1287 729 1482 796 Germaniae

162 821 251 886 latae
281 817 529 900 inaugurarunt.
561 855 604 862 ·—
636 819 764 883 Damna
795 822 905 883 autem
935 818 1030 883 illata
1059 838 1101 882 ex
1126 817 1314 900 sequidem
1340 818 1483 885 etiamn

161 907 284 974 Licinio
309 907 492 991 reparanda
514 910 606 983 sunt;
637 927 752 971 verum
776 907 880 972 videri
903 906 1017 986 debet,
1049 929 1126 972 num
1150 928 1193 972 ex
1215 911 1311 990 parte
1334 908 1482 990 gubernii

161 998 244 1062 baec
268 997 458 1062 damnorum
482 995 648 1079 reparatio
671 997 715 1061 sit
730 996 880 1079 perfecta
895 1002 994 1078 atque
1010 996 1199 1062 sacerdotes
1215 997 1372 1062 damnum
1394 998 1481 1081 passi

119 1157 121 1161 Α
161 1085 195 1151 id
218 1085 304 1168 quod
326 1086 413 1150 forte
436 1089 540 1151 restet
563 1085 828 1151 condonaverint.

251 1182 371 1259 Quodsi
394 1183 476 1247 haec
499 1183 607 1247 omnia
629 1183 664 1247 in
687 1182 746 1249 tali
771 1202 849 1248 casu
873 1181 1086 1265 nonpossint
1109 1181 1223 1247 statim
1243 1182 1410 1258 elucidari,
1433 1183 1482 1249 in·

162 1271 244 1356 spici
267 1272 380 1348 debet,
412 1291 496 1352 quae
526 1271 570 1336 sit
593 1292 700 1348 mens,
732 1272 787 1353 qui
811 1270 938 1335 animus
961 1270 1175 1354 paenitentis,
1205 1292 1284 1336 num
1313 1271 1412 1337 fortis
1441 1273 1483 1337 sit

162 1360 284 1443 ingenii
308 1359 471 1441 animique
487 1360 600 1438 virilis,
624 1360 673 1426 ita
690 1364 737 1438 ut,
762 1380 846 1442 quae
869 1358 953 1424 serio
976 1359 1172 1443 promiserit,
1196 1360 1259 1424 etsi
1282 1380 1406 1442 graves
1422 1361 1483 1426 dif-

162 1450 327 1515 ficultates
351 1454 534 1526 occurrant,
558 1450 664 1515 soleat
687 1449 832 1533 implere,
856 1470 899 1513 an
921 1448 1041 1530 ingenii
1061 1447 1176 1513 debilis
1199 1453 1233 1514 et
1255 1449 1482 1516 inconstantis.

162 1538 331 1604 Posterius
354 1538 382 1602 si
405 1538 546 1616 obtinet,
578 1539 756 1615 absolutio,
786 1543 944 1620 quantum
967 1537 1037 1602 fieri
1060 1541 1186 1620 potest,
1217 1537 1399 1605 differenda
1423 1545 1481 1616 est,

164 1628 240 1692 dum
264 1626 481 1708 obligationes
510 1648 586 1692 suas
613 1627 817 1710 impleverit;
848 1627 876 1691 si
905 1625 1012 1710 prius,
1043 1626 1156 1691 dilatio
1180 1627 1397 1692 absolutionis
1419 1649 1482 1693 non

164 1722 215 1782 est
247 1714 448 1793 necessaria,
481 1716 610 1796 quando
642 1716 823 1799 paenitenti
855 1717 935 1781 haec
965 1716 1078 1782 dilatio
1110 1736 1213 1797 grave
1244 1716 1482 1782 incommodum

164 1804 325 1881 attulerit,
349 1804 540 1870 muniendus
563 1809 673 1870 tamen
697 1808 757 1883 est,
783 1825 824 1869 ne
839 1804 1088 1870 difficultatibus
1110 1805 1287 1888 inopinatis
1310 1804 1483 1888 frangatur

164 1897 214 1971 et,
245 1893 272 1957 si
302 1893 372 1958 fieri
401 1896 527 1977 potest,
557 1893 757 1959 inducendus
781 1895 834 1959 vel
857 1894 958 1959 etiam
981 1893 1189 1975 obligandus,
1220 1896 1257 1958 ut
1286 1893 1381 1958 brevi
1410 1898 1484 1978 post

164 1982 269 2048 denuo
293 1983 335 2048 ad
353 1987 560 2048 sacramenta
576 1984 722 2062 accedat,
747 1983 955 2066 expositurus
979 1986 1102 2048 statum
1119 2004 1212 2047 suum
1228 1986 1328 2065 atque
1345 1983 1482 2048 difficul-

163 2075 252 2138 tates
275 2071 362 2137 forte
386 2075 531 2138 exortas.

251 2159 327 2224 Non
350 2181 425 2226 raro
450 2160 626 2242 loquuntur
649 2160 689 2224 de
711 2161 894 2225 iuramento
919 2182 939 2225 a
962 2160 1151 2244 paenitente
1173 2161 1375 2244 praestando
1399 2160 1483 2226 circa

163 2248 423 2314 satisfactionem
455 2250 545 2314 laeso
575 2250 825 2334 praestandam,
857 2249 943 2314 circa
971 2249 1217 2333 promissionem
1249 2271 1314 2314 non
1346 2250 1484 2334 amplius

163 2338 315 2421 patrandi
340 2338 476 2403 crimina
498 2338 565 2404 illa.
597 2339 720 2402 Verum
735 2339 817 2403 haec
840 2337 949 2403 iurata
972 2338 1142 2422 promissio
1166 2338 1258 2420 viget
1281 2339 1315 2404 in
1338 2339 1412 2404 foro
1428 2360 1482 2404 ex·

163 2430 276 2504 ternu,
306 2427 340 2492 in
363 2428 433 2492 solo
456 2427 585 2492 interno
616 2426 688 2493 foro
712 2449 776 2492 non
800 2431 852 2492 est
874 2428 991 2493 stricta
1015 2426 1188 2509 obligatio,
1218 2426 1269 2492 ius
1297 2431 1412 2494 tamen
1434 2435 1483 2493 cst

163 2515 303 2599 praelati
327 2516 380 2580 vel
404 2516 604 2594 confessarii,
629 2516 709 2581 illud
732 2516 928 2600 postulandi.
975 2516 1023 2582 cf.
1052 2517 1107 2581 ln.
1132 2539 1172 2582 m.
1198 2516 1239 2594 II,
1264 2518 1340 2583 878.

570 2757 814 2823 ABSOLUTIO
843 2758 1077 2825 COMPLICIS.

719 2917 828 2982 Casus.
857 2924 933 2992 (311)

253 3060 344 3118 Linus
367 3059 542 3135 compluries
561 3059 668 3117 misere
683 3059 784 3135 lapsus
799 3065 845 3117 est
865 3059 987 3135 impuris
1009 3059 1138 3118 tactibus
1160 3079 1225 3118 cum
1247 3061 1373 3133 ancilla;
1397 3062 1482 3120 semel

165 3140 253 3199 etiam
285 3140 358 3198 adiit
385 3140 500 3198 domum
531 3139 726 3197 meretriciam
757 3145 844 3214 atque
875 3140 996 3197 mutatis
1024 3140 1157 3198 vestibus
1187 3141 1331 3216 peccavit.
1381 3142 1484 3200 Mulier

164 3220 354 3278 nihilominus
376 3221 557 3278 sacerdotem
581 3225 762 3293 cognoverat
783 3227 813 3278 et
833 3221 920 3295 paulo
943 3225 1024 3296 post,
1053 3225 1174 3296 peracta
1195 3221 1271 3296 apud
1300 3221 1397 3297 ipsum
1419 3241 1483 3279 con-

164 3301 310 3370 fessione,
339 3300 410 3357 dicit
438 3319 470 3357 se
492 3319 526 3356 eo
548 3299 686 3357 fidentius
707 3300 784 3375 apud
812 3300 907 3375 ipsum
929 3299 1100 3375 deposuisse
1122 3308 1260 3375 peccata,
1290 3302 1367 3376 quod
1396 3302 1484 3360 sciret

164 3381 259 3456 ipsum
289 3380 390 3438 cadem
417 3379 580 3453 fragilitate
608 3380 751 3438 laborare.
808 3380 870 3449 Quo
899 3380 1122 3455 obstupefactus
1150 3381 1241 3438 Linus
1270 3388 1301 3439 et
1327 3382 1422 3439 iratus
1451 3402 1483 3439 ac

164 3461 281 3529 timens,
303 3480 339 3518 ne
361 3461 402 3518 sit
420 3460 548 3533 agnitus,
572 3480 603 3517 se
625 3460 779 3517 absolvere
800 3480 858 3517 non
874 3479 961 3534 posse
978 3461 1058 3530 dicit,
1080 3460 1139 3518 nisi
1159 3461 1236 3518 hanc
1258 3462 1435 3520 calumniam
1457 3469 1485 3518 et

164 3540 300 3597 iniuriam
323 3540 379 3598 sibi
400 3541 509 3597 factam
531 3544 681 3597 retractet.
716 3539 822 3597 Mulier
843 3540 933 3612 igitur
947 3540 1018 3598 dicit
1039 3559 1071 3599 se
1093 3541 1200 3612 dolere,
1222 3542 1248 3599 si
1270 3542 1337 3616 quid
1360 3541 1430 3600 falsi
1451 3543 1485 3600 de

164 3619 228 3694 ipso
250 3620 403 3694 suspicata
431 3620 470 3677 sit
495 3639 550 3677 nec
572 3619 724 3694 quicquam
746 3639 779 3677 se
801 3619 872 3676 loris
893 3620 1072 3694 prodituram
1095 3641 1175 3679 esse:
1205 3626 1292 3696 atque
1319 3622 1363 3680 ita
1392 3622 1484 3680 absol·

165 3698 244 3756 vitur
265 3719 283 3756 a
304 3700 386 3757 Lino.
409 3732 446 3739 —
467 3699 614 3757 Ancillam
636 3705 734 3757 autem
756 3699 885 3757 absolvit
906 3700 1032 3775 pluries,
1062 3705 1121 3758 tum
1143 3700 1211 3775 quia
1234 3701 1298 3776 ipse
1320 3701 1347 3760 ei
1369 3721 1484 3777 persua·

165 3785 246 3837 serat
267 3778 409 3837 eiusmodi
430 3799 477 3836 res
499 3799 557 3836 non
571 3779 659 3836 facile
674 3798 741 3836 esse
756 3778 859 3853 gravia
874 3785 1007 3855 peccata,
1027 3785 1114 3854 atque
1130 3781 1239 3839 ancilla
1253 3781 1283 3838 in
1299 3783 1485 3840 confessione

166 3859 342 3934 compluries
365 3860 399 3916 de
420 3859 457 3915 iis
479 3861 566 3916 rebus
589 3859 685 3929 siluit,
715 3865 776 3917 tum
798 3859 865 3934 quia
894 3859 969 3917 alias
998 3879 1029 3918 se
1051 3859 1086 3917 de
1114 3860 1151 3917 iis
1179 3866 1212 3918 ut
1234 3861 1330 3919 dubiis
1355 3862 1486 3937 pcccatis

165 3939 319 3997 accusavit
340 3940 387 3996 vel
410 3939 498 3996 etiam
520 3939 651 4011 generali
679 3939 763 3996 modo
795 3959 919 4011 ,accuso
942 3959 987 3997 me
1009 3941 1044 3996 do
1067 3942 1201 3997 omnibus
1229 3942 1363 4015 peccatis
1385 3948 1486 4001 contra

166 4020 332 4077 castitatem
361 4020 391 4076 in
420 4024 482 4076 tota
503 4020 565 4076 vita
593 4020 787 4088 commissis“,
815 4020 845 4076 in
868 4039 924 4093 qua
953 4020 1142 4077 accusatione
1164 4021 1255 4078 Linus
1283 4022 1401 4096 putavit
1429 4043 1484 4080 non

166 4100 310 4158 contineri
331 4099 489 4175 specialem
512 4119 610 4156 eorum
632 4108 818 4173 peccatorum
841 4100 1068 4174 expressionem,
1092 4101 1229 4174 aquibus
1251 4103 1408 4162 absolvere
1430 4124 1484 4161 nou

165 4186 273 4254 posset.

166 4285 341 4355 Qnsuuirun
364 4288 391 4342 1⁰
418 4285 492 4358 quod
516 4289 562 4341 est
583 4290 736 4359 peccatum
759 4284 919 4359 complicis,
942 4305 959 4342 a
981 4304 1036 4359 quo
1060 4286 1113 4342 sub
1134 4306 1230 4360 poena
1252 4289 1485 4347 excommunico·

417 4366 506 4423 tionis
529 4365 727 4422 confessarius
748 4384 785 4421 ne
808 4365 944 4422 absolvat
965 4365 1143 4440 prohibetur.

362 4464 392 4520 20
417 4482 492 4537 quae
514 4462 574 4519 sint
595 4462 844 4531 circumstantiae,
867 4482 941 4537 quae
956 4470 1109 4533 excusent,
1132 4469 1162 4521 et
1176 4484 1250 4538 <pirae
1268 4484 1329 4525 non
1344 4475 1486 4526 excusent

418 4546 454 4600 ab
477 4543 786 4600 excommunicatione.

363 4642 393 4698 3⁰
419 4640 487 4714 quid
510 4641 544 4698 de
567 4641 685 4698 casibus
706 4640 781 4698 Lini.
