3106 5168
159 298 223 360 242
275 292 315 347 De
333 293 483 348 virtutibus
501 294 530 346 et
547 291 645 347 officiis
664 308 730 360 erga
748 290 877 369 homines,
896 319 931 329 -
951 291 1075 345 Virtutes
1092 290 1214 346 iustitiae
1232 307 1363 346 annexae.

157 470 287 530 confert:
316 489 401 546 quem
423 468 587 529 discessum
611 473 697 545 pater
719 467 880 543 aegerrime
902 468 1001 526 ferens
1022 468 1155 543 graviter
1177 467 1323 544 praecipit
1344 467 1421 537 filio,
1450 475 1483 526 ut

158 551 274 610 domum
295 554 464 609 revertatur
485 554 515 607 et
535 548 631 626 patris
652 548 782 607 examini
804 547 958 607 consilium
980 567 1064 607 suum
1085 548 1218 607 subiciat.

246 633 344 700 Anna,
365 628 445 688 illius
459 648 544 688 soror
557 628 660 697 maior,
683 647 749 686 cum
770 628 876 687 iuvene
897 646 970 688 suae
985 627 1168 687 condicionis
1183 627 1298 704 quidem
1318 647 1377 686 non
1392 627 1482 687 divite

157 710 309 786 sponsalia
330 709 401 780 init,
430 709 606 769 inconsultis
627 709 817 785 parentibus,
846 727 919 784 quos
949 708 1008 767 scit
1029 708 1104 768 velle
1133 715 1167 767 ut
1187 707 1286 767 ditiori
1314 709 1422 766 nubat:
1451 728 1482 766 re

158 791 278 866 cognita
298 795 385 867 pater
405 788 469 847 vult
490 795 524 847 ut
544 789 696 866 sponsalia
717 788 824 848 solvat.

157 897 334 968 Quunmrun
355 898 385 953 1ο
411 914 485 971 quae
500 895 539 954 sit
553 896 679 955 filiorum
693 895 834 969 obligatio
850 894 1055 954 oboedientiae
1070 913 1140 970 erga
1155 899 1304 970 parentes,
1326 900 1481 971 parentum

409 975 507 1035 insin
530 976 674 1035 electione
696 980 802 1034 status.

355 1066 385 1124 2ο
410 1064 478 1142 quid
500 1065 535 1123 de
557 1065 664 1140 agendi
685 1064 802 1124 ratione
823 1063 950 1122 filiorum
971 1082 1129 1140 eorumque
1150 1063 1330 1137 obligatione
1350 1063 1382 1123 in
1402 1082 1481 1122 casu.

753 1245 887 1313 solutio.

93 1397 146 1451 473
246 1383 298 1447 Ao
317 1402 508 1458 ouansrruu
529 1383 567 1446 1¹¹²
590 1381 628 1446 lt.
649 1385 676 1447 1.
716 1380 748 1446 S.
769 1381 942 1445 Thomas
961 1379 1027 1462 Aq.
1052 1380 1188 1462 loquens
1212 1381 1252 1445 de
1276 1381 1481 1447 oboedientia

155 1473 335 1537 horninibus
357 1470 468 1537 debita
492 1471 591 1537 etiam
616 1470 656 1534 de
680 1469 886 1536 oboedientia
901 1469 1041 1535 filiorum
1062 1490 1142 1551 erga
1165 1474 1320 1554 parentes
1343 1471 1377 1534 in
1401 1473 1431 1548 2,
1450 1474 1479 1547 2,

156 1583 187 1644 q.
207 1564 279 1638 104,
304 1581 334 1627 a.
356 1561 374 1623 5
400 1559 494 1626 dicit:
524 1559 685 1638 ,Tenetur
701 1563 810 1626 autem
831 1559 926 1624 homo
944 1559 1065 1624 homini
1081 1559 1232 1624 oboedire
1256 1559 1289 1624 in
1312 1559 1373 1637 his,
1399 1580 1482 1642 quae

156 1650 302 1717 exterius
324 1669 383 1733 per
406 1670 524 1732 corpus
539 1653 616 1714 sunt
632 1649 776 1731 agenda3
801 1649 834 1713 in
857 1648 973 1730 quibus
996 1653 1107 1714 tamen
1123 1649 1299 1713 secundnm
1324 1669 1373 1726 ea,
1399 1670 1481 1731 quae

156 1740 198 1804 ad
221 1744 373 1805 naturam
397 1739 543 1822 corporis
572 1737 753 1821 pertinent,
786 1736 881 1802 homo
912 1737 1033 1802 homini
1064 1737 1214 1803 oboedire
1244 1758 1309 1802 non
1339 1742 1480 1814 tenetur,

155 1828 213 1893 sed
237 1829 341 1893 solum
365 1828 451 1906 Dea,
481 1826 557 1909 quia
581 1846 693 1892 omnes
716 1827 863 1891 homines
886 1831 1005 1893 natura
1028 1830 1106 1892 sunt
1128 1847 1240 1911 pares,
1272 1829 1353 1910 puta
1374 1826 1409 1891 in
1431 1827 1481 1892 his

155 1937 239 1998 quae
269 1916 435 2000 pertinent
467 1917 509 1982 ad
542 1914 688 2000 corporis
720 1915 993 1981 sustentationem
1026 1920 1060 1981 et
1091 1916 1191 1998 prolis
1223 1915 1479 1998 generationem.

155 2006 245 2070 Unde
272 2029 336 2072 nou
364 2013 508 2071 terrentur
534 2028 590 2070 esec
620 2009 704 2070 servi
728 2008 866 2069 dom-inis
896 2028 952 2070 uec
976 2008 1039 2090 filii
1059 2005 1250 2090 parentibus
1273 2007 1420 2070 oboedire
1444 2008 1481 2070 de

154 2097 355 2160 ruotriuionio
386 2095 599 2159 contrahendo
632 2097 678 2159 vel
711 2096 750 2159 de
779 2097 960 2178 cirpinitote
991 2095 1150 2159 seruando
1183 2097 1241 2159 aut
1274 2093 1382 2176 aliquo
1415 2095 1478 2159 alio

155 2183 366 2249 huiusmodi.“

243 2290 281 2357 a.
307 2292 337 2356 2.
384 2288 519 2364 Quando
543 2287 654 2370 agitur
677 2288 718 2352 de
742 2289 941 2371 capessendo
964 2292 1055 2355 statu
1078 2288 1290 2372 perfectionis
1322 2309 1379 2354 seu
1403 2290 1478 2353 reli-

154 2378 256 2461 giose,
280 2378 494 2449 communiter
517 2399 582 2443 non
606 2377 759 2443 convenit
781 2378 966 2456 admodum,
1000 2378 1088 2443 circa
1111 2378 1194 2443 hanc
1217 2399 1285 2442 rem
1310 2377 1478 2442 consilium

155 2487 273 2551 capere
296 2489 316 2533 a
339 2466 541 2552 parentibus,
565 2467 643 2549 quia
665 2467 826 2532 naturalis
850 2489 941 2532 amor
965 2467 1077 2533 atrei
1102 2468 1142 2532 de
1165 2488 1230 2549 qua
1253 2467 1363 2549 agitur
1387 2467 1478 2550 igno·

154 2557 263 2622 rantis
287 2556 415 2623 facilius
439 2577 495 2622 eos
518 2556 626 2622 reddit
649 2556 754 2622 malos
778 2555 990 2621 consiliarios
1037 2556 1071 2622 Si
1095 2560 1219 2628 autem.
1244 2577 1280 2621 re
1303 2577 1377 2621 cum
1402 2578 1477 2622 oon-

155 2645 291 2711 fessario
309 2647 361 2710 vel
380 2645 540 2728 spirituali
559 2645 723 2711 directore
746 2645 994 2721 communicata,
1015 2647 1142 2710 firmum
1159 2646 1363 2730 propositum
1380 2645 1478 2711 fuerit

154 2739 356 2819 conceptum,
382 2756 481 2818 saepe
504 2734 702 2819 impossibile
725 2734 778 2799 vel
802 2734 902 2800 etiam
927 2735 1032 2798 minus
1055 2735 1198 2818 prudens
1222 2734 1329 2801 estid
1357 2756 1477 2817 cogna-

154 2829 206 2890 tos
227 2825 349 2901 celare;
374 2824 472 2889 immo
492 2824 520 2888 si
541 2824 639 2889 nimia
659 2823 848 2889 resistentia
868 2845 932 2888 non
955 2824 1099 2901 timetur,
1120 2824 1254 2906 expedit
1276 2825 1477 2907 propositum

152 2913 343 2996 parentibus
366 2914 526 2996 pandere,
558 2917 595 2978 ut
618 2934 692 2978 cnm
716 2934 826 2978 eorum
851 2913 1075 2978 benedictione
1098 2913 1264 2994 negotium
1289 2919 1477 2996 peragatur.

154 3003 187 3068 Si
212 3023 289 3067 vero
314 3024 449 3085 gravem
466 3024 577 3067 eorum
594 3002 814 3068 resistentiam
838 3001 892 3066 vel
909 3007 1061 3066 conatum
1086 3023 1155 3067 rem
1170 3002 1377 3085 impediendi,
1403 3003 1478 3067 licet

153 3113 272 3157 causae
295 3092 402 3159 iustae
426 3113 488 3156 non
513 3092 638 3169 adsint,
663 3091 749 3155 filius
773 3091 980 3174 praevideat,
1005 3091 1120 3156 melius
1144 3112 1202 3174 per
1225 3113 1261 3156 se
1285 3096 1352 3169 est,
1379 3093 1476 3158 etiarn

151 3181 264 3247 invitis
288 3186 322 3247 et
345 3181 454 3246 insciis
478 3180 667 3265 parentibus
690 3202 759 3245 rem
776 3181 918 3263 exsequi.
955 3182 1113 3247 Attamen
1130 3180 1387 3245 considerandae
1403 3186 1478 3245 sunt

152 3271 418 3337 circumstantiae
441 3271 512 3348 loci,
539 3270 696 3352 temporis
720 3274 781 3335 etc.

92 3394 143 3447 4721
242 3378 280 3443 R.
305 3381 335 3442 3.
382 3377 584 3458 Quanrquam
617 3376 717 3442 etiam
749 3376 783 3440 in
815 3375 954 3440 ineundo
985 3375 1191 3440 matrimonio
1224 3376 1280 3440 filii
1312 3376 1477 3441 voluntati

152 3472 324 3549 parentum
348 3487 411 3530 non
433 3466 612 3540 subiacent,
637 3486 743 3547 neque
765 3470 918 3548 parentes
942 3485 998 3529 eos
1021 3463 1177 3547 impedire
1200 3485 1259 3548 per
1282 3486 1317 3529 se
1341 3471 1478 3549 possunt

152 3555 223 3619 sive
254 3577 273 3619 a
303 3555 509 3619 matrimonio
540 3554 572 3618 in
602 3575 724 3636 genere
748 3559 877 3637 sumpto
907 3553 977 3618 sive
1008 3574 1028 3618 a
1057 3554 1264 3619 matrimonio
1289 3576 1363 3618 cum
1388 3559 1477 3619 certa

152 3665 293 3725 persona
309 3644 452 3724 alioquin
468 3648 548 3726 apta
564 3647 598 3708 et
614 3643 837 3708 convenienti:
862 3647 1009 3709 attamen
1025 3642 1053 3707 si
1068 3643 1188 3710 iustam
1206 3664 1339 3708 causam
1356 3644 1477 3708 habent

152 3737 242 3797 certo
266 3732 394 3796 cuidam
417 3733 623 3798 matrimonio
648 3732 900 3808 contradicendi,
925 3732 1010 3796 filius
1034 3753 1091 3796 seu
1115 3733 1181 3797 filia
1204 3736 1343 3815 peccant
1363 3734 1476 3798 matri-

152 3820 294 3885 monium
318 3821 397 3885 illud
422 3825 537 3886 contra
561 3826 733 3905 parentum
757 3821 961 3887 voluntatem
985 3821 1134 3887 ineundo
1170 3822 1272 3886 lmmo
1295 3823 1475 3903 generatim

153 3914 299 3993 peceant,
324 3911 350 3973 si
375 3911 616 3975 matrimonium
640 3911 837 3993 promittuut
853 3910 904 3974 vel
925 3910 1038 3975 ineunt
1061 3910 1252 3975 inconsultis
1276 3912 1475 3993 parentibus.

153 3999 212 4076 Qui
236 3999 264 4063 si
287 3999 406 4064 iniuste
423 4001 659 4077 contradicunt,
685 4000 759 4063 filiis
783 3999 990 4063 nihilominus
1014 4000 1090 4064 licet
1114 4000 1355 4064 matrimonium
1379 4002 1474 4065 inire:

153 4089 248 4170 idque
272 4088 370 4152 etiarn
395 4089 482 4153 civili
507 4090 579 4170 lege
603 4089 791 4154 conceditur
815 4088 894 4170 ipsis
918 4089 992 4152 filiis
1016 4089 1271 4167 minorennibus‚
1304 4097 1474 4173 postquam

153 4183 325 4261 parentum
350 4199 449 4242 carisa
472 4178 594 4242 iniusta
617 4178 731 4260 agnita
755 4178 855 4242 fuerit
877 4178 1082 4243 iudicialiter.

90 4305 142 4358 475
242 4294 293 4356 An
315 4313 505 4367 Qunnsrrrn
531 4296 569 4354 2³¹
592 4292 631 4358 R.
651 4295 678 4356 1.
719 4292 885 4357 Celerinus
909 4313 967 4374 per
990 4313 1026 4356 se
1049 4313 1113 4356 non
1137 4292 1302 4374 peccavit3
1328 4295 1426 4358 immo
1450 4295 1474 4358 si

152 4403 271 4463 graves
288 4381 499 4446 difficultates
523 4381 583 4445 sibi
608 4382 792 4447 exoriturae
817 4403 888 4447 esse
911 4381 1112 4464 praeviderit
1129 4386 1243 4446 contra
1259 4383 1474 4454 vocatiouem,

152 4493 209 4554 per
233 4493 268 4536 se
292 4473 373 4535 bene
397 4471 475 4537 fecit
499 4492 539 4535 ue
563 4471 733 4536 indicando
758 4471 886 4552 quidem
918 4493 986 4535 rem
1018 4475 1051 4535 et
1078 4471 1200 4535 locum:
1234 4472 1341 4551 aliquo
1366 4477 1474 4537 tamen

154 4561 246 4625 modo
271 4561 376 4643 pietas
399 4560 593 4643 postulabit,
619 4566 655 4625 ut
678 4566 752 4644 post
775 4561 898 4625 factum
922 4561 1113 4643 parentibus
1136 4561 1350 4626 nuntiandum
1374 4566 1473 4633 curet,

153 4650 228 4730 quid
253 4651 292 4714 de
317 4671 352 4714 se
376 4650 500 4714 factum
524 4650 576 4714 sit.
