3106 5168
162 255 227 320 360
299 251 340 306 De
358 250 506 305 virtutibus
524 254 553 305 et
571 250 668 305 officiis
686 268 752 319 erga
770 250 900 305 homines.
919 280 952 290 -
972 249 1024 305 off.
1044 251 1116 304 circa
1132 251 1203 305 bona
1221 252 1345 304 externa.

102 438 154 492 713
251 428 304 493 An
329 447 520 503 onsasrruu
546 428 584 490 2¹²
606 426 645 492 R.
673 428 701 492 1.
749 426 822 491 Nisi
845 426 952 505 fallor,
977 425 1113 508 quilibet
1135 425 1278 509 prudens
1299 424 1402 491 iudex
1424 424 1486 491 fori

164 517 309 595 externi,
340 516 501 598 adquam
525 535 624 580 causa
647 514 761 580 similis
784 516 855 581 sive
878 515 919 581 ab
949 520 1086 598 aegroto
1118 516 1188 580 sive
1217 537 1238 580 a
1269 513 1400 580 familia
1432 514 1486 580 de·

163 606 267 673 functi
290 605 458 671 deferatur
480 604 663 682 iudicanda,
687 603 847 670 medicum
870 605 1014 688 plectere
1037 625 1142 686 neque
1160 603 1266 668 solum
1288 603 1332 670 ad
1358 604 1486 687 accepti

163 695 275 763 salarii
298 693 556 770 restitutionem,
586 693 644 758 sed
676 693 775 759 etiam
805 693 846 758 ad
870 692 1118 760 indemnitatem
1147 691 1292 758 familiae
1314 692 1486 776 superstiti

163 783 406 870 praestandam,
430 783 458 847 si
482 781 567 864 quod
592 781 746 848 damnum
768 781 857 866 passi
881 782 1011 859 fuerint,
1036 782 1252 847 condemnare
1275 781 1420 848 debebit.

174 964 177 969 y
251 889 290 955 R.
316 891 346 955 2.
392 888 483 954 Idem
506 909 622 954 censeo
645 888 680 952 in
702 888 774 953 foro
792 889 922 953 interno
945 888 1007 954 dici
1024 889 1151 964 debere,
1174 886 1237 952 nisi
1259 886 1408 970 excipias
1431 907 1486 951 ca·

162 999 251 1055 sum,
283 978 318 1042 in
350 998 414 1059 quo
437 976 582 1042 medicus
605 977 783 1061 prudenter
814 975 892 1057 (etsi
914 998 979 1042 non
1001 978 1099 1061 plane
1122 981 1227 1054 certe,
1259 980 1373 1041 tamen
1404 976 1486 1041 satis

162 1066 389 1151 probabiliter)
412 1065 623 1132 indicaverit:
647 1066 701 1132 vel
727 1066 759 1149 1)
783 1066 894 1132 Caium
911 1071 988 1132 ante
1004 1066 1237 1151 operationem,
1260 1065 1288 1130 si
1304 1063 1485 1149 periculum

162 1156 288 1222 sincere
303 1155 502 1239 explicatum
518 1158 615 1233 esset,
632 1155 734 1221 fuisse
750 1176 995 1231 consensurum
1015 1155 1068 1221 vel
1085 1155 1119 1236 2)
1135 1155 1253 1221 saltem
1268 1159 1345 1237 post
1359 1153 1484 1220 factum

162 1245 261 1312 etiam
285 1248 361 1329 post
384 1243 583 1328 explicatum
606 1244 785 1328 periculum
808 1249 920 1309 tamen
942 1244 1095 1309 libentius
1118 1245 1261 1309 laturum
1279 1242 1383 1308 fuisse
1406 1242 1485 1307 illud

161 1334 341 1419 periculum
353 1353 451 1415 quam
463 1332 631 1399 molestias
646 1333 738 1411 istas,
755 1333 903 1416 aquibus
914 1355 977 1400 non
991 1333 1078 1399 felici
1093 1354 1247 1399 successu
1258 1332 1421 1398 liberatus
1431 1331 1484 1397 sit.

250 1423 289 1487 In
312 1422 372 1486 hoc
396 1421 555 1505 probabili
585 1426 619 1487 et
648 1422 799 1506 prudenti
829 1421 963 1500 iudicio,
994 1423 1080 1504 quod
1102 1423 1237 1489 secundo
1265 1420 1397 1498 notavi,
1429 1441 1485 1485 ne-

161 1533 253 1577 cesse
276 1532 341 1576 non
357 1514 409 1575 est
424 1510 536 1575 Caium
560 1515 637 1576 aute
660 1511 884 1594 operationem
907 1512 991 1576 hanc
1014 1512 1272 1595 praeelecturum
1290 1510 1405 1587 fuisse,
1429 1531 1485 1575 ne·

163 1622 226 1683 que
250 1620 329 1665 sane
353 1600 553 1681 subsequens
577 1599 645 1664 Caii
677 1600 821 1664 condicio
846 1601 898 1664 vel
923 1600 1107 1679 consilium,
1138 1621 1212 1666 cum
1242 1599 1307 1664 iam
1337 1599 1372 1665 in
1396 1599 1485 1664 vitae

162 1689 342 1773 periculum
358 1709 474 1753 revera
491 1688 666 1765 exstiterit,
686 1689 1011 1763 necessarioattendi
1029 1689 1141 1755 debet:
1165 1689 1223 1754 sed
1239 1687 1353 1771 quaeri
1376 1687 1484 1764 debet,

162 1799 238 1842 num
255 1777 433 1861 pericnlum
450 1777 540 1854 illud,
565 1799 637 1842 cum
653 1786 803 1842 remotam
827 1784 925 1854 esset,
950 1778 1067 1844 fuisset
1089 1777 1243 1844 libentius
1266 1778 1407 1843 laturus.
1453 1777 1484 1842 Si

163 1866 248 1931 enim
272 1865 383 1948 agitur
406 1866 446 1931 de
469 1866 612 1949 periculo
635 1871 772 1943 remoto,
804 1867 890 1949 quod
913 1868 1002 1932 reale
1024 1866 1096 1932 fieri
1119 1870 1245 1950 potest,
1277 1866 1335 1931 sed
1360 1887 1426 1930 non
1449 1871 1486 1932 ut

162 1954 330 2039 probabile
346 1954 566 2036 praevidetur,
591 1955 670 2020 illud
687 1956 780 2021 multi
805 1957 934 2038 quidem
957 1977 1036 2040 prae
1060 1955 1133 2021 aliis
1148 1955 1243 2021 malis
1259 1955 1484 2039 praeeligunt,

139 2051 282 2121 tamen,
307 2044 341 2109 in
359 2045 429 2128 ipso
446 2044 563 2109 damno
587 2065 646 2128 per
661 2044 810 2109 accidens
833 2050 946 2111 secuto
969 2045 1077 2129 positi,
1101 2045 1181 2110 illud
1204 2066 1268 2111 non
1284 2045 1485 2128 praeelegis-

163 2137 247 2210 sent,
270 2133 297 2198 si
322 2133 474 2198 damnum
497 2132 578 2197 illud
601 2154 637 2199 re
666 2139 855 2199 secuturum
885 2134 1133 2217 praevidissent.
1180 2133 1253 2199 Hae
1276 2133 1380 2217 igitur
1410 2155 1485 2198 con·

162 2222 378 2288 siderationes
401 2222 441 2286 de
464 2222 575 2287 futuro
599 2222 802 2304 contingenti
826 2244 890 2287 non
914 2223 1033 2288 debent
1056 2222 1239 2288 necessario
1267 2221 1423 2288 iudicium
1447 2222 1485 2286 de

163 2311 363 2394 obligatione
387 2312 439 2375 vel
463 2311 745 2394 non-obligatione
768 2311 883 2376 medici
906 2311 1133 2378 determinare.

279 2527 541 2594 RESTITUTIO
566 2528 625 2593 EX
648 2527 976 2698 Fggffidsgffffi]
1002 2528 1087 2593 VEL
1111 2527 1367 2595 ADULTERIO

719 2756 827 2822 Casus.
856 2763 932 2831 (221)

252 2885 327 2944 Afra
347 2885 446 2961 puella
467 2885 563 2944 Titum
586 2892 616 2943 et
637 2885 746 2944 Titium
768 2893 914 2945 amatores
943 2886 1086 2957 admittit,
1115 2888 1152 2945 ab
1180 2891 1303 2961 utroque
1332 2894 1487 2965 receperat

164 2965 340 3024 matrimonii
361 2965 585 3041 promissionem
607 2971 694 3041 atque
709 2987 774 3024 curn
791 2974 912 3041 utroque
934 2973 1046 3042 peccat.
1087 2967 1157 3025 (lum
1183 2967 1371 3043 concepisset
1392 2988 1486 3044 noque

163 3045 262 3116 sciret,
284 3051 381 3104 utrum
399 3046 495 3104 aTito
517 3066 555 3104 an
576 3045 695 3116 aTitio,
719 3047 816 3105 Titum
839 3047 971 3105 ditiorem
993 3052 1107 3122 patrem
1129 3067 1195 3105 esse
1210 3047 1282 3105 dicit
1303 3067 1428 3123 eumque
1450 3049 1485 3106 ad

163 3126 377 3185 matrimonium
399 3127 567 3196 ineundum,
589 3146 645 3201 qno
660 3127 739 3184 fama
753 3133 911 3201 tegeretur,
933 3127 1020 3185 valde
1042 3134 1135 3202 urget.
1171 3128 1213 3185 Re
1234 3133 1302 3203 post
1323 3129 1485 3203 proclama·

163 3207 258 3265 tiones
279 3207 338 3265 iarn
360 3208 457 3264 factas
479 3207 660 3264 confessario
683 3207 845 3276 declarata,
868 3207 915 3264 hic
937 3207 1041 3265 Afram
1063 3207 1189 3280 obligat,
1211 3215 1244 3265 nt
1266 3208 1312 3265 vel
1335 3227 1397 3266 rem
1421 3209 1485 3268 Tito

163 3288 277 3345 sincere
305 3292 406 3345 narret
433 3287 480 3344 vel
502 3306 520 3344 a
540 3286 726 3345 matrimonio
748 3288 880 3345 desistat.
924 3286 1005 3355 Quod
1028 3307 1093 3345 cum
1114 3288 1188 3346 nolit
1209 3287 1399 3363 promittere,
1428 3308 1486 3347 non

163 3368 299 3426 absoluta
327 3368 364 3425 ad
395 3387 418 3426 s,
447 3367 678 3425 communionem
714 3372 744 3424 et
775 3367 991 3425 matrimonium
1020 3368 1225 3425 celebrandum
1254 3368 1371 3426 accedit
1399 3375 1486 3446 atquc

163 3455 231 3523 post
252 3466 381 3505 mensem
403 3447 536 3504 romalii
558 3447 740 3505 confessario
761 3448 856 3505 denno
877 3448 988 3522 pandit.

163 3552 339 3620 annmrnn
363 3556 389 3609 1υ
416 3572 490 3626 quae
512 3552 573 3610 sint
595 3554 790 3628 obligationes
812 3574 849 3611 ex
872 3553 1066 3611 fornicatione
1088 3552 1237 3612 oriundae.

361 3645 390 3698 2⁰
416 3648 534 3699 rectene
555 3642 731 3701 iudicaverit
752 3642 960 3701 confessarius

361 3732 389 3786 3⁰
416 3730 483 3804 quid
505 3737 573 3805 post
593 3732 810 3790 matrimonium
834 3733 910 3789 alter
931 3731 1131 3790 confessarius
1152 3733 1251 3790 facere
1273 3732 1388 3792 debeat.

360 3821 390 3873 4⁰
416 3817 484 3891 quid
506 3819 676 3890 dicendum,
705 3821 730 3877 si
752 3821 827 3877 Afra
848 3840 906 3878 non
928 3821 1025 3896 puella
1047 3827 1127 3879 esset
1148 3821 1199 3878 sed
1221 3821 1329 3879 coniux
1352 3821 1403 3879 alii
1424 3822 1486 3881 viro

416 3898 545 3972 legitime
566 3899 675 3958 iuncta.

756 4006 890 4071 Salutio.

101 4150 153 4204 714
251 4134 305 4198 Ao
328 4155 517 4210 occasurum
544 4141 580 4200 Γῐι
606 4137 643 4201 R.
666 4140 692 4202 1.
732 4137 791 4213 Qui
816 4143 990 4219 utcumque
1015 4160 1085 4201 cum
1110 4138 1218 4221 puella
1242 4144 1368 4222 peccat,
1393 4140 1421 4203 si
1446 4162 1485 4204 ex

162 4224 222 4288 hoo
246 4229 381 4308 peccato
399 4230 528 4290 constat
545 4226 668 4309 prolem
693 4247 764 4290 esse
781 4232 902 4302 natam,
928 4228 969 4291 ad
985 4227 1079 4290 huius
1096 4228 1195 4309 prolis
1211 4229 1484 4293 sustentationem

164 4320 197 4379 et
221 4314 445 4378 educationem
470 4318 601 4379 tenetur
624 4315 694 4378 sive
718 4317 806 4379 solus
830 4316 899 4379 sive
924 4337 997 4379 curn
1021 4321 1136 4381 matre.

252 4420 290 4486 R.
317 4423 345 4484 2.
394 4419 453 4495 Qui
478 4421 509 4483 vi
536 4423 587 4485 vel
612 4422 727 4485 fraude
758 4421 805 4485 ita
828 4421 912 4502 egit,
944 4426 1075 4486 tenetur
1105 4422 1146 4485 ad
1170 4424 1355 4505 reparanda
1379 4424 1486 4488 omnia

164 4508 281 4574 damna
304 4509 378 4573 inde
403 4510 543 4585 oritura;
567 4510 651 4576 binc.
677 4511 729 4591 qui
748 4511 780 4574 vi
797 4510 949 4573 feminam
968 4510 1112 4586 violavit,
1137 4516 1269 4593 praeter
1286 4513 1352 4577 alia
1369 4514 1487 4578 damna

163 4596 251 4661 solus
276 4598 360 4663 ferre
385 4598 481 4663 debet
504 4603 616 4681 partus
641 4603 674 4663 et
698 4599 884 4662 educandae
907 4599 1007 4682 prolis
1032 4621 1201 4682 expensae.
