3106 5168
29 281 71 346 84
598 277 640 333 De
657 278 786 349 peccatis.

26 453 97 520 irae
119 453 318 558 indulgendo
341 453 446 519 simile
461 453 582 519 malum
605 453 667 520 sibi
690 455 901 520 causaturum
924 473 1013 531 esse;
1036 474 1143 537 neque
1166 474 1210 520 ex
1225 453 1357 521 defectu

27 544 244 630 praevisionis
267 565 287 609 a
310 543 404 626 gravi
427 547 563 627 peccate
588 546 775 609 excusatur.

116 650 156 718 lt.
181 654 211 718 2.
258 648 371 728 Quoad
401 654 478 715 cont
463 649 637 715 tumeliosa
659 649 771 728 verba,
796 669 880 731 quae
911 649 946 715 in
975 645 1057 714 alios
1079 647 1223 735 profert,
1254 649 1357 734 probe

27 739 203 805 videndum
227 743 288 818 est,
312 758 397 822 quae
421 738 453 802 in
477 759 559 821 quos
581 739 738 823 proferat.
714 738 863 804 tNam
886 758 907 803 a
930 737 1119 803 condicione
1141 757 1356 823 personarum

28 830 165 896 multum
188 828 319 914 pendet,
344 832 444 910 atque
473 827 597 910 siquis
626 829 676 893 ira
699 825 797 892 valde
820 827 975 912 abreptus
1005 831 1040 894 et
1061 826 1120 892 vix
1148 827 1200 893 sui
1223 847 1357 912 compos

27 917 184 984 eiusmodi
215 918 316 983 verba
348 917 492 1001 profert,
525 916 722 983 contumelia
754 917 891 983 multum
923 917 1088 983 minuitur.
1134 916 1356 982 Nihilominus

26 1007 124 1092 plane
140 1006 277 1073 rationis
293 1027 411 1090 expers
427 1005 597 1072 Fabricius
620 1006 720 1073 etiam
742 1005 776 1070 in
799 1005 850 1071 ira
872 1025 937 1071 non
961 1011 1034 1073 erat
1057 1005 1157 1089 (quod
1177 1004 1355 1082 siluisset,

25 1095 108 1162 haec
132 1096 204 1180 ipsa
227 1095 384 1173 condicio,
415 1094 444 1160 si
473 1099 562 1160 esset
591 1094 753 1180 praevisa,
785 1098 940 1178 argueret
962 1095 1044 1160 iram
1073 1096 1201 1180 peccati
1223 1095 1355 1180 gravis:

26 1185 68 1253 cf.
93 1186 267 1261 Reuter‚
291 1184 456 1268 Neo-conf.
481 1205 512 1250 ιι.
536 1185 602 1266 89),
634 1206 673 1250 ao
701 1183 795 1268 proin
819 1184 923 1249 videri
946 1183 1068 1262 debuit,
1096 1205 1173 1250 num
1196 1184 1356 1269 spectatis

26 1274 174 1340 omnibus
199 1273 360 1340 adiunctis
384 1273 581 1339 contumelia
603 1273 704 1341 fuerit
727 1274 849 1354 gravis.
885 1272 977 1350 Quod
999 1273 1027 1339 si
1049 1273 1161 1352 fuerit,
1185 1273 1356 1340 Fabricius

26 1384 69 1429 ex
91 1364 153 1429 hac
177 1366 272 1447 parte
295 1362 445 1448 peccavit
467 1362 625 1444 graviter.

115 1468 154 1537 R.
179 1471 210 1536 3.
257 1467 413 1534 Similiter
436 1467 642 1533 iudicandum
665 1473 717 1535 est
740 1467 780 1534 de
803 1467 1106 1553 imprecationibus,
1131 1489 1209 1533 num
1231 1467 1356 1536 fuerint

25 1562 108 1624 aerio
131 1559 282 1643 prolatae
305 1578 364 1622 seu
396 1578 438 1622 ex
468 1557 586 1624 animo.
633 1557 754 1635 Quodsi
784 1578 850 1622 non
880 1578 921 1622 ex
952 1557 1059 1622 animo
1082 1595 1127 1604 —
1150 1561 1184 1624 et
1213 1579 1355 1624 revera

26 1648 218 1732 plerumque
247 1646 310 1712 hae
339 1646 592 1730 imprecationes
622 1667 665 1712 ex
694 1646 802 1712 animo
832 1666 897 1711 non
925 1647 1008 1712 fiunt
1034 1682 1078 1691 -
1108 1667 1172 1712 non
1202 1649 1355 1732 peccavit

26 1737 184 1819 graviter,
210 1739 370 1819 quatenus
392 1735 645 1819 imprecationes
668 1757 733 1819 qua
756 1736 841 1801 tales
864 1739 1064 1820 spectantur.

115 1850 238 1916 Verum
261 1849 300 1917 lt.
321 1853 351 1916 4.
391 1849 559 1927 Quatenus
581 1849 671 1915 hisce
694 1849 883 1915 excessibus
905 1870 1009 1934 pravo
1032 1870 1091 1915 suo
1114 1850 1266 1934 exemplo
1289 1851 1354 1917 Fa·

25 1939 145 2005 bricius
175 1939 330 2005 scandalo
360 1939 440 2015 fuit,
472 1944 571 2022 atque
600 1938 759 2024 imprimis
788 1937 908 2004 liberos
937 1939 1026 2022 ipsos
1055 1937 1166 2005 docuit
1194 1939 1354 2006 eiusmodi

25 2028 276 2112 imprecationes
299 2032 400 2110 atque
429 2048 584 2094 excessus
614 2027 745 2104 imitari,
777 2027 926 2110 graviter
954 2027 1114 2112 peccavit.
1161 2028 1206 2094 Et
1235 2048 1354 2095 revera

25 2117 183 2183 eiusmodi
206 2117 396 2184 scandalum
420 2117 603 2200 generatim
626 2122 678 2184 est
701 2118 897 2193 timendum
931 2137 970 2183 ac
1001 2116 1094 2201 proin
1118 2117 1288 2183 Fabricius
1311 2120 1353 2184 ad

25 2207 214 2273 evitandum
245 2206 436 2273 scandalum
465 2208 525 2272 sub
556 2207 651 2288 gravi
680 2211 813 2273 tenetur
842 2205 904 2271 sibi
930 2206 1102 2272 moderari.
1149 2205 1243 2273 Adde
1267 2209 1353 2290 quod

25 2296 108 2363 alias
131 2318 167 2362 se
190 2296 265 2362 filiis
288 2295 519 2381 despicabilem
543 2295 655 2362 faciat.

112 2402 152 2468 lt.
173 2405 203 2469 5.
243 2401 334 2479 Quod
357 2422 411 2467 res
434 2422 512 2466 suas
526 2400 632 2467 iratus
648 2400 859 2480 destruxerit,
883 2401 917 2465 in
939 2402 1001 2467 hoc
1021 2420 1086 2466 non
1101 2400 1183 2467 fecit
1197 2401 1353 2469 damnum

24 2492 190 2570 iniustum,
221 2512 295 2557 cum
324 2491 395 2576 ipse
418 2491 533 2557 volens
563 2512 627 2556 non
657 2491 763 2575 possit
792 2511 865 2556 esse
894 2489 1018 2556 invitus
1047 2490 1088 2556 de
1118 2489 1237 2557 damno
1266 2493 1353 2574 quod

24 2581 160 2666 patitur,
185 2601 298 2646 verum
328 2580 409 2647 fecit
440 2580 592 2645 damnum
622 2579 864 2646 irrationabile:
895 2580 980 2663 quod
1013 2582 1050 2646 ut
1080 2578 1207 2646 ratione
1237 2581 1287 2645 sui
1311 2582 1352 2647 ad

24 2675 196 2755 peccatum
219 2669 359 2735 mortale
383 2669 551 2748 ascendat,
577 2670 673 2736 debet
696 2690 769 2735 esse
785 2669 882 2735 valde
898 2668 1113 2734 excessivum.
1146 2668 1354 2754 Quapropter

23 2780 66 2825 ex
82 2759 143 2824 hoc
159 2759 256 2826 titulo
272 2758 382 2824 damni
398 2759 524 2825 causati
540 2758 710 2824 Fabricius
726 2780 790 2824 non
806 2758 957 2842 peccavit
972 2757 1125 2824 letaliter.
1137 2795 1178 2804 -
1191 2758 1352 2826 Attamen

23 2849 51 2914 si
67 2848 226 2914 eiusmodi
249 2869 302 2914 res
318 2847 449 2932 saepius
465 2847 625 2926 accidunt,
651 2848 750 2915 etiam
773 2849 836 2913 hae
851 2847 981 2930 signum
997 2868 1070 2913 esse
1092 2852 1240 2932 possunt,
1266 2849 1352 2916 sicut

23 2938 88 3005 alia
112 2958 196 3020 quae
223 2936 421 3015 acciderunt,
447 2936 630 3002 Fabricium
654 2938 697 3002 ad
719 2940 847 3003 tantum
865 2958 1035 3002 excessum
1058 2935 1091 3001 in
1114 2936 1164 3002 ira
1187 2958 1261 3004 esse
1276 2959 1352 3022 pro-

22 3028 150 3105 clivem,
176 3031 213 3094 ut
236 3028 295 3092 sub
318 3026 414 3109 gravi
437 3028 591 3093 teneatur
612 3026 799 3092 incumbere
822 3026 854 3090 in
878 3025 929 3091 sui
950 3024 1218 3095 moderationem.

2 3196 8 3217 .
111 3158 164 3223 An
187 3178 378 3234 cnaxsmuu
403 3160 442 3222 3m
465 3157 504 3223 lt.
529 3160 555 3224 1.
600 3156 759 3234 Quoniam
782 3155 950 3223 Fabricius
972 3157 1006 3222 in
1030 3157 1250 3242 compluribus
1273 3180 1351 3242 gra-

22 3248 110 3314 viter
111 3247 321 3403 tpeccaverit
345 3251 380 3313 et
402 3267 540 3330 peccare
563 3247 670 3313 soleat
701 3246 734 3311 in
758 3245 817 3322 ira,
843 3252 933 3313 certo
957 3269 978 3313 a
1001 3247 1200 3313 confessario
1223 3248 1351 3314 absolvi

21 3336 145 3419 nequit,
170 3336 232 3402 nisi
255 3337 385 3402 demum
409 3336 529 3401 serium
548 3340 701 3402 conatum
721 3336 876 3402 adhibeat
899 3340 998 3417 atque
1021 3337 1106 3402 serio
1126 3337 1192 3401 vim
1216 3337 1310 3403 sibi
1301 3360 1351 3404 ιιι-

21 3426 163 3501 ferat,u
143 3426 272 3492 utirae
296 3426 443 3492 mederet
430 3430 492 3492 t.ur
529 3424 619 3501 Quod
643 3425 671 3490 si
694 3424 820 3502 fecerit,
844 3425 994 3509 relapsus
1017 3446 1116 3510 saepe
1139 3427 1311 3493 excusabit
1296 3431 1352 3493 tur

22 3536 42 3581 a
65 3476 200 3599 peccato
223 3519 310 3580 mort
296 3515 365 3592 tali,
391 3535 429 3579 eo
453 3515 539 3598 quod
562 3535 717 3580 excessus
740 3514 787 3579 illi
812 3535 875 3579 non
898 3535 1027 3598 semper
1050 3516 1132 3581 fiant
1155 3536 1228 3581 cum
1250 3516 1351 3601 plena

23 3604 231 3671 advertentis
254 3607 382 3670 αιιιιαιι.

111 3709 149 3775 lt.
175 3711 204 3775 2.
252 3708 415 3793 imprimis
444 3709 545 3792 igitur
575 3713 669 3793 petat
698 3709 865 3776 humiliter
894 3730 914 3775 a
946 3710 1013 3775 Deo
1037 3710 1177 3793 gratiam
1211 3711 1254 3777 ad
1277 3712 1350 3777 vin·

22 3799 158 3864 cendam
181 3797 274 3875 iram,
306 3803 405 3880 atque
429 3819 527 3882 quam
550 3799 690 3883 primum
713 3799 837 3865 sentiat
866 3819 902 3864 se
931 3798 1075 3883 incipere
1098 3800 1349 3881 excandescere,

22 3908 64 3953 ex
87 3892 159 3954 toto
183 3889 280 3953 corde
304 3887 461 3953 auxilium
485 3887 614 3970 gratiae
637 3888 790 3973 imploret
813 3894 847 3955 et
869 3888 1014 3956 resistat.

111 3993 150 4058 R.
175 3995 205 4059 3.
252 3992 316 4058 Sed
347 3993 447 4058 etiam
478 3998 654 4075 antequam
685 3994 819 4076 negotia
849 3994 1075 4076 aggrediatur,
1109 3995 1269 4079 imprimis
1299 4018 1348 4075 ea,

21 4081 54 4147 in
78 4081 194 4165 quibus
217 4087 374 4166 expertus
404 4082 448 4148 sit
478 4103 514 4148 se
543 4082 640 4148 facile
663 4082 714 4148 ira
738 4083 851 4167 abripi,
883 4083 968 4149 serio
992 4088 1154 4168 proponat
1177 4094 1350 4152 mansuete

21 4175 56 4238 et
79 4170 284 4237 considerate
308 4192 407 4253 agere
431 4193 504 4237 cum
529 4172 611 4251 aliis,
637 4176 736 4253 atque
766 4173 826 4237 sibi
851 4173 1050 4257 persuadeat
1073 4174 1350 4242 contradictiones

21 4261 149 4343 aliquas
172 4281 192 4324 a
216 4260 360 4342 quolibet
383 4281 455 4326 esse
478 4261 644 4345 patienter
667 4266 702 4328 et
724 4266 843 4345 pacate
866 4262 1028 4329 ferendas.

110 4366 149 4432 R.
174 4369 204 4432 4.
255 4366 292 4431 lu
327 4387 423 4450 quem
458 4369 554 4432 finem
589 4367 722 4433 studeat
755 4367 973 4435 humilitatem
1008 4368 1122 4435 fovere
1156 4374 1226 4436 tum
1262 4372 1349 4437 seria

22 4455 282 4522 consideratione
316 4460 386 4522 tum
422 4456 579 4523 exercitio
616 4461 715 4538 atque
747 4457 865 4523 Christi
901 4458 1031 4523 Domini
1066 4460 1251 4545 exemplum
1287 4460 1349 4526 sibi

21 4566 219 4627 proponere,
253 4545 307 4628 qui
338 4545 401 4611 fuit
432 4548 563 4612 bronzilia
596 4554 623 4611 et
655 4549 741 4612 mitia
773 4547 878 4613 corde.
927 4547 1104 4614 Humilitas
1135 4549 1221 4615 enim
1252 4550 1348 4617 docet

20 4634 312 4712 mansuetudinem,
336 4635 420 4700 iram
443 4640 478 4702 et
500 4635 757 4719 indignationem
781 4657 880 4720 saepe
903 4641 995 4703 creat
1017 4638 1179 4722 superbia.
