3106 5168
172 258 212 322 16
673 255 712 310 De
731 256 838 311 actibus
856 256 991 311 humanis.

168 432 322 498 iudicium
351 431 488 498 rationis
518 436 645 499 exorta.
691 432 781 509 Quae
811 432 1073 517 concupiscentia
1102 432 1136 497 in
1164 432 1270 516 ipsam
1300 431 1496 499 rationalem

169 522 372 588 voluntatem
397 542 551 602 magnum
575 525 708 588 exercet
730 522 907 587 influxum:
931 543 1003 587 eam
1028 523 1185 589 sollicitat
1208 525 1308 603 atque
1331 543 1396 587 non
1420 543 1497 587 raro

169 632 279 676 secum
302 610 406 676 trahit
429 611 470 675 ad
495 630 698 680 consensum.

257 716 295 783 R.
316 718 346 782 2.
386 715 654 799 Concupiscentia
670 716 883 799 distinguitur
898 718 1083 783 antecedens
1106 723 1140 782 et
1159 737 1356 803 consequens.
1390 715 1495 783 Ante·

169 806 287 870 cedens
310 811 372 883 est,
396 824 480 886 quae
504 805 684 871 voluntatis
708 811 817 871 actum
841 806 1009 888 praecedit
1038 825 1077 870 ac
1107 806 1200 889 proin
1230 808 1272 870 ab
1301 825 1340 870 eo
1364 806 1495 872 omnino

167 915 232 959 non
263 894 399 978 pendet3
430 914 648 976 consequens,
680 915 765 976 quae
793 894 972 961 voluntatis
1002 898 1112 960 actum
1142 893 1290 976 sequitur
1319 895 1360 960 ab
1391 915 1495 978 eoque

168 984 338 1067 dependet.
384 983 556 1067 Dependet
587 987 699 1048 autem
730 983 993 1067 concupiscentia
1025 1005 1046 1049 a
1077 983 1258 1050 voluntatis
1291 988 1368 1049 actu
1400 985 1493 1050 vario

166 1073 278 1137 modo:
308 1075 341 1153 a)
366 1072 416 1137 vel
441 1077 610 1154 tamquam
633 1093 654 1137 a
677 1092 778 1137 causa
800 1073 943 1138 naturali
965 1093 1004 1137 eo
1028 1073 1114 1154 quod
1137 1073 1314 1137 vehemens
1336 1072 1493 1139 voluntas

167 1162 362 1227 naturaliter
391 1182 500 1226 secum
530 1161 633 1227 trabit
663 1147 829 1245 appetitus
852 1160 1016 1227 inferioris
1045 1161 1294 1227 commotionem
1327 1159 1494 1247 (concupi-

166 1251 292 1317 scentia
322 1255 373 1316 est
402 1251 554 1316 indirecte
576 1251 788 1330 voluntario);
823 1250 857 1333 b)
887 1252 941 1316 vel
969 1254 1139 1332 tamquam
1169 1252 1210 1316 ab
1232 1251 1431 1334 imperante,
1464 1252 1492 1317 si

166 1338 317 1404 nimirum
335 1340 489 1405 voluntas
513 1338 627 1403 volens
651 1340 775 1405 excitat
798 1340 980 1424 appetitum
1003 1339 1190 1405 inferiorem
1214 1339 1493 1424 (concupiscentia

166 1433 217 1494 est
235 1431 351 1495 directe
365 1430 578 1508 voluntario);
603 1429 634 1510 c)
658 1428 712 1494 vel
734 1432 903 1511 tamquam
926 1450 947 1494 a
970 1428 1194 1495 consentiente
1213 1428 1492 1512 (concupiscentia

165 1521 217 1582 est
246 1521 357 1583 saltem
380 1520 485 1600 colito,
516 1516 649 1599 eiusque
679 1516 926 1601 perseverantia
948 1519 1002 1584 vel
1032 1517 1233 1585 continuatio
1264 1517 1365 1584 etiarn
1394 1519 1492 1585 facile

165 1607 369 1690 voluntaria).

255 1712 292 1777 R.
318 1715 348 1778 3.
392 1710 662 1794 Concupiscentia
685 1713 879 1794 antecede-ns,
905 1715 1066 1793 quatenus
1089 1715 1202 1777 manet
1224 1711 1432 1791 antecedens,
1456 1717 1491 1779 et

164 1800 238 1884 ipsa
259 1822 324 1865 non
349 1805 399 1865 est
422 1799 617 1877 voluntaria,
643 1821 748 1882 neque
771 1800 916 1883 perfecte
939 1799 1159 1867 voluntarium
1183 1801 1344 1882 estquod
1375 1821 1417 1865 ex
1451 1824 1491 1868 ea

164 1891 321 1972 sequitur.
345 1927 390 1937 -
420 1888 453 1956 Si
477 1910 555 1954 vero
579 1910 638 1973 per
660 1910 852 1954 consensum
876 1890 914 1955 fit
937 1889 1049 1966 volita,
1079 1890 1145 1954 iam
1168 1889 1287 1954 abhinc
1310 1891 1433 1956 transit
1456 1892 1489 1956 in

164 1978 458 2063 concupiscentiam
475 1982 736 2060 consequentem,
762 1983 861 2060 atque
877 1978 984 2043 reddit
1000 1979 1057 2043 illa
1073 1998 1157 2060 quae
1180 1999 1222 2042 ex
1245 1999 1286 2044 ea
1308 1983 1490 2060 sequuntur

164 2068 351 2134 voluntaria
374 2071 408 2133 et
430 2066 651 2151 imputabilia;
681 2071 734 2146 at,
763 2088 826 2149 quo
850 2068 1073 2133 vehementior
1096 2071 1169 2133 erat
1191 2068 1389 2133 antecedens
1413 2090 1489 2134 con·

164 2157 366 2241 cupiscentia
381 2161 479 2238 atque
496 2177 673 2223 consensus
688 2155 920 2240 imperfectior,
945 2178 983 2222 eo
1007 2155 1112 2237 magis
1130 2156 1266 2222 libertas
1289 2160 1324 2222 et
1346 2156 1489 2241 imputa·

165 2247 275 2312 bilitas
298 2245 462 2312 minuitur.
510 2244 558 2312 of.
583 2245 756 2323 Suarez,
780 2247 831 2311 De
852 2248 1031 2310 colrentcric
1055 2246 1085 2310 d.
1106 2248 1136 2322 3,
1161 2267 1187 2313 s.
1208 2249 1238 2323 3,
1263 2267 1293 2310 n.
1315 2248 1344 2312 7.
1365 2248 1395 2312 8.

251 2343 359 2426 Magis
382 2342 483 2409 etiam
505 2342 768 2427 coucupiscentia
790 2343 854 2408 alio
877 2344 973 2408 modo
997 2363 1214 2424 consequens,
1238 2343 1380 2409 maxime
1405 2366 1488 2427 quae

163 2433 286 2498 directe
316 2431 502 2497 voluntaria
532 2435 600 2509 est,
633 2431 691 2496 sed
720 2432 819 2497 etiam
849 2452 908 2496 suo
938 2431 1033 2496 modo
1064 2452 1104 2496 ea
1134 2452 1218 2513 quae
1245 2431 1406 2500 indirecte
1437 2439 1488 2500 est

162 2522 366 2598 voluntaria,
392 2521 613 2586 voluntarium
637 2524 738 2602 auget
760 2525 859 2602 atque
883 2520 1013 2604 plenam
1035 2520 1157 2585 inducit
1181 2521 1486 2604 imputabilitatem:

162 2611 224 2676 nisi
239 2611 381 2676 fortasse
404 2630 442 2675 eo
465 2610 704 2695 progrediatur,
730 2614 767 2675 ut
782 2616 925 2676 mentem
941 2630 997 2674 seu
1017 2610 1177 2674 rationem
1194 2610 1366 2693 perturbet
1382 2633 1487 2695 neque

163 2721 216 2770 ea,
241 2721 324 2782 quae
348 2721 389 2764 cx
412 2699 468 2764 illo
491 2704 581 2765 statu
605 2698 724 2764 mentis
747 2698 908 2776 oriantur,
933 2698 1055 2763 fuerint
1078 2699 1240 2782 praevisa.
1287 2699 1334 2765 Cf.
1363 2702 1421 2768 Tu.
1446 2725 1484 2768 m.

162 2789 186 2859 l,
213 2792 254 2853 20
270 2810 358 2870 sqq.;
382 2788 502 2853 Frins
526 2789 546 2853 l.
565 2809 591 2853 c.
616 2809 646 2853 n.
668 2790 730 2852 307
749 2809 836 2869 sqq&
861 2787 1016 2853 Suarez
1040 2788 1059 2852 l.
1078 2809 1104 2855 c.
1130 2810 1160 2853 n.
1179 2789 1216 2863 93
1242 2789 1484 2867 Bucceroni,

161 2880 264 2944 Irrstit.
288 2880 375 2945 tbeol.
402 2900 478 2943 naor.
504 2877 528 2954 l,
554 2881 612 2951 51;
637 2876 791 2942 Noldin
815 2877 835 2943 l.
860 2898 888 2942 c.
913 2879 955 2940 45
980 2882 1013 2942 et
1037 2880 1089 2943 46.

117 3008 148 3061 31
250 2991 303 3056 An
326 3012 517 3068 Quansrruu
542 2994 579 3055 2¹²¹
604 2991 642 3059 R.
666 2994 694 3056 1.
741 2991 805 3068 Ira,
836 2991 945 3056 subito
968 2996 1096 3069 exorta,
1128 2992 1161 3056 in
1184 2992 1289 3076 primo
1312 3014 1371 3057 suo
1395 2998 1486 3059 motu

161 3081 256 3164 culpa
280 3080 394 3146 caruit.
442 3081 475 3146 Si
506 3100 585 3161 ergo
616 3101 658 3145 ex
687 3080 748 3145 hoc
775 3084 866 3145 motu
893 3080 1120 3163 primo-primo
1143 3085 1221 3147 ante
1244 3080 1485 3148 advertentiam

161 3170 298 3235 rationis
321 3171 513 3236 Bertramus
536 3169 711 3252 pugionem
735 3168 864 3245 extulit,
896 3170 1035 3234 nondum
1061 3170 1288 3252 peccavit-
1319 3170 1352 3236 Si
1377 3171 1485 3254 aliquo

161 3259 290 3341 quidem
306 3259 401 3323 modo
418 3258 572 3333 advertit,
597 3257 655 3322 scd
673 3279 738 3323 non
753 3257 858 3341 plene,
883 3258 968 3324 actio
986 3259 1196 3340 subsequens,
1222 3280 1317 3340 quam
1336 3260 1486 3327 absolute

160 3348 311 3413 cohibere
335 3347 450 3430 potuit,
482 3346 673 3430 imperfecte
703 3350 737 3412 et
760 3346 937 3430 semiplene
960 3352 1033 3413 erat
1056 3347 1252 3422 voluntaria,
1283 3369 1348 3413 non
1373 3353 1485 3415 tamen

160 3438 255 3521 plene
279 3441 311 3502 et
335 3436 496 3519 perfecte3
520 3457 625 3518 neque
641 3435 840 3520 imputabilis
856 3439 929 3502 erat
952 3440 989 3501 ut
1012 3436 1107 3520 culpa
1122 3436 1280 3514 mortalis,
1305 3438 1364 3503 sed
1379 3441 1484 3504 solum

159 3533 197 3593 ut
220 3525 367 3591 venialis.
392 3565 435 3573 —
467 3525 500 3591 Si
524 3528 602 3589 vero
625 3525 721 3609 plene
745 3525 889 3591 advertit
919 3525 962 3590 ad
988 3525 1057 3590 irae
1080 3531 1203 3592 motum
1235 3531 1269 3592 et
1292 3527 1333 3592 ad
1357 3529 1484 3612 obliga·

160 3616 281 3682 tionem
305 3636 460 3679 excessus
489 3614 584 3680 istius
607 3613 776 3679 cohibendi
807 3635 910 3696 neque
934 3613 1084 3679 cohibere
1114 3620 1250 3681 conatus
1281 3621 1347 3682 est:
1381 3617 1416 3682 in
1446 3639 1483 3684 eo

160 3705 275 3770 aderat
291 3704 406 3787 plenus
422 3725 606 3770 consensus,
633 3703 718 3768 Hinc
734 3703 784 3768 ira
800 3704 932 3785 eiusque
948 3705 1084 3771 effectus
1100 3710 1277 3771 evaseruut
1292 3706 1485 3789 simpliciter

160 3794 355 3869 voluntaria,
380 3797 413 3858 ct
437 3793 609 3877 pugionem
632 3791 664 3856 in
689 3792 853 3857 inimicum
877 3793 1125 3858 confodiendum
1147 3793 1287 3876 dirigere
1310 3800 1385 3861 erat
1408 3817 1484 3879 pcc·

160 3887 267 3948 catum
285 3883 432 3948 mortale.
469 3882 531 3948 Sed
551 3881 723 3947 subitanea
745 3881 803 3947 illa
819 3881 934 3947 veniae
949 3883 1064 3966 petitio
1081 3881 1211 3949 videtur
1234 3883 1316 3948 satis
1340 3884 1484 3950 indicare

159 3974 366 4037 Bertramum
391 3992 454 4036 non
478 3970 584 4053 egisse
609 3992 680 4035 cum
704 3972 801 4055 plena
822 3971 1032 4038 advertentis
1047 3993 1152 4054 neque
1168 3973 1263 4055 plene
1278 3973 1483 4051 voluntaric;

159 4065 253 4126 tanta
277 4060 361 4124 enim
385 4061 503 4127 mentis
527 4060 665 4127 mutatio
688 4061 855 4126 subteneo
878 4061 1041 4144 possibilis
1065 4061 1193 4143 quidem
1218 4066 1278 4137 est,
1304 4066 1340 4127 at
1362 4061 1411 4128 ita
1434 4064 1484 4128 in·

159 4151 265 4226 solita,
291 4153 327 4214 ut
350 4149 480 4214 aliunde
503 4153 655 4215 constare
678 4149 797 4214 debeat
819 4151 1027 4215 Bertramum
1051 4151 1145 4233 plene
1169 4150 1369 4227 advertisse,
1400 4152 1483 4218 alias

159 4237 378 4304 confessarius
410 4238 441 4302 in
474 4239 622 4304 favorem
656 4238 818 4305 Bertrami
853 4238 999 4304 iudicare
1033 4239 1131 4305 debet
1166 4239 1309 4304 abfuisse
1343 4243 1484 4307 mortale

160 4333 338 4412 peccatum.

247 4434 285 4499 ll.
306 4437 335 4501 2.
372 4432 528 4499 Similiter
546 4433 597 4497 dic
616 4433 656 4497 de
674 4433 810 4516 impuris
825 4432 1016 4516 phantasiis
1041 4434 1156 4516 quibus
1173 4435 1364 4500 Bertramus
1380 4457 1482 4519 usque

159 4523 200 4588 ad
224 4523 473 4588 delectationem
498 4527 532 4587 et
555 4521 749 4586 desiderium
774 4522 942 4606 abripitur.
989 4521 1076 4587 Nam
1106 4523 1186 4589 satis
1210 4524 1264 4588 diu
1294 4545 1387 4589 mens
1410 4525 1482 4591 istis

158 4614 254 4678 rebus
270 4612 421 4696 occupari
436 4615 556 4695 potest,
581 4611 657 4694 quin
681 4612 779 4695 plena
802 4611 845 4678 sit
869 4611 1076 4678 advertentis
1099 4614 1277 4695 plenusque
1293 4634 1481 4690 consensus,
