3106 5168
552 281 670 337 Peccata
688 282 832 354 capitaliaz
855 283 987 336 adriana.
1391 285 1433 350 89

106 455 236 522 omnino
253 477 352 522 causa
368 457 553 524 necessaria
569 462 631 536 est,
650 462 688 523 ut
704 459 765 524 hoo
780 462 951 542 peccatum
968 458 1110 523 alienum
1125 459 1433 543 non-praecavendo

104 545 297 630 permittere
319 545 436 625 liceat;
460 567 555 613 secus
578 551 735 632 peccatur
757 552 873 614 contra
897 546 1080 613 caritatem.

194 651 234 718 R.
255 657 285 719 4.
325 651 482 719 Inducere
498 654 552 719 vel
568 653 795 721 fraudulenter
811 654 1014 720 occasionem
1030 674 1151 738 ponere
1174 654 1217 719 ad
1240 652 1434 721 ebrietatem

104 741 322 819 materialem,
346 744 493 826 adeoque
516 743 657 824 aliquem
682 742 821 811 invitum
845 742 1007 809 inebriare
1029 742 1142 809 licebit
1164 744 1350 825 aliquando,
1376 742 1433 807 sed

104 850 146 895 ex
176 830 256 896 solis
285 830 351 896 illis
381 831 489 898 causis
518 831 692 915 gravibus,
723 853 765 897 ex
792 832 909 916 quibus
938 831 1060 917 possim
1091 833 1132 898 ad
1162 831 1317 915 graviora
1346 831 1433 896 mala

104 920 286 986 avertenda
310 919 408 986 alicui
430 922 551 986 malum
574 922 756 1005 temporale
776 921 914 987 inferre:
938 921 1022 987 alias
1038 925 1194 1005 peccatur
1210 924 1325 986 contra
1339 917 1433 985 iusti-

103 1008 184 1073 tiam
209 1013 252 1086 et,
277 1013 315 1074 ut
337 1031 438 1094 supra
460 1014 611 1077 notatum
635 1013 696 1089 est,
721 1014 838 1077 contra
861 1010 1123 1094 temperantiam.

192 1123 246 1188 Aa
265 1143 456 1198 ouansrruu
476 1127 515 1191 3¹²
538 1124 577 1191 R.
600 1129 627 1191 1.
667 1126 704 1191 In
724 1128 832 1211 primo
848 1146 925 1191 casu
941 1123 1125 1207 Ansgarius
1140 1127 1311 1208 peccatum
1328 1122 1495 1192 ebrie-176

101 1210 183 1278 tatis
199 1232 264 1277 non
281 1211 458 1289 commisit;
483 1218 580 1298 potus
596 1213 681 1280 enim
698 1213 912 1292 necessarius,
937 1235 1000 1295 quo
1017 1213 1087 1278 vita
1110 1211 1143 1276 in
1164 1212 1308 1296 periculo
1324 1211 1433 1295 posita

102 1300 317 1384 probabiliter
347 1303 475 1368 servari
504 1303 625 1388 possit,
658 1324 723 1368 non
755 1308 808 1371 est
838 1307 937 1387 potus
966 1302 1209 1369 immoderatus.
1241 1339 1285 1348 —
1315 1299 1432 1383 Neque

103 1391 231 1468 obstat,
264 1391 348 1472 quod
377 1391 523 1475 periculo
553 1413 626 1457 sese
650 1393 801 1477 exponit,
834 1392 868 1458 in
900 1391 960 1459 tali
992 1395 1083 1457 statu
1107 1389 1283 1456 decedendi
1309 1410 1327 1455 e
1350 1390 1430 1457 vita.

102 1479 188 1544 Nam
213 1500 287 1545 cum
310 1480 454 1563 alioquin
478 1481 518 1546 de
541 1481 612 1547 vita
635 1481 843 1565 desperatum
868 1481 922 1560 sit,
946 1480 1057 1547 licebit
1072 1480 1226 1546 adhibere
1242 1479 1431 1557 remedium,

101 1569 188 1650 quod
212 1568 355 1634 fortasse
385 1570 485 1636 etiam
514 1570 694 1654 periculum
718 1575 839 1653 augeat
862 1571 915 1635 vel
947 1570 1121 1637 accelerat.
1167 1570 1291 1634 Verum
1321 1568 1432 1635 debuit

101 1661 203 1723 antea
231 1658 464 1724 conscientiam
486 1680 580 1724 suam
604 1681 678 1725 cum
700 1660 771 1725 Deo
801 1680 996 1744 componere
1026 1663 1076 1738 et,
1107 1658 1135 1725 si
1165 1657 1289 1743 potuit,
1320 1679 1432 1723 sacra·

102 1750 214 1813 menta
237 1746 393 1831 recipere,
417 1769 458 1812 ne
480 1747 663 1831 imparatus
687 1768 729 1813 ex
752 1748 814 1814 hac
838 1749 908 1816 vita
931 1748 1114 1815 decederet.
1151 1747 1198 1814 Cf.
1223 1747 1430 1830 Laymann

102 1836 122 1901 l.
144 1840 175 1911 3,
200 1856 227 1901 s.
248 1839 279 1913 4,
304 1858 335 1903 n.
357 1839 392 1911 53
422 1837 454 1903 S.
478 1836 595 1922 Alph.
613 1838 653 1916 V,
679 1839 731 1905 76.

191 1940 230 2007 R.
256 1943 286 2010 2.
332 1940 370 2005 In
394 1944 492 2007 altero
516 1962 604 2020 casu,
629 1964 702 2008 cum
724 1942 758 2007 in
783 1941 950 2020 convivio,
975 1941 1037 2008 etsi
1062 1963 1135 2007 cum
1158 1962 1297 2020 nausea,
1322 1962 1358 2007 se
1381 1941 1431 2006 in·

101 2029 255 2110 ebriaret,
280 2029 429 2112 graviter
444 2031 594 2115 peccavit
609 2030 803 2114 burgariae,
827 2031 856 2096 ai
878 2052 915 2097 re
931 2051 1011 2096 vera
1027 2030 1176 2116 perfecta
1193 2030 1257 2095 fuit
1278 2029 1430 2096 ebusus.

191 2134 231 2202 R.
252 2137 282 2203 3.
321 2134 359 2201 In
382 2139 473 2202 tertio
496 2157 574 2202 casu
590 2136 854 2219 distinguendum
878 2139 939 2204 est.
976 2136 1010 2203 Si
1034 2134 1162 2202 custodi
1183 2134 1323 2202 carceris
1339 2135 1492 2209 dam-177

101 2245 179 2288 num
209 2224 349 2290 relative
379 2246 482 2308 grave
515 2247 579 2291 non
612 2231 664 2292 est
693 2226 853 2292 oriturum
885 2247 927 2291 ex
960 2246 1015 2304 eo,
1048 2224 1133 2308 quod
1163 2245 1239 2290 reus
1270 2224 1429 2303 elabatur,

101 2313 267 2395 Ansgario
290 2313 324 2378 in
347 2314 387 2379 iis
411 2314 550 2392 casibus,
575 2314 608 2379 in
632 2315 748 2398 quibus
771 2336 815 2381 ex
837 2335 969 2381 carcere
990 2315 1105 2397 fugere
1128 2335 1185 2379 reo
1208 2313 1295 2392 lieet,
1320 2318 1431 2380 custo·

101 2402 176 2467 dem
207 2404 342 2468 inscium
372 2402 534 2470 inebriare
563 2404 659 2481 licet;
692 2405 733 2470 ad
765 2404 957 2471 ebrietatem
988 2403 1158 2481 inducere,
1189 2423 1273 2487 quae
1303 2401 1431 2468 custodi

100 2490 330 2575 peccaminosa
354 2495 421 2571 est,
452 2495 522 2558 tum
546 2494 651 2559 solum
674 2493 801 2572 licebit,
834 2494 863 2559 si
885 2491 1101 2559 incarceratio
1123 2492 1172 2558 ita
1195 2495 1285 2558 certo
1309 2490 1432 2558 iniusta

102 2585 170 2658 est,
201 2585 240 2648 ut
269 2580 369 2647 etiam
400 2586 511 2649 custos
541 2582 611 2648 eius
640 2581 834 2649 iniustitiam
863 2582 1053 2665 intellegat,
1085 2581 1232 2664 adeoque
1256 2580 1430 2647 detinendo

99 2691 194 2736 reum
216 2674 331 2755 peccet
353 2671 488 2753 gravius
505 2692 601 2753 quam
625 2676 705 2756 potu
728 2672 954 2751 immoderato,
970 2707 1014 2716 —
1031 2672 1115 2754 quod
1132 2671 1195 2737 erit
1215 2670 1429 2737 rarissimum.

101 2759 277 2826 Rationem
300 2760 402 2825 habes
426 2782 467 2825 ex
492 2759 609 2836 Quaes.
632 2765 652 2826 2
676 2761 715 2827 R.
736 2764 766 2827 2.

192 2865 231 2931 R.
256 2869 287 2932 4.
335 2867 455 2947 Quarto
478 2866 511 2931 in
534 2873 661 2934 secreto
685 2867 843 2933 eliciendo
867 2868 980 2933 eodem
1003 2867 1100 2932 modo
1127 2866 1304 2949 procedere
1327 2865 1429 2944 licuit,

101 2953 129 3018 si
154 2954 272 3038 hospes
295 2953 350 3019 ille
374 2960 536 3022 secretum
560 2957 708 3039 graviter
730 2956 921 3022 damnosum
946 2956 1067 3022 iniuste
1090 2954 1234 3021 retinuit.
1258 2994 1304 3003 —
1325 2955 1429 3031 Alias,

102 3042 129 3107 si
160 3042 216 3108 ille
245 3043 365 3110 secreti
388 3044 550 3110 retinendi
578 3045 629 3111 ius
652 3045 782 3124 habuit,
812 3045 995 3128 Ansgarius
1017 3044 1240 3129 multiphciter
1262 3044 1429 3128 peccavit:

102 3132 136 3214 a)
160 3130 279 3199 iniuste
302 3132 463 3199 invadens
485 3140 647 3201 secretum
671 3135 830 3212 alienum,
862 3134 895 3216 b)
919 3133 1068 3199 iniuriam
1092 3133 1216 3198 faciens
1237 3132 1373 3216 hospiti,
1402 3131 1429 3197 si

102 3242 177 3286 eum
201 3220 316 3287 fraude
339 3222 531 3300 inebriavit,
563 3228 621 3288 aut
650 3244 755 3306 grave
784 3223 975 3289 scandalum
999 3226 1115 3288 eontra
1144 3222 1317 3288 caritatem
1341 3242 1429 3286 com-

102 3309 247 3388 mittens,
271 3310 300 3374 si
324 3331 395 3376 eum
421 3312 648 3378 advertentem
672 3313 715 3378 ad
739 3313 932 3379 ebrietatem
956 3311 1146 3377 sollicitavit
1169 3315 1203 3377 et
1225 3309 1365 3377 induxit.

191 3414 231 3482 R.
251 3417 281 3483 5.
320 3415 359 3481 In
381 3420 490 3484 ultimo
514 3438 593 3482 casu
611 3418 794 3501 Ansgarius
817 3439 896 3484 sane
919 3417 969 3483 ius
992 3417 1115 3497 habuit,
1139 3417 1286 3484 latrones
1308 3415 1429 3482 inscios

102 3504 336 3570 circumvenire
359 3510 394 3571 et
416 3506 595 3585 inebriare;
619 3507 717 3572 immo
734 3507 863 3574 videtur
881 3507 1042 3589 aliquibus
1065 3507 1165 3573 etiam
1189 3528 1261 3572 cum
1284 3505 1429 3591 periculo

102 3593 273 3660 ebrietatis
288 3594 436 3660 formalis
452 3615 494 3660 ex
512 3602 608 3680 parte
624 3597 787 3663 latronum
811 3596 956 3680 potuisse
979 3598 1108 3680 largum
1124 3601 1237 3682 potum
1253 3615 1428 3681 apponere,

102 3684 179 3767 quia
194 3703 311 3749 revera
327 3683 474 3750 homiues
489 3684 544 3751 isti
561 3685 648 3769 capti
673 3690 707 3752 et
730 3707 855 3769 poenae
871 3686 984 3753 traditi
1007 3708 1046 3753 eo
1069 3686 1140 3772 ipso
1164 3707 1185 3753 a
1208 3686 1319 3753 multis
1334 3684 1430 3750 malis

100 3772 280 3838 inferendis
302 3772 532 3857 impediuntur.
580 3774 798 3841 Nihilominus
829 3779 862 3841 et
891 3775 1091 3843 conscientia
1118 3783 1152 3842 et
1175 3775 1348 3859 prudentia
1371 3794 1429 3839 seu

101 3882 177 3947 spes
193 3861 367 3927 securioris
386 3884 555 3930 successus
570 3884 703 3929 movere
720 3863 827 3943 debet,
851 3869 888 3930 ut
911 3865 1019 3948 potius
1042 3869 1115 3931 arte
1137 3864 1256 3930 inscios
1279 3863 1428 3936 inebriet,

101 3951 249 4034 adeoque
271 3952 489 4019 materialiter
518 3958 647 4020 tantum
678 3975 776 4036 quam
807 3952 1000 4019 formaliter.
1046 3952 1093 4018 cf.
1124 3954 1330 4036 Laymann
1354 3953 1375 4018 l.
1400 3972 1427 4019 c.

101 4062 133 4106 n.
155 4043 185 4118 6,
210 4039 264 4122 qui
287 4042 391 4106 solam
416 4043 619 4108 materialem
643 4042 836 4109 ebrietatem
859 4041 1013 4107 inducere
1036 4041 1213 4126 permittit;
1246 4041 1427 4119 Lessius,

101 4130 152 4194 De
174 4132 248 4196 tuat.
272 4137 301 4195 et
324 4133 396 4195 iure
419 4138 472 4197 etc.
497 4131 518 4196 l.
539 4135 569 4209 4,
595 4153 622 4197 c.
643 4134 673 4209 3,
698 4132 773 4198 dub.
792 4134 823 4209 4,
848 4152 879 4197 n.
900 4133 952 4209 33,
977 4130 1032 4214 qui
1055 4151 1098 4196 ex
1116 4131 1312 4213 gravissima
1328 4150 1428 4195 causa

100 4217 174 4302 plus
198 4218 356 4286 concedit.

662 4438 867 4446 ———-.
