3106 5168
453 296 606 351 Dominium
625 298 737 367 eiusque
755 298 861 352 obiecta
881 327 912 335 —
932 297 1059 353 servitus.
1356 303 1421 368 283

182 472 235 537 Ao
258 493 450 548 ouaasrrun
475 477 513 538 2¹¹¹
544 475 582 541 R.
610 477 638 542 1.
685 475 866 542 Destruens
897 496 950 541 res
980 496 1057 540 suae
1081 474 1198 541 Suidas
1227 475 1483 543 iniustitiam555

93 561 223 644 quidem
254 583 318 626 non
349 562 526 640 commisit;
557 585 652 629 nemo
683 565 769 629 enim
798 569 932 648 praeter
958 564 1063 649 ipsum
1094 564 1144 630 ius
1174 564 1207 628 in
1231 585 1288 630 eas
1311 566 1420 632 habet.

93 655 251 719 Attamen
274 651 425 734 peccavit
447 673 513 718 non
536 653 641 718 solum
664 659 779 720 contra
802 655 906 719 Deum
930 654 1016 719 male
1039 656 1135 718 utens
1158 654 1335 732 creaturis,
1364 655 1422 720 sed

93 740 193 806 etiam
223 739 367 806 laesione
397 741 546 808 caritatis
575 742 733 826 proximis
757 743 887 809 debitae
914 747 1030 808 contra
1052 742 1218 808 hominum
1244 744 1422 809 communi·

93 834 214 908 tatem,
245 829 405 912 siquidem
428 852 481 896 res
504 831 600 897 huius
622 831 713 898 vitae
736 833 857 898 adsunt
887 832 929 898 ad
959 832 1135 899 utilitatem
1160 831 1326 897 hominum
1349 834 1422 898 uni·

93 919 214 984 vereirn
230 923 448 1003 sumptorum;
466 941 571 1003 neque
588 942 630 987 ex
646 941 695 999 eo,
712 922 798 1004 quod
814 943 872 1005 per
887 941 996 986 rernm
1012 920 1203 987 divisionem
1219 921 1423 988 transierunt

92 1008 126 1073 in
159 1008 335 1073 dominium
367 1009 534 1091 privatum
565 1010 750 1093 dominique
782 1010 905 1094 privati
936 1010 1072 1077 utilitati
1105 1011 1264 1096 imprimis
1296 1011 1422 1077 servire

93 1097 229 1176 debent,
260 1097 402 1181 priorem
426 1120 519 1164 suam
542 1099 795 1166 destinationem
818 1100 1008 1166 amiserunt.
1055 1099 1116 1176 Qui
1142 1099 1245 1182 igitur
1267 1121 1321 1166 res
1344 1121 1422 1166 suas

92 1187 176 1253 nolit
199 1186 339 1269 amplius
361 1186 483 1253 habere
506 1188 548 1254 ad
572 1209 664 1253 suam
688 1189 877 1266 utilitatem,
904 1210 961 1254 eas
984 1210 1049 1254 non
1073 1189 1242 1255 destruere
1266 1190 1323 1254 sed
1347 1189 1422 1255 aliis

93 1296 269 1358 corumque
299 1275 436 1342 utilitati
467 1278 672 1343 committere
702 1278 816 1355 debet,
847 1277 875 1342 si
905 1277 1001 1342 modo
1029 1298 1083 1343 res
1106 1282 1183 1343 sunt
1206 1299 1286 1344 vere
1312 1279 1421 1346 utiles.

93 1367 251 1430 Attamen
281 1364 495 1447 malitiaque
523 1366 673 1432 mortalis
703 1388 768 1432 non
798 1365 994 1432 aestimatur
1016 1367 1057 1433 ad
1088 1388 1235 1432 normam
1263 1367 1419 1447 iustitiae,

92 1454 150 1519 sed
174 1475 217 1519 ex
240 1454 337 1536 longe
360 1454 485 1520 maiore
508 1475 646 1522 excessu
671 1456 724 1520 vel
747 1477 790 1520 ex
812 1455 937 1522 motivo
960 1476 1039 1521 vere
1062 1455 1215 1538 maligno.

183 1560 221 1625 R.
240 1562 269 1626 2.
305 1559 396 1636 Quod
414 1559 530 1625 Suidas
553 1561 667 1627 titulos
689 1560 772 1627 istos
795 1560 982 1638 combussit,
1007 1582 1043 1626 re
1066 1583 1146 1627 vera
1169 1583 1235 1627 non
1258 1562 1423 1629 destruxit

93 1648 193 1714 nllam
211 1670 277 1713 rem
295 1648 418 1725 utilem,
443 1649 501 1713 sed
524 1670 560 1714 se
583 1654 713 1716 tantum
729 1650 871 1716 dominio
887 1650 1069 1723 abdicavit:
1093 1672 1168 1715 nam
1189 1672 1227 1717 eo
1250 1650 1321 1735 ipso
1338 1652 1421 1732 aliis,

92 1738 148 1819 qui
171 1737 373 1802 industrialis
397 1738 538 1804 instituti
562 1744 690 1823 partem
714 1739 845 1817 habent,
869 1740 996 1804 lucrum
1019 1741 1186 1805 accrescit.

183 1827 220 1891 Id
242 1827 344 1908 igitur
366 1848 426 1911 per
448 1849 484 1892 se
507 1833 643 1911 peccato
666 1833 767 1895 caret.
799 1829 920 1894 Verum
945 1828 1088 1912 practice
1111 1829 1209 1895 facile
1232 1829 1360 1908 accidit,
1384 1833 1423 1896 ut

92 1916 158 1982 ista
181 1916 355 1983 translatio
379 1916 412 1981 in
436 1916 495 1982 hos
515 1917 662 1982 dominos
685 1921 720 1983 et
742 1917 968 1984 translationis
984 1918 1099 1983 modus
1117 1918 1218 1985 fuerit
1240 1919 1338 2002 plane
1360 1918 1422 1983 im·

92 2006 251 2089 prudens,
283 2027 357 2070 cum
380 2006 571 2073 exstiterint
594 2006 649 2071 alii
672 2007 769 2089 gravi
797 2006 995 2072 necessitate
1018 2006 1138 2090 pressi,
1171 2007 1287 2090 quibus
1312 2009 1422 2091 potins

92 2096 136 2160 sit
160 2096 430 2171 succurrendum
455 2115 556 2177 quare
579 2094 640 2160 hoc
656 2097 750 2160 modo
774 2099 931 2180 peccatur
944 2095 1188 2178 prodigalitate,
1212 2101 1322 2180 potest
1344 2118 1422 2180 pec·

92 2183 161 2248 cari
192 2189 308 2250 contra
335 2184 527 2261 caritatem,
561 2183 659 2249 immo
692 2190 807 2251 contra
839 2184 998 2251 iustitiam
1028 2185 1055 2250 si
1088 2185 1205 2250 Suidas
1234 2186 1296 2251 hoc
1325 2187 1421 2252 modo

93 2272 213 2337 debitis
236 2273 401 2338 solvendis
424 2293 461 2338 se
484 2273 641 2357 imparem
666 2274 856 2340 constituat.

183 2379 222 2447 R.
242 2383 272 2445 3.
312 2379 403 2456 Quod
427 2379 549 2444 famam
573 2400 667 2445 suam
690 2380 771 2445 adeo
796 2379 915 2446 leviter
937 2379 1090 2464 exposuit
1113 2400 1250 2461 eamque
1273 2379 1421 2463 proiecit,
1431 2395 1484 2449 556

94 2469 121 2532 si
138 2468 243 2534 solum
260 2468 393 2534 Suidam
409 2468 611 2552 respicimus,
634 2491 699 2534 non
715 2469 779 2535 fuit
801 2474 972 2554 peccatum
995 2468 1175 2536 iniustitiae
1193 2489 1251 2534 seu
1267 2468 1421 2549 iniuriae3

94 2578 170 2623 nam
193 2579 289 2623 nemo
313 2578 394 2639 erga
417 2579 452 2623 se
476 2561 586 2641 potest
609 2579 681 2623 esse
704 2558 860 2636 iniustus,
886 2558 962 2640 quia
985 2580 1080 2624 nemo
1104 2579 1124 2623 a
1147 2578 1183 2623 se
1206 2558 1329 2625 invitus
1352 2559 1422 2642 pati

94 2650 205 2731 potest
228 2647 415 2730 quidquam.
461 2646 698 2712 Nihilominus:
732 2648 764 2730 l)
788 2647 815 2712 si
839 2648 919 2712 fecit
942 2647 1011 2712 sine
1034 2668 1135 2712 causa
1157 2647 1311 2723 honesta,
1345 2668 1422 2731 pec-

61 2773 64 2777 *
94 2736 184 2803 cavit
207 2736 426 2819 imprudentia
449 2741 482 2802 et
507 2736 672 2801 cuiusdam
692 2735 934 2820 prodigalitatis
954 2735 1078 2819 specie;
1103 2737 1210 2814 immo,
1235 2737 1263 2802 si
1287 2741 1422 2821 propter

93 2825 263 2891 infamiam
294 2826 441 2908 ineptum
475 2846 510 2889 se
542 2825 682 2890 reddidit
713 2825 871 2907 gravibus
903 2825 1018 2890 officiis
1049 2825 1238 2909 implendis,
1271 2826 1423 2909 peccavit

94 2915 252 2996 graviter.
300 2915 334 2995 2)
365 2914 397 2980 Si
421 2913 524 2997 ipsius
547 2913 726 2980 diffamatio
749 2915 873 2981 famam
895 2913 993 2980 laesit
1015 2934 1147 2979 suorum
1171 2914 1336 2998 graviter,
1367 2915 1422 2979 vel

93 3005 143 3070 ita
165 3009 203 3071 ut
225 3025 297 3069 cum
322 3003 386 3068 alio
410 3004 504 3086 gravi
528 3007 721 3069 nocumento
746 3004 1007 3087 coniungeretur,
1036 3004 1185 3084 graviter
1207 3004 1305 3070 laesit
1327 3002 1422 3070 iusti-

94 3095 176 3160 tiam
199 3101 233 3161 et
256 3093 415 3178 pietatem
438 3113 519 3175 erga
541 3114 627 3158 suos.

177 3312 236 3375 Da
260 3310 448 3376 DOhllNlO
474 3310 521 3374 IN
546 3309 672 3375 ALIOS
696 3309 904 3375 HOMINES.
930 3348 972 3356 -
997 3309 1055 3374 DE
1079 3308 1337 3376 SERVITUTE.

653 3458 763 3525 Casus.
791 3466 866 3533 (165)

184 3603 255 3662 Suet
243 3601 358 3670 tonius,
388 3601 575 3692 capellanus,
604 3600 721 3658 zelosus
748 3604 893 3675 propagat
895 3618 928 3657 or
949 3598 1156 3657 associationis
1180 3618 1232 3676 pro
1254 3598 1388 3657 Africa
1379 3617 1420 3658 ιιι-

95 3683 209 3754 venda,
238 3683 269 3741 in
291 3681 477 3741 contionibus
503 3680 697 3739 miserrimum
725 3686 835 3738 statum
857 3679 1009 3737 seriitutis
1033 3679 1165 3755 depingit
1189 3699 1312 3756 eumque
1333 3680 1421 3757 plane

96 3784 150 3823 con
152 3769 199 3822 ra
220 3763 314 3838 legem
336 3762 500 3820 naturalem
523 3780 589 3819 esse
612 3760 697 3831 dicit,
726 3779 820 3835 neque
847 3779 936 3835 posse
957 3779 1131 3836 quemquam
1152 3760 1216 3818 sine
1244 3759 1329 3835 gravi
1356 3779 1422 3837 pec·

95 3850 163 3903 cato
178 3863 295 3902 servum
317 3843 434 3918 proprie
449 3843 509 3900 dict
498 3848 560 3899 tum
575 3848 684 3899 tenere
719 3840 791 3898 Eius
812 3840 960 3916 parochus
981 3840 1071 3899 habet
1091 3840 1166 3899 haec
1186 3860 1239 3917 pro
1257 3840 1422 3900 immodicis

95 3931 260 4000 exaggerta
248 3923 393 3993 tionibus,
424 3922 454 3980 id
485 3922 578 3981 solum
608 3921 800 3979 laborandum
832 3939 913 3988 esse,
944 3925 978 3979 ut
1008 3939 1161 3979 servorum
1188 3940 1255 3980 sors
1282 3920 1423 3980 reddatur

95 4005 293 4075 tolerabilior,
323 4004 427 4061 det
380 4008 427 4061 cet
429 4022 479 4060 ero
501 4002 627 4076 nigritae
648 4007 755 4060 natura
783 3999 819 4059 ad
844 4000 924 4058 servi
926 4005 1019 4059 tutem
1040 4000 1205 4062 destinatos
1226 4020 1302 4062 esse.
1343 4001 1421 4061 Hinc

95 4086 311 4163 disputationes
333 4082 571 4158 dissensusque
564 4088 607 4139 ιιιι
609 4101 641 4140 er
663 4101 714 4140 eos
736 4080 879 4141 oriuntur.

95 4192 273 4262 Quaamrun
295 4193 323 4248 1ο
348 4209 417 4248 num
439 4188 598 4248 Suetonius
618 4187 795 4247 iudicaverit
816 4192 905 4247 recte.

294 4282 323 4336 2⁰
349 4279 416 4354 quid
438 4278 474 4336 de
495 4276 618 4354 parochi
639 4275 796 4335 sententia.

690 4441 827 4508 Salutio.

185 4570 237 4635 Aa
260 4590 451 4646 enhaemon
478 4573 514 4633 1¹²
545 4568 583 4634 R.
611 4571 640 4634 1.
687 4545 835 4632 Servitus
865 4565 912 4632 ita
942 4566 1126 4643 intellecta,
1158 4565 1244 4647 quod
1274 4562 1482 4628 dominusne?

96 4658 137 4724 de
159 4658 231 4743 ipsa
253 4659 341 4724 servi
364 4680 504 4742 persona
521 4657 624 4740 deque
648 4656 717 4722 eius
733 4655 803 4722 vita
819 4655 991 4738 disponere
1014 4677 1073 4740 pro
1095 4654 1189 4721 libitu
1212 4653 1325 4738 possit,
1351 4673 1422 4719 cer·
