3106 5168
382 282 535 337 Translatio
553 282 603 337 iur.
621 300 648 352 p.
667 285 823 337 contractus
841 311 876 321 -
893 284 990 338 locatio
1008 286 1122 338 aedium.
1348 287 1410 352 461

93 480 158 525 non
182 479 241 542 per
263 479 309 537 se,
333 462 466 525 tenetur
488 459 638 524 dominae
653 460 807 525 damnum
822 480 988 543 reparare,
1012 463 1098 542 quod
1113 461 1170 526 illa
1187 481 1229 526 ex
1253 460 1414 527 famulatu

92 567 313 632 praepropere
336 548 427 613 finito
450 547 613 631 patiatur3
638 553 777 631 utraque
801 569 879 614 vero
902 548 952 613 ius
975 550 1084 628 habet,
1109 555 1146 616 ut
1167 550 1333 615 adomina
1355 570 1415 616 sua

91 642 224 704 tantum
247 636 401 719 recipiat,
432 643 589 718 quantum
621 657 835 720 unaquaeque
858 638 1011 703 damnum
1034 638 1181 705 incurrat
1203 658 1246 703 ex
1269 638 1416 705 carentia

92 725 275 792 famulatus
297 726 352 790 vel
386 725 514 803 salarii,
547 747 611 808 quo
634 726 757 793 victum
787 726 849 792 sihi
879 730 1056 812 comparet.
1104 727 1138 793 Si
1167 727 1269 808 igitur
1298 733 1416 794 neutra

93 817 168 900 plus
192 835 302 880 secum
325 813 481 897 sumpsit,
513 815 546 879 in
576 815 776 882 conscientia
805 836 866 882 nec
889 816 1012 882 Thecla
1041 837 1147 899 neque
1171 817 1343 881 Ambrosia
1365 817 1415 882 in·

94 903 273 986 quietanda
302 907 369 968 est:
404 924 479 969 nam
512 903 612 969 etiam
641 904 805 989 posterior
833 926 899 971 non
928 905 1009 972 fecit
1031 905 1094 971 nisi
1117 905 1413 988 compensationem

94 993 259 1059 occultam
287 1012 351 1057 non
383 991 548 1059 iniustam.
595 992 629 1059 Si
661 1013 741 1059 vero
764 994 886 1060 Thecla
913 993 966 1059 vel
996 994 1170 1060 Ambrosia
1198 993 1272 1077 plus
1306 1014 1416 1059 secum

93 1082 226 1157 tulerit,
257 1081 297 1147 ad
321 1080 354 1146 id
377 1080 428 1146 ius
451 1103 515 1146 non
538 1081 667 1160 habuit,
696 1081 758 1147 nisi
780 1083 872 1165 leges
894 1083 1056 1167 positivae
1079 1083 1152 1167 plus
1175 1083 1254 1147 iuris
1277 1082 1318 1148 iis
1339 1103 1416 1148 con·

96 1170 218 1237 cedunt
240 1169 295 1252 qui
319 1190 361 1234 ex
384 1170 472 1236 iusta
495 1192 595 1236 causa
617 1175 821 1238 contractum
846 1177 925 1239 aute
947 1176 1077 1256 tempus
1099 1172 1267 1237 solverint.

185 1277 224 1344 R.
250 1280 279 1344 3.
312 1277 403 1342 Haec
426 1278 542 1343 ultima
564 1276 717 1361 sumptio,
742 1277 828 1360 quod
851 1278 942 1360 leges
958 1277 1119 1361 positivae
1142 1277 1214 1362 plus
1237 1278 1317 1343 iuris
1340 1284 1479 1344 con-910

95 1367 267 1444 cesserint,
289 1365 323 1431 in
346 1370 459 1432 nostro
483 1386 560 1431 casu
584 1366 714 1432 videtur
737 1387 809 1432 esse
832 1367 982 1432 exclusa:
1006 1367 1126 1449 alioqui
1151 1366 1300 1433 dominae
1324 1367 1417 1433 ders-

95 1456 195 1522 lictae
219 1455 380 1522 actionem
404 1454 587 1521 iudicialem
617 1476 682 1521 non
711 1461 846 1539 possent
878 1456 1056 1522 efficaciter
1086 1457 1259 1523 instruere.
1306 1455 1419 1521 Potius

95 1545 228 1610 videtur
250 1545 427 1610 secundum
450 1544 541 1626 leges
563 1544 780 1610 territoriales
802 1545 836 1610 in
859 1549 997 1628 utroque
1013 1566 1091 1610 casu
1114 1566 1263 1611 recessus
1285 1544 1419 1626 illegiti-

95 1655 179 1699 mus.
226 1634 279 1698 Ex
302 1654 365 1716 quo
388 1634 435 1709 fit,
460 1638 498 1699 ut
521 1634 619 1700 etiam
644 1633 707 1699 dici
730 1634 865 1711 debeat,
890 1635 967 1716 quid
991 1634 1131 1700 Theclae
1155 1635 1322 1701 incumbat
1344 1639 1420 1717 post

96 1722 214 1788 iudicis
237 1721 443 1788 sententiam.
491 1723 577 1789 Nam
602 1722 641 1788 de
664 1722 837 1788 Ambrosia
864 1725 924 1789 suh
947 1725 1008 1789 hoc
1030 1730 1184 1807 respectu
1207 1723 1286 1789 nihil
1309 1723 1419 1789 dioen-

97 1813 175 1877 dum
199 1810 351 1889 occurrit,
375 1814 490 1895 utpote
514 1833 598 1893 quae
621 1811 704 1877 hanc
727 1812 925 1879 sententiam
948 1812 1065 1878 fecerit
1087 1812 1329 1897 impossibilem.

187 1900 310 1966 Thecla
324 1900 358 1964 in
374 1920 413 1965 eo
428 1900 597 1966 iuridicam
613 1901 741 1984 culpam
758 1901 928 1978 commisit,
953 1901 1038 1983 quod
1054 1902 1217 1967 dominam
1233 1923 1298 1967 non
1321 1904 1421 1967 antea

98 1990 233 2056 monuit.
281 1989 314 2055 si
337 1989 439 2070 igitur
461 2011 504 2054 ex
527 1989 588 2055 hac
611 1989 797 2055 monitionis
820 1989 993 2055 omissione
1016 2012 1081 2072 qua
1103 1990 1163 2057 tali
1187 1990 1336 2057 dominae
1359 1989 1420 2056 ali-

98 2079 184 2162 quod
209 2078 360 2144 damnum
385 2082 493 2144 ortum
516 2078 625 2157 fuerit,
649 2078 682 2143 id
706 2078 827 2144 Thecla
843 2083 918 2162 post
940 2079 1138 2144 sententiam
1162 2081 1262 2145 etiam
1284 2078 1318 2143 in
1342 2100 1421 2145 con·

97 2167 236 2234 scientia
253 2167 412 2233 resarcire
428 2166 534 2234 debet.
567 2167 630 2233 Sed
649 2167 678 2232 si
693 2168 866 2245 sententia,
891 2189 1088 2250 quamquam
1103 2169 1280 2234 secundum
1303 2168 1419 2248 legem,

99 2257 252 2323 damnum
276 2256 517 2321 resarciendum
547 2256 684 2340 imponit
714 2277 756 2321 ex
785 2277 918 2322 recessu
941 2278 1161 2341 praepropero
1193 2277 1257 2339 qua
1280 2256 1356 2334 tali,
1387 2257 1421 2321 id

99 2366 217 2412 censeo
242 2366 315 2411 esse
337 2344 510 2423 iniustum,
535 2366 574 2410 eo
597 2345 683 2428 quod
707 2345 739 2409 in
763 2346 823 2412 tali
846 2367 924 2411 casu
948 2346 1114 2412 sententia
1136 2350 1269 2428 cogeret
1292 2346 1334 2411 ad
1358 2344 1421 2409 illi-

99 2436 176 2513 cita,
202 2435 242 2499 ad
267 2433 476 2501 violationem
508 2434 590 2516 legis
614 2434 855 2500 ecclesiasticae
884 2435 954 2500 sine
978 2456 1078 2501 causa
1100 2434 1286 2501 sufficienti.

190 2523 264 2588 Dixi
295 2522 492 2590 sententiam
524 2523 638 2589 iudicis
671 2523 837 2589 continere
867 2524 1067 2590 coactionem
1098 2525 1140 2590 ad
1169 2523 1316 2590 illicitam
1338 2521 1422 2603 legis

99 2612 343 2679 ecclesiasticae
366 2611 586 2678 violationem.
645 2613 717 2679 Etsi
741 2612 826 2678 enim
856 2613 890 2678 in
913 2613 973 2679 tali
997 2634 1074 2679 casu
1098 2613 1219 2680 Thecla
1242 2612 1422 2678 subiective

98 2722 158 2768 seu
181 2701 398 2787 personaliter
425 2704 600 2767 excusetur
623 2723 643 2766 a
667 2702 768 2767 Missa
790 2702 952 2768 audienda
981 2723 1023 2768 ex
1046 2723 1094 2780 eo,
1125 2703 1211 2784 quod
1233 2723 1270 2768 se
1292 2700 1422 2786 praevi-

100 2791 178 2856 deat
202 2795 351 2857 coactum
375 2789 415 2855 iri
430 2789 472 2855 ad
488 2791 689 2856 subeundum
706 2811 810 2874 grave
827 2791 996 2857 damnum:
1020 2796 1130 2858 tamen
1154 2791 1285 2857 omissio
1301 2790 1423 2856 Missae

100 2883 213 2946 manet
236 2879 397 2946 obiective
420 2883 535 2945 contra
558 2880 681 2961 legem,
706 2900 809 2961 eaque
831 2880 915 2962 legis
938 2880 1074 2947 violatio
1090 2880 1272 2964 imputatur
1293 2879 1343 2957 iis,
1368 2878 1422 2961 qui

100 2968 170 3034 sine
193 2969 282 3034 iusta
306 2989 406 3034 causa
430 2969 472 3033 ad
495 2967 711 3034 omittendum
735 2973 866 3051 cogunt.

530 3189 993 3256 LOCATIO·CONDUOTIO.

588 3346 592 3354 '
659 3346 769 3413 Casus.
796 3354 872 3422 (282)

192 3487 311 3546 Clodius
332 3505 397 3545 cum
419 3486 532 3544 familia
560 3506 613 3545 sua
635 3486 818 3545 conduxerat
845 3486 940 3562 pretio
966 3485 1087 3545 reducto
1109 3486 1240 3557 domum,
1269 3504 1354 3561 quarn
1382 3485 1425 3545 in·

102 3572 244 3643 spexerat
264 3566 397 3643 quidem,
426 3573 457 3625 st
485 3566 569 3625 cuius
591 3566 791 3625 condicionem
818 3585 878 3625 non
900 3567 1046 3625 salubrem
1075 3566 1252 3625 adverterat.
1295 3565 1352 3625 Sed
1372 3566 1426 3626 vix

103 3653 244 3723 coeperat
262 3647 304 3706 ibi
324 3646 469 3718 habitare,
491 3666 556 3705 cum
571 3647 655 3705 timet
673 3666 725 3722 pro
741 3666 833 3706 uxore
847 3652 878 3706 et
896 3646 1002 3716 filiolis,
1024 3665 1062 3705 ne
1075 3647 1205 3706 notabile
1219 3646 1425 3706 detrimentum

102 3726 283 3786 valetudinis
311 3727 439 3802 capiant.
482 3725 667 3804 Quapropter
687 3727 809 3803 inquirit
835 3727 937 3786 statim
964 3727 994 3784 in
1016 3726 1105 3785 aliam
1126 3727 1241 3786 domum
1264 3729 1426 3787 conducen-

103 3807 187 3878 dam;
210 3825 268 3884 qua
288 3813 420 3883 reperta,
441 3807 521 3865 illam
543 3808 669 3883 priorem
681 3807 819 3876 domum,
842 3808 973 3866 locatore
993 3826 1053 3866 non
1074 3807 1257 3884 praemonito
1277 3807 1425 3884 relinquit,

103 3906 160 3946 nec
188 3886 344 3963 quidquam
372 3907 425 3963 pro
453 3887 600 3946 locatione
628 3887 744 3946 solvere
772 3888 844 3946 vult.
885 3887 1013 3946 Locator
1040 3893 1138 3947 autom
1163 3888 1295 3948 Clodium
1322 3887 1352 3947 in
1379 3888 1426 3947 ius

103 3973 210 4038 vocat,
241 3986 296 4042 quo
325 3967 430 4026 saltem
457 3986 511 4043 pro
540 3973 602 4026 toto
631 3972 761 4043 tempore
789 3967 940 4037 semestri,
971 3968 1009 4025 ad
1030 3968 1106 4044 quod
1128 3968 1163 4026 de
1190 3968 1338 4027 locatione
1360 3986 1427 4025 con·

102 4053 233 4107 tractum
254 4051 328 4119 erat,
348 4047 505 4106 locationis
526 4047 651 4123 pretium
671 4048 805 4124 recipiat,
827 4052 936 4123 negata
958 4048 1046 4106 etiam
1063 4049 1214 4118 facultate,
1237 4067 1294 4123 qua
1309 4046 1427 4106 Clodius

105 4128 221 4187 domum
250 4127 420 4186 derelictam
449 4147 502 4203 pro
529 4128 580 4186 illo
604 4133 736 4203 tempore
764 4128 830 4187 aliis
859 4128 1033 4187 sublocaret.
1075 4128 1113 4186 m
1141 4148 1205 4186 cum
1234 4127 1322 4203 paulo
1350 4131 1427 4202 post,

104 4213 210 4266 exorto
231 4207 263 4266 in
282 4207 391 4266 vicinia
412 4207 557 4278 incendio,
579 4208 667 4266 etiam
685 4209 786 4267 domus
807 4208 867 4267 ista
881 4209 1017 4266 damnum
1039 4215 1198 4285 pateretur,
1220 4207 1307 4265 huius
1329 4205 1427 4264 damni

104 4287 323 4365 reparationem
344 4308 362 4346 a
384 4287 484 4347 clodio
505 4288 645 4364 postulat.

105 4394 284 4465 Quarurrua
307 4397 335 4452 1⁰
360 4413 435 4468 quae
456 4393 517 4452 sint
537 4399 697 4452 consuetae
719 4393 905 4452 condiciones
927 4393 1091 4452 locationis.

304 4485 335 4542 2ο
361 4484 429 4559 quid
451 4482 552 4542 Clodio
573 4483 740 4541 faciendum
762 4483 810 4553 sit,
833 4502 899 4541 cum
920 4482 950 4540 in
971 4483 1017 4541 ius
1038 4486 1170 4540 vocatur.

306 4574 336 4631 3⁰
361 4573 504 4646 quomodo
528 4572 643 4630 infore
666 4571 866 4630 conscientiae
893 4571 930 4629 lis
957 4571 1035 4630 inter
1056 4570 1177 4631 codium
1204 4575 1233 4628 et
1261 4569 1324 4628 eius
1351 4569 1428 4629 loca-

360 4658 454 4710 torem
476 4651 675 4728 componenda
697 4652 745 4721 sit,
767 4642 793 4710 si
815 4656 971 4711 externum
990 4653 1086 4711 forum
1107 4652 1292 4710 abhorreant.
