3106 5168
249 270 402 326 Translatio
420 272 470 326 iur.
491 290 517 341 p.
537 275 700 327 contractus.
721 301 754 310 -
775 270 864 326 Contr.
884 274 1010 326 obiectam
1029 281 1052 327 et
1068 277 1194 343 pretium.
1318 279 1381 342 397

655 455 790 522 Salutio.

148 599 201 664 Ao
217 620 408 675 qnnnsrrun
427 603 464 664 lm
487 600 526 666 R.
546 601 574 665 l.
611 597 811 682 Praecipuae
835 597 1040 663 condiciones
1062 619 1181 677 rerum,
1206 599 1246 664 de
1268 601 1383 682 quibus
1393 611 1443 666 787

58 690 278 772 paciscuntur,
296 693 373 753 suut
388 689 467 753 hae:
494 689 525 770 1)
542 687 638 753 nteit
654 709 707 752 res
722 686 885 771 possibilis
900 687 997 769 idque
1013 691 1082 753 tum
1099 688 1197 753 etiam
1215 691 1383 757 moraliter

58 777 236 843 secundum
254 777 341 842 vires
356 777 520 861 physicas,
537 780 608 842 tum
623 776 800 842 secundum
815 777 906 858 leges
922 776 1072 853 morales,
1092 797 1197 858 neque
1213 777 1246 841 in
1262 800 1382 859 genere

58 872 198 945 tantum,
223 866 400 932 sedetiam
423 865 485 949 ipsi
509 864 703 949 paciscenti3
729 866 763 948 2)
781 869 816 931 ut
832 886 885 930 res
908 864 952 931 sit
968 864 1050 931 satis
1066 864 1294 944 determinata,
1319 890 1381 950 quo

58 955 193 1034 sciatur,
218 955 339 1037 deque
362 976 398 1020 re
414 958 549 1037 agatur;
575 956 608 1036 3)
632 959 669 1020 nt
692 975 745 1018 res
768 975 827 1018 suo
851 953 946 1019 modo
969 953 1013 1020 sit
1035 953 1141 1038 pretio
1159 954 1381 1025 aestimabilis.

57 1045 167 1122 Ratio,
193 1065 250 1109 our
272 1044 334 1109 bae
358 1043 563 1109 condiciones
586 1042 792 1108 necessariae
815 1042 890 1122 sint,
915 1062 973 1126 per
991 1064 1027 1108 se
1050 1043 1147 1108 facile
1170 1043 1381 1128 intellegitur.

148 1150 187 1215 R.
213 1151 242 1215 2.
282 1149 445 1233 Imprimis
467 1149 499 1214 in
525 1149 747 1215 contractibus
770 1148 1046 1232 permutationum
1070 1149 1196 1215 attendi
1220 1149 1318 1217 debet
1340 1152 1381 1217 ad

57 1238 295 1321 aequalitatem
318 1238 365 1303 rei
389 1239 430 1303 ad
446 1259 531 1306 rem:
557 1238 700 1320 alioquin
716 1237 931 1304 committitur
947 1237 1116 1304 iniustitia.
1151 1238 1282 1305 Iustitia
1297 1240 1381 1304 enim

57 1329 91 1391 in
115 1327 408 1410 permutationibus
433 1327 553 1410 exigit,
583 1332 619 1393 ut
642 1330 770 1392 tantum
794 1326 948 1409 recipiam
972 1328 1014 1392 ab
1038 1328 1159 1406 altero,
1184 1333 1307 1409 quanto
1331 1351 1383 1394 me

58 1417 185 1500 privem
209 1416 242 1480 in
265 1416 360 1481 huius
383 1416 546 1495 favorem,
572 1421 606 1483 et
629 1420 666 1481 ut
688 1420 817 1483 tantum
841 1416 1048 1482 contrahenti
1070 1415 1200 1494 cedam,
1225 1423 1382 1499 quantum

57 1507 99 1571 ab
125 1526 163 1570 eo
187 1504 351 1587 recipiam.

148 1623 201 1686 An
224 1642 414 1698 onnasrrau
440 1625 478 1685 2¹⁰
501 1621 540 1688 R.
566 1624 593 1688 1.
641 1621 677 1684 ln
702 1620 869 1704 proposito
893 1642 971 1686 casu
994 1625 1100 1688 totum
1124 1622 1245 1705 pendet
1268 1622 1309 1688 ab
1334 1630 1445 1700 eo,788

58 1713 169 1775 utrum
193 1710 368 1776 secundum
392 1711 623 1776 necessitatem
648 1709 798 1786 alienam,
824 1710 873 1775 cui
898 1731 1061 1788 succurro,
1086 1716 1120 1777 et
1135 1731 1156 1775 a
1172 1732 1235 1793 quo
1251 1712 1383 1778 liberari

58 1799 196 1864 alterius
219 1801 355 1865 multum
380 1799 527 1875 interest,
552 1800 605 1863 vel
628 1798 805 1863 secundum
829 1799 1005 1865 utilitatem
1023 1821 1119 1880 quam
1142 1821 1195 1865 res
1211 1800 1280 1865 sive
1297 1803 1383 1867 actio

58 1909 132 1952 mea
157 1888 251 1954 alteri
276 1890 381 1966 affert,
406 1889 556 1972 pretium,
582 1888 666 1970 quod
684 1887 824 1968 exigam,
850 1909 971 1970 augere
991 1888 1123 1971 possim.
1141 1925 1183 1932 —-
1207 1889 1278 1954 Hoc
1295 1911 1382 1956 com·

58 1977 169 2060 plures
202 1977 349 2059 quidem,
383 1976 540 2060 imprimis
572 1977 787 2054 recentiores,
822 1982 958 2041 eatenus
991 1977 1187 2055 admittunt,
1221 1983 1406 2061 quatenus-

57 2069 193 2150 propter
216 2065 372 2131 eiusmodi
402 2066 579 2131 utilitatem
604 2064 682 2145 (non
706 2069 840 2149 propter
863 2065 1106 2142 necessitatem)
1130 2067 1270 2149 pretium
1294 2069 1382 2134 ultra

57 2155 108 2231 id,
134 2155 218 2237 quod
243 2154 339 2220 aliter
362 2155 405 2220 sit
428 2155 567 2236 pretium
592 2154 713 2219 iustum
737 2175 913 2231 summum,
938 2154 1051 2236 augeri
1075 2154 1188 2229 liceat;
1219 2155 1316 2237 idque
1340 2179 1381 2221 ex

58 2245 153 2328 praxi
187 2243 365 2322 communi,
399 2244 496 2309 etiam
530 2244 693 2308 hominum
727 2244 869 2326 piorum,
902 2247 1020 2327 putant
1052 2264 1147 2326 posse
1180 2245 1379 2310 confirmari:

59 2354 141 2415 quos
165 2333 238 2398 vide
262 2333 348 2398 infra
370 2333 404 2397 in
427 2354 505 2397 casu
528 2333 657 2414 subseq.
681 2354 713 2397 n.
739 2335 813 2398 792.

149 2439 187 2504 R.
213 2442 242 2505 2.
279 2438 411 2513 Verum,
436 2438 463 2502 si
487 2438 519 2502 iu
543 2438 730 2504 venditione
753 2437 907 2514 sistimus,
932 2437 992 2502 tali
1015 2437 1134 2520 agendi
1156 2438 1252 2504 modo
1277 2439 1380 2504 omnis

58 2527 365 2610 conceptus‘iustae
389 2527 585 2592 venditionis
608 2527 777 2593 evertitur.
824 2527 910 2591 Nam
935 2525 1060 2592 utilitas
1084 2526 1208 2605 aliena,
1240 2528 1381 2609 quaein

58 2617 129 2681 eius
152 2637 309 2699 persona,
334 2621 423 2694 arte,
453 2616 614 2683 industria
637 2617 689 2680 vel
714 2617 841 2694 labore,
866 2616 918 2680 vel
943 2616 976 2680 iu
999 2615 1220 2697 singularibus
1244 2617 1380 2682 eircum-

57 2706 191 2771 stantiis
212 2705 245 2769 in
262 2705 377 2786 quibus
394 2710 545 2771 versetur
567 2707 664 2788 plane
690 2705 815 2779 nititur,
841 2725 904 2769 non
920 2705 1051 2788 proprie
1068 2705 1123 2784 rei,
1149 2727 1245 2787 quam
1263 2707 1379 2782 vendo,

58 2796 145 2860 inest
168 2815 273 2875 neque
296 2815 449 2875 umquam
472 2795 589 2861 inerat.
632 2794 723 2859 Haec
747 2793 872 2859 utilitas
895 2815 1070 2875 numquam
1095 2799 1167 2859 erat
1190 2815 1294 2877 neque
1318 2795 1380 2861 erit

57 2904 149 2948 mea:
175 2883 287 2964 quodsi
311 2904 384 2948 mea
408 2883 568 2960 nonfuit,
593 2904 665 2948 eam
682 2883 824 2947 vendere
847 2904 911 2947 non
935 2904 1083 2965 possum;
1108 2888 1142 2948 et
1165 2905 1201 2948 re
1216 2905 1297 2949 vera
1316 2906 1380 2949 non

58 2973 143 3037 hanc
167 2973 224 3036 sed
247 2992 316 3036 rem
339 2972 455 3037 vendo.
498 2972 604 3048 Quare
628 2993 670 3036 ex
693 2971 753 3037 tali
776 2993 876 3037 causa
898 2972 1038 3055 pretium
1063 2972 1150 3037 ultra
1173 2973 1312 3055 pretium
1338 2995 1380 3037 ex

58 3083 94 3126 se
118 3082 277 3125 summum
302 3061 423 3125 iustum
447 3083 569 3142 augere
591 3061 696 3125 habeo
720 3082 777 3143 pro
802 3061 937 3125 strictae
960 3059 1106 3126 iustitiae
1129 3061 1282 3127 laesione.

149 3167 187 3232 R.
214 3170 244 3232 3.
291 3166 449 3232 Attamen
479 3187 551 3231 cum
582 3186 643 3248 ego
675 3165 770 3230 alteri
800 3165 1002 3229 occasionem
1033 3165 1209 3248 praebeam
1240 3186 1380 3246 magnae

58 3255 212 3321 utilitatis
237 3257 289 3319 vel
312 3256 403 3331 lucri,
429 3276 566 3336 aequum
584 3259 644 3331 est,
670 3258 706 3319 ut
730 3259 857 3337 emptor
882 3274 923 3317 cx
947 3253 1146 3318 liberalitate
1162 3256 1213 3318 vel
1238 3254 1379 3335 gratitu-

58 3345 134 3409 dine
150 3344 228 3408 mihi
245 3344 332 3409 ultra
347 3343 487 3427 pretium
503 3344 622 3409 iustum
639 3348 755 3426 sponte
771 3365 831 3408 sua
847 3343 965 3407 donum
981 3341 1115 3407 liberale
1132 3344 1257 3410 offerat.
1288 3343 1381 3410 Licet

58 3434 161 3515 igitur
183 3455 241 3517 pro
263 3437 365 3517 pretio
388 3433 476 3499 ultra
491 3454 652 3498 summum
668 3431 807 3515 pretium
832 3430 952 3496 iustum
969 3431 1137 3514 postulare
1155 3431 1235 3496 nibil
1259 3431 1379 3514 possim

56 3522 156 3589 titulo
172 3521 378 3600 venditionis,
403 3522 480 3588 licet
503 3526 614 3588 tamen
630 3521 726 3587 titulo
745 3520 956 3602 gratitudinis
979 3542 1037 3584 scu
1053 3519 1129 3584 doni
1152 3520 1297 3586 liberalis
1320 3522 1380 3586 ali-

58 3632 154 3694 quem
173 3631 342 3676 excessum
359 3611 514 3694 accipere.
555 3612 618 3676 Sed
642 3611 708 3675 tale
725 3610 843 3674 donum
861 3610 958 3674 debet
974 3630 1046 3674 esse
1061 3609 1251 3691 gratuitum,
1276 3632 1381 3694 usque

57 3700 227 3786 postulare
251 3721 356 3781 neque
379 3700 537 3783 stipulare
561 3699 640 3763 illud
663 3721 804 3782 possum.
851 3699 898 3764 cf.
929 3699 984 3765 Tb.
1008 3721 1048 3766 m.
1072 3699 1098 3777 I,
1125 3701 1219 3767 1050.

148 3806 187 3872 R.
205 3809 236 3870 4.
275 3806 508 3872 Percurrentes
531 3806 677 3887 singulas
700 3826 754 3870 res
776 3805 809 3870 in
826 3826 903 3870 casu
919 3804 1097 3889 proposito,
1121 3804 1203 3869 haec
1223 3805 1441 3870 habemus789

58 3895 318 4074 notadlatluoad
344 4014 457 4058 cenam
481 3996 712 4075 praeparatam
735 3991 832 4057 facile
855 3990 1000 4074 permitti
1022 3994 1148 4073 potest,
1180 3996 1216 4058 ut
1239 3992 1380 4075 pretium

57 4083 164 4147 maius
188 4082 381 4164 postuletur,
406 4103 503 4163 quam
520 4082 606 4163 quod
628 4103 732 4165 caupo
755 4101 814 4165 pro
836 4101 875 4145 ea
898 4080 1109 4162 postulasset.
1147 4079 1206 4156 Qui
1230 4080 1315 4144 enim
1338 4101 1381 4144 ex

56 4171 236 4255 improviso
252 4170 370 4247 aditur,
394 4171 491 4251 longe
507 4170 647 4235 maiores
662 4171 762 4236 habet
784 4170 913 4235 labores
932 4169 1153 4250 minoremque
1169 4168 1379 4234 facilitatem:

57 4282 173 4326 verum
197 4259 239 4325 ad
264 4263 305 4325 20
328 4281 456 4325 marcas
480 4260 655 4324 ascendere
679 4260 807 4324 modum
831 4258 929 4342 plane
952 4257 1091 4324 excedit.

149 4358 183 4440 2)
208 4357 299 4434 Quod
322 4379 438 4439 equum
462 4358 700 4422 commodatum
724 4359 863 4439 spectat,
887 4355 1028 4438 pretinm
1045 4355 1193 4419 diurnum
1217 4373 1275 4435 pro
1292 4374 1379 4418 com·

58 4447 192 4513 modato
214 4468 296 4528 equo
320 4448 362 4512 ad
384 4449 446 4511 loo
463 4469 523 4512 mc.
548 4446 701 4512 attollere
724 4445 924 4529 impudentia
948 4448 1008 4520 est,
1032 4442 1174 4507 maxime
1198 4463 1270 4505 cnm
1294 4442 1379 4524 peri·

58 4539 167 4602 culum
192 4536 319 4612 damni,
351 4538 436 4618 quod
466 4536 572 4602 timeri
603 4535 706 4618 possit
737 4556 777 4599 ex
802 4533 925 4597 viribus
952 4531 1026 4613 equi
1056 4529 1296 4596 ultramodum
1321 4551 1377 4594 ex·

57 4625 257 4703 hauriendis
281 4625 492 4708 stipulatione
516 4625 657 4707 ingentis
681 4624 777 4708 pretii
800 4627 960 4687 remotum
983 4621 1036 4686 sit.
