3106 5168
27 263 68 326 82
592 256 634 312 De
652 258 781 328 peccatis.

26 436 96 502 sive
120 435 353 503 consuetudine
376 437 518 518 recepta.
565 434 685 512 Quodsi
707 434 809 516 igitur
830 435 864 499 in
894 436 956 502 hac
986 456 1022 501 re
1045 435 1166 503 iniuste
1188 435 1355 521 opprimat

27 547 198 610 pauperes,
222 546 302 591 sane
324 525 421 607 longe
444 524 573 591 facilius
588 523 727 590 mortale
750 529 931 608 peccatum,
955 524 1053 607 idque
1074 546 1116 590 ex
1135 524 1353 608 gravioribus,

27 614 211 692 committit,
243 613 368 680 scilicet
398 634 493 696 qnam
525 612 664 696 primum
694 612 815 680 iniusta
845 613 976 680 exactio
1006 614 1152 698 attingat
1178 614 1353 682 materiam

27 704 166 770 relative
188 704 229 769 ad
253 723 413 789 pauperes
436 723 583 786 gravem.

3 813 16 864 1
115 801 154 868 R.
179 805 210 870 3.
256 800 360 867 Certis
384 799 496 865 diebus
519 799 666 865 Crusinm
697 819 733 864 se
762 798 938 879 includere,
968 805 1007 867 ut
1029 821 1103 866 cum
1124 798 1354 867 satisfactione

27 892 116 957 solus
130 890 236 974 possit
250 890 424 956 thesauros
439 910 515 955 suos
531 888 748 972 contemplari
767 892 803 954 et
823 892 970 972 tangere,
995 911 1075 956 sane
1090 889 1353 973 peccaminosum

27 983 87 1056 est,
119 983 155 1046 at
183 1002 244 1065 per
270 1001 303 1045 sc
331 978 453 1045 limites
475 978 614 1044 venialis
637 976 764 1062 peccati
793 999 859 1043 non
888 978 1027 1045 excedit.
1075 978 1199 1044 Verum
1221 979 1353 1045 omnino

26 1068 242 1134 retrahendus
259 1072 309 1134 est
325 1066 458 1133 Crusius
476 1068 518 1134 ab
534 1067 599 1132 ista
614 1067 787 1133 affectione
802 1066 997 1146 inordinata,
1015 1088 1056 1132 ne
1072 1068 1209 1135 altiores
1224 1068 1354 1135 radices

27 1160 107 1241 agat
130 1162 165 1223 et
188 1157 230 1222 ad
252 1155 370 1239 gravia
391 1160 528 1240 peccata
552 1177 625 1222 eum
649 1155 810 1240 pellicent.

115 1262 155 1331 R.
180 1265 211 1328 4.
257 1261 348 1338 Quod
378 1281 457 1326 vero
488 1262 619 1327 Orosius
649 1261 790 1327 avaritia
820 1261 937 1327 ductus
966 1260 1115 1327 fraudem
1143 1261 1235 1328 illam
1265 1282 1354 1329 com·

26 1351 153 1417 miserit
176 1355 275 1433 atque
298 1349 431 1416 titulum
453 1352 567 1416 valore
590 1350 784 1418 destitutum
813 1372 872 1434 pro
896 1351 1005 1418 valido
1029 1351 1232 1435 expenderit,
1264 1356 1355 1418 certe

26 1441 177 1525 peccavit
207 1446 342 1523 peccato
372 1437 550 1505 iniustitiae
582 1460 684 1523 eoque
716 1439 863 1518 mortali,
898 1461 969 1506 cum
1003 1444 1122 1523 agatur
1153 1441 1195 1506 de
1225 1461 1355 1506 summa

26 1531 147 1596 limites
163 1528 276 1612 gravis
292 1528 450 1593 materiae
465 1528 562 1610 longe
579 1528 767 1595 excedente.
804 1529 919 1611 Neque
935 1533 1112 1596 excusatur
1135 1549 1177 1594 ex
1193 1550 1243 1608 eo,
1268 1530 1354 1612 quod

27 1619 73 1684 sic
104 1639 124 1683 a
154 1639 189 1683 se
213 1618 367 1683 damnum
390 1621 531 1684 avertat.
577 1616 665 1683 Nam
694 1619 756 1685 hac
778 1617 906 1684 ratione
929 1638 1061 1684 causam
1092 1638 1156 1684 non
1179 1618 1281 1685 habet
1304 1618 1354 1684 in·

27 1707 153 1773 ferendi
176 1706 285 1772 damni
308 1705 371 1771 nisi
394 1711 509 1773 contra
533 1727 616 1784 eum,
640 1706 696 1788 qui
717 1707 779 1772 hoc
803 1707 955 1772 damnum
974 1707 1034 1772 sibi
1053 1707 1173 1773 iniuste
1187 1706 1354 1776 intulerit:

27 1797 139 1863 intulit
161 1800 271 1862 autem
295 1795 365 1878 ipse
387 1795 448 1860 sibi
471 1795 542 1860 sive
565 1795 714 1861 socordia
737 1796 807 1861 sive
830 1795 1003 1862 oblivione.

1 1913 17 1966 2
116 1901 155 1968 R.
181 1905 210 1968 5.
253 1899 344 1976 Quod
368 1901 410 1966 ad
433 1903 612 1967 Arcadium
636 1901 766 1979 attinet,
790 1901 935 1984 parcitas
951 1921 1032 1984 erga
1047 1900 1206 1968 familiam
1222 1902 1355 1969 videtur

28 1991 265 2073 aliquantulum
281 1989 400 2055 vitiosa
424 1989 535 2068 fuisse,
560 1991 645 2072 quod
668 2012 709 2056 ne
733 2012 816 2056 uxor
837 1990 966 2073 quidem
991 1990 1159 2073 adultique
1181 1991 1240 2056 filii
1263 2012 1355 2058 more

28 2084 182 2147 consueto
212 2079 267 2164 pia
290 2100 390 2163 opera
413 2099 569 2144 exercere
592 2079 769 2164 potuerint.
816 2079 869 2144 Ex
899 2100 938 2144 eo
962 2084 1083 2159 autem,
1107 2079 1193 2162 quod
1216 2080 1355 2164 publicis

27 2168 223 2254 spectaculis
246 2168 405 2234 interesse
428 2188 493 2233 non
516 2167 652 2253 possint,
676 2168 807 2234 Arcadii
831 2167 1037 2236 illiberalitas
1060 2168 1119 2234 vix
1149 2171 1201 2234 est
1223 2169 1353 2245 vitiosa,

27 2259 85 2324 sed
108 2258 217 2342 potius
240 2257 413 2335 laudanda,
439 2256 579 2338 quando,
605 2262 641 2324 ut
663 2278 762 2342 saepe
791 2259 838 2334 fit,
870 2257 1027 2324 eiusmodi
1050 2257 1239 2342 spectacula
1262 2258 1354 2323 bonis

27 2348 170 2413 moribus
194 2367 258 2412 non
282 2346 428 2430 apprime
452 2349 643 2412 consonant.

117 2445 155 2511 R.
180 2447 210 2510 6.
254 2442 425 2508 Difficilius
448 2443 588 2509 solvitur
611 2442 760 2525 quaestio
784 2442 823 2508 de
847 2443 998 2526 neglecto
1022 2445 1063 2509 ab
1088 2442 1229 2528 Arcadio
1255 2443 1354 2510 Sacro

27 2539 162 2620 propter
190 2554 345 2615 magnum
375 2532 498 2597 lucrum
532 2531 676 2614 alioquin
708 2531 932 2599 amittendum.
987 2532 1194 2599 Communius
1224 2533 1354 2615 quidem

28 2623 211 2691 concedunt
233 2622 273 2699 ei,
298 2621 352 2703 qui
376 2621 437 2686 sibi
460 2642 656 2703 suorumque
680 2621 931 2688 necessitatibus
954 2643 1013 2706 per
1036 2622 1165 2688 labores
1183 2643 1261 2687 suos
1278 2639 1356 2707 pro-v

28 2712 141 2778 videre
171 2712 306 2788 debeat,
336 2710 435 2776 licere
464 2715 599 2794 propter
628 2711 924 2777 extraordinarium
954 2712 1078 2777 lucrum
1110 2732 1176 2777 una
1206 2711 1356 2778 alterave

29 2803 100 2866 vice
117 2801 251 2866 Sacrum
275 2799 435 2866 omittere.
474 2798 529 2877 At,
554 2820 626 2864 cum
641 2798 803 2865 Arcadius
827 2800 947 2865 habere
963 2800 1124 2880 videatur,
1149 2800 1235 2867 unde
1251 2801 1354 2877 vivat,

29 2894 122 2957 estne
154 2889 294 2970 benigna
326 2888 383 2953 illa
414 2888 498 2970 legis
531 2887 773 2954 ecclesiasticae
804 2889 1036 2974 interpretatio
1071 2890 1101 2956 ei
1133 2889 1355 2975 applicanda?

29 2980 113 3045 Puto
141 2977 190 3043 ita
220 2977 283 3042 dici
312 2998 424 3061 posse,
460 2978 490 3059 1)
520 2976 596 3058 quia
622 2976 801 3055 Arcadius,
832 2979 895 3043 etsi
926 2999 962 3043 re
992 2999 1073 3045 vera
1102 3000 1166 3044 non
1197 2978 1354 3061 indigeat,

28 3076 139 3135 tamen
162 3087 279 3150 reapse
302 3068 368 3132 suis
393 3065 485 3131 bonis
509 3066 620 3143 timet;
650 3068 684 3148 2)
708 3067 784 3148 quia
808 3068 990 3151 complures
1013 3067 1159 3150 theologi
1182 3071 1355 3135 sciverim

29 3158 140 3223 dicunt
168 3156 293 3221 lucrum
326 3177 386 3241 pro
418 3164 503 3221 atala
534 3158 832 3221 extraordinarium
863 3177 936 3222 esse
968 3177 1101 3222 causam
1131 3162 1355 3234 excusantem,

29 3245 205 3329 quietalis
234 3244 314 3309 lucri
345 3243 476 3310 amissio
501 3245 679 3310 universim
708 3244 804 3327 gravi
834 3245 952 3310 damno
983 3244 1233 3330 aequiparatum
1265 3267 1355 3330 ergo,

29 3337 56 3401 si
79 3336 204 3400 lucrum
228 3355 286 3417 pro
310 3338 400 3400 statu
423 3333 557 3400 Arcadii
580 3355 659 3399 vere
684 3333 979 3400 extraordinarium
1005 3339 1087 3413 erat,
1111 3335 1239 3419 peccati
1262 3337 1357 3419 argui

29 3424 157 3506 nequit,
190 3423 285 3488 modo
318 3427 428 3489 tamen
460 3424 531 3508 ipse
566 3444 607 3488 ex
641 3423 779 3490 honesto
813 3425 877 3488 fine
912 3429 1008 3506 agat;
1041 3422 1223 3490 hortandus
1256 3425 1355 3491 etiam

30 3518 90 3589 est,
115 3533 155 3576 ne
179 3511 306 3576 facilius
329 3517 364 3578 et
387 3512 590 3595 frequentius
614 3513 654 3577 ob
678 3513 778 3578 talem
803 3534 936 3578 causam
960 3512 1094 3579 Sacrum
1118 3513 1261 3581 omittat.
1309 3514 1356 3580 cf.

31 3602 61 3668 S.
87 3600 284 3684 Alph.111‚
310 3603 391 3678 332;
420 3601 540 3666 Elbel
563 3622 594 3684 p.
619 3600 676 3679 Ill,
702 3624 732 3668 n.
759 3604 840 3677 368;
870 3603 926 3667 lt.
951 3625 991 3668 m.
1016 3602 1040 3681 l,
1067 3605 1141 3669 554.

1 3731 19 3785 ¹3
118 3715 171 3780 Ao
195 3735 384 3790 ounnsrruu
409 3718 447 3779 3⁰¹
471 3715 509 3780 R.
533 3718 561 3783 1.
601 3714 652 3779 Ad
677 3715 940 3799 supprimendam
965 3715 1171 3782 affectionem
1194 3717 1357 3782 avaritiae

30 3804 187 3888 imprimis
221 3803 370 3870 conducit
403 3803 572 3871 meditatio
606 3805 721 3869 mortis
753 3804 895 3870 fortasse
926 3805 1019 3870 brevi
1050 3809 1241 3883 secuturae,
1273 3826 1358 3888 quae

30 3894 193 3959 hominem
212 3893 321 3976 privet
336 3892 482 3957 omnibus
506 3894 604 3958 rebus
620 3893 761 3958 terrenis
781 3894 878 3975 idque
902 3914 941 3959 eo
965 3894 1136 3973 crudelius,
1161 3916 1224 3977 quo
1241 3894 1359 3961 fortior

31 3987 103 4050 erat
127 3983 169 4048 ad
192 4003 245 4045 res
268 3981 334 4047 ista
357 3982 496 4059 affectio,
521 3988 556 4048 et
580 4002 663 4064 quae
679 3982 841 4047 hominem
859 4004 1005 4061 avarum,
1031 3984 1085 4065 qui
1101 3983 1358 4050 misericordiam

31 4095 94 4137 non
118 4070 275 4148 exercuit,
307 4071 403 4136 sistet
433 4077 510 4137 ante
536 4071 680 4137 tribunal
704 4071 819 4136 iudicis
842 4072 959 4150 severi,
984 4072 1239 4138 misericordiam
1262 4095 1358 4158 prae·

32 4161 140 4228 stituri
165 4160 214 4238 iis,
240 4159 292 4242 qui
313 4160 462 4225 fecerunt
478 4160 744 4238 misericordiam,
768 4161 1070 4227 condemnationem
1086 4161 1135 4237 iis,
1160 4163 1215 4244 qui
1230 4163 1360 4229 viscera

31 4272 90 4316 sua
115 4249 292 4315 clauserint
314 4249 453 4313 miseriis
477 4250 601 4316 alienia.

119 4347 157 4414 R.
187 4349 216 4412 2.
270 4344 425 4411 Similiter
457 4347 616 4412 conducet
650 4348 692 4412 ad
725 4346 949 4430 deponendam
983 4348 1172 4426 avaritiam,
1206 4349 1234 4414 si
1268 4350 1359 4416 dives

32 4436 229 4522 perpendat,
261 4456 358 4517 quam
389 4435 485 4501 facile
516 4436 576 4501 sibi
610 4435 653 4501 sit
682 4440 821 4521 peccata
851 4458 911 4502 sua
941 4438 1100 4502 redimere
1130 4438 1360 4505 misericordiis

31 4547 209 4610 pauperum
240 4522 350 4604 (Dan.
375 4528 406 4602 4,
433 4526 505 4605 24);
538 4531 739 4609 quantopere
769 4526 1013 4610 deplorandum,
1044 4527 1101 4592 sed
1131 4527 1165 4591 in
1189 4533 1358 4595 aeternum

31 4616 165 4693 frustra,
190 4614 332 4679 medium
355 4615 437 4680 adeo
461 4615 558 4680 facile
582 4614 777 4699 neglexisse.
