3106 5168
202 292 303 349 Officia
321 293 393 348 cirea
411 293 511 347 bonum
529 293 626 348 famae.
648 323 679 331 -
699 293 812 347 Alienae
830 294 920 348 famae
939 293 1023 348 laesio
1042 324 1076 332 —
1095 295 1235 349 restitutio.
1314 299 1379 362 493

59 469 221 537 tractanti
244 469 402 536 oriturum
425 470 523 552 longe
547 471 651 534 maius
674 469 727 546 sit,
752 491 849 552 quam
874 470 1025 535 damnum
1050 470 1186 537 alterius
1209 472 1317 537 famae
1340 472 1380 537 il·

60 561 176 636 latum,
200 559 267 625 alia
290 580 369 625 vero
393 558 545 624 fortunae
569 560 688 624 damna
711 559 765 624 vel
788 581 853 623 non
878 558 987 624 adsint
1010 561 1064 623 vel
1087 567 1290 643 reparentur.

149 657 189 722 R.
215 660 245 724 2.
291 655 516 722 incolumnia
545 661 583 722 ut
606 656 677 738 quis
701 677 720 721 a
744 656 930 739 reparanda
952 656 1042 721 fama
1065 663 1257 734 excusetur,
1283 659 1381 723 debet
1391 667 1443 722 969

63 746 95 827 l)
119 748 272 811 constare
296 746 336 811 de
359 745 445 811 iusta
469 746 715 822 condonatione,
740 751 798 810 aut
822 746 855 827 2)
880 745 920 809 de
943 745 1123 810 calumniae
1147 746 1308 811 oblivione
1331 747 1381 812 in·

59 840 171 916 tegra,
203 839 262 900 aut
289 835 324 917 3)
348 835 388 899 de
419 835 536 899 damno
566 836 654 919 lonpe
684 834 807 899 maiore
837 833 1098 912 calumniatoris3
1129 856 1242 900 verum
1273 836 1379 901 notari

60 925 160 990 debet
183 929 218 990 et
241 924 394 988 damnum
418 923 645 988 calumniatori
675 944 734 1006 per
763 922 1031 988 retractationem
1062 923 1232 989 oriundum
1263 925 1381 989 debere

60 1012 220 1097 spectatis
243 1012 391 1078 omnibus
415 1012 666 1078 circumstantiis
689 1011 861 1093 insigniter
884 1012 989 1077 maius
1013 1033 1084 1077 esse
1108 1033 1204 1094 quam
1229 1015 1379 1078 damnum

61 1102 148 1184 quod
171 1122 230 1185 per
253 1101 447 1167 calumniam
471 1101 634 1166 innocenti
658 1106 789 1177 causat,
821 1121 925 1183 neque
956 1106 1090 1184 propter
1119 1102 1269 1167 omissam
1295 1103 1381 1168 forte

62 1190 333 1258 retractationem
358 1190 626 1256 calumniatorem
658 1189 757 1256 etiam
788 1190 938 1255 excusari
962 1213 983 1255 a
1012 1190 1220 1257 restitutione
1244 1191 1381 1257 aliorum

61 1280 254 1345 damnorum
278 1279 383 1362 pretio
407 1278 666 1345 aestimabilium.

152 1376 191 1442 R.
217 1379 247 1441 3.
294 1375 358 1440 Per
381 1397 417 1440 se
447 1375 575 1457 quidem
609 1380 644 1441 et
673 1375 762 1440 fama
785 1375 906 1441 Amulii
937 1380 971 1442 et
1001 1376 1070 1440 eius
1100 1397 1225 1460 poenae
1249 1376 1382 1441 minoris

62 1465 287 1531 aestimandae
317 1469 394 1530 sunt
426 1485 523 1546 quam
552 1486 658 1548 poena
691 1469 725 1530 et
754 1464 844 1530 fama
874 1465 1034 1542 Onesimi,
1069 1465 1132 1529 etsi
1162 1465 1214 1530 hie
1247 1486 1380 1549 pauper,

62 1554 181 1619 nobilis
203 1554 259 1618 ille
283 1553 433 1630 exsistat,
458 1575 497 1618 eo
514 1554 599 1634 quod
615 1574 739 1636 pauper
755 1554 799 1618 sit
820 1554 985 1631 innocens,
1011 1554 1127 1620 nobilis
1142 1554 1197 1618 ille
1213 1553 1265 1619 vir
1288 1555 1382 1638 culpa

63 1648 97 1710 et
120 1643 248 1708 malitia
270 1663 331 1707 sua
354 1642 415 1708 sibi
438 1643 582 1726 pericula
606 1643 818 1709 contraxerit.

152 1732 276 1796 Verum
299 1731 412 1813 negari
436 1731 558 1814 nequit,
582 1752 721 1815 poenam
744 1753 827 1814 quae
844 1730 1008 1796 Amulium
1030 1736 1173 1809 maneat,
1197 1732 1225 1796 si
1250 1732 1382 1815 periurii

63 1820 287 1898 convincatur,
312 1821 408 1903 longe
432 1821 665 1885 diuturniorem
685 1820 810 1903 ipsiquo
829 1821 1015 1902 graviorem
1036 1842 1222 1903 essequam
1244 1842 1382 1904 poenam

64 1909 209 1975 Onesimi
232 1909 415 1981 residuam:
447 1916 545 1991 atque
577 1909 676 1974 etiam
701 1909 922 1974 diffamatione
946 1909 1112 1974 Amulium
1142 1909 1239 1992 louge
1272 1910 1383 1975 durius

63 1999 218 2064 affectum
248 1998 289 2063 iri
312 2019 409 2080 quam
435 1997 623 2063 Onesimum
654 2002 788 2081 propter
817 1998 935 2062 falsam
966 1998 1055 2062 illam
1084 1999 1163 2065 furti
1188 1999 1382 2082 opinionem.

63 2087 271 2171 Quapropter
293 2088 319 2151 si
344 2086 414 2151 fieri
437 2087 557 2170 possit,
588 2091 625 2152 ut
649 2087 802 2152 Onesimo
829 2088 986 2152 offeratur
1018 2108 1076 2169 per
1099 2087 1204 2151 virum
1228 2089 1383 2152 interme·
1461 2158 1464 2164 ,

63 2177 151 2241 dium
176 2175 328 2243 notabilis
351 2176 507 2259 pecuniae
530 2197 673 2253 summa,
702 2196 767 2257 qua
790 2175 979 2259 compositio
1003 2176 1162 2259 quaedam
1186 2177 1260 2254 fiat,
1291 2177 1383 2257 isque

64 2266 260 2342 consentiat,
284 2264 433 2329 Amulius
456 2266 498 2330 ab
522 2269 638 2348 aperta
653 2265 888 2330 retractatione
904 2264 977 2330 ilico
994 2264 1144 2330 facienda
1162 2265 1381 2341 excusabitur,

63 2354 92 2419 si
115 2355 209 2419 modo
234 2358 335 2431 curet,
360 2359 396 2419 ut
419 2353 575 2418 indirecte
592 2354 734 2419 Onesimi
759 2354 848 2419 fama
870 2358 1050 2437 reparetur,
1075 2375 1106 2419 v.
1123 2375 1154 2436 g.
1172 2353 1241 2419 eius
1264 2354 1382 2418 bonam

62 2444 205 2509 indolem
238 2442 414 2519 laudando,
446 2445 499 2508 vel
529 2443 628 2508 etiam
658 2443 897 2508 manifestando
934 2443 967 2508 in
997 2442 1066 2508 eius
1096 2463 1195 2508 causa
1225 2442 1383 2507 criminali

63 2535 209 2597 erratum
233 2553 316 2600 esse.
363 2532 454 2597 Haec
484 2531 641 2615 imprimis
670 2537 739 2598 tum
770 2533 975 2598 observanda
998 2536 1091 2603 sunt,
1122 2531 1150 2596 si
1178 2554 1250 2597 cum
1283 2552 1382 2596 causa

64 2621 186 2686 Amulii
219 2623 352 2705 privata
383 2620 513 2704 publica
543 2641 641 2685 causa
670 2621 745 2686 boni
775 2622 952 2687 communis
982 2621 1144 2698 cohaeret,
1178 2621 1226 2687 ita
1256 2626 1293 2686 ut
1323 2642 1383 2705 per

63 2711 135 2775 eius
158 2710 459 2776 condemnationem
484 2731 583 2775 causa
607 2710 736 2793 publica
759 2732 862 2792 grave
886 2712 1039 2776 damnum
1062 2732 1199 2794 passura
1222 2710 1275 2776 sit.

154 2806 194 2874 R.
219 2809 250 2873 4.
281 2806 509 2882 Nihilominus,
534 2807 561 2871 si
578 2808 757 2873 necessitas
773 2809 847 2872 boni
864 2807 983 2891 publici
1000 2807 1186 2872 Onesimum
1204 2829 1266 2873 non
1284 2813 1382 2888 cogat

63 2896 134 2961 iure
158 2916 216 2978 per
239 2918 275 2961 se
298 2896 359 2960 sibi
383 2896 491 2962 debito
515 2896 641 2972 cedere,
665 2917 770 2978 neque
793 2897 820 2962 is
845 2897 959 2962 cedere
983 2897 1079 2972 velit,
1110 2896 1259 2961 Amulius
1283 2897 1382 2961 etiam

64 3007 139 3049 cum
162 2984 306 3069 periculo
330 3006 389 3049 suo
412 3006 476 3050 non
493 2985 558 3049 levi
574 2990 704 3050 tentare
721 2985 827 3062 debet,
852 2990 889 3050 ut
913 2985 1056 3050 Onesimi
1080 2985 1201 3050 famam
1218 2985 1380 3051 restituat.

64 3074 143 3139 Cum
167 3073 374 3140 restrictione
398 3073 525 3156 quidem
550 3095 613 3138 non
637 3095 717 3156 pure
741 3075 876 3140 mentali
900 3075 1114 3156 praetendere
1147 3077 1257 3157 potest
1280 3094 1316 3137 se
1339 3094 1382 3137 ex

65 3185 173 3229 errore
204 3163 369 3229 inductum
406 3184 478 3228 esse
511 3163 551 3227 ad
585 3164 805 3229 testimonium
842 3167 957 3228 contra
981 3163 1168 3227 Onesimum
1201 3161 1380 3238 dicendum,

64 3273 129 3332 quo
159 3251 280 3318 crimen
311 3252 444 3335 periurii
467 3252 643 3316 voluntarii
668 3273 688 3317 a
711 3273 746 3316 se
770 3255 919 3323 avertat,
966 3251 1011 3316 tsi
1043 3252 1118 3316 falsi
1142 3250 1316 3316 iuramenti
1339 3271 1382 3314 ex

64 3342 203 3408 levitate
227 3346 262 3408 et
283 3341 560 3407 inconsiderantia
582 3341 734 3424 praestiti
756 3362 880 3424 poenas
903 3342 992 3405 luere
1017 3341 1144 3407 debeat.

152 3558 388 3636 QUERELAE
411 3598 454 3607 -
479 3557 775 3625 TEMERARIUM
798 3558 1001 3624 IUDIOIUM
1024 3597 1067 3605 —
1092 3555 1293 3624 SUSPIOIO.

619 3697 726 3763 Casus.
755 3705 830 3773 (299)

152 3829 315 3889 Barbarion
336 3831 373 3888 ab
394 3829 499 3888 itinere
527 3829 620 3888 redux
641 3830 718 3905 apud
747 3830 872 3888 amicum
898 3829 1085 3904 conqueritur
1105 3828 1140 3888 de
1161 3848 1267 3905 aspero
1288 3828 1382 3898 modo,

63 3931 120 3986 quo
135 3930 153 3968 a
168 3910 318 3986 superiore
342 3917 479 3985 receptus
503 3909 551 3980 ait,
573 3916 661 3985 atque
676 3911 711 3969 de
732 3910 840 3968 iniuria
861 3910 918 3969 sibi
939 3911 1032 3980 illata,
1055 3929 1120 3968 cum
1141 3909 1275 3985 superior
1296 3928 1383 3968 aures

63 3991 233 4066 praebuerit
260 3990 477 4066 suspicionibus
506 3995 610 4048 contra
638 4010 670 4048 se
699 3991 775 4048 falso
804 3990 958 4059 excitatis;
987 3991 1119 4065 graviter
1146 3991 1174 4048 iu
1204 3989 1382 4065 superiorem

62 4071 178 4130 invehit
198 4070 281 4146 quasi
303 4071 397 4129 virum
419 4070 545 4146 partium
573 4070 669 4129 studio
697 4071 844 4129 addictum
873 4076 903 4129 et
930 4071 967 4128 ad
995 4071 1215 4145 gubernandum
1243 4070 1382 4144 ineptum,

63 4151 148 4227 quasi
176 4150 316 4208 versatile
343 4150 569 4209 instrumentum
597 4152 627 4208 in
656 4152 789 4210 manibus
814 4150 943 4223 Claudii,
971 4150 1002 4208 in
1030 4150 1114 4208 cuius
1141 4149 1263 4208 arbitrio
1291 4148 1382 4207 totius

63 4231 209 4289 dioecesis
230 4230 405 4305 gubernatio
427 4231 468 4289 sit
487 4231 593 4307 posita.

64 4327 240 4398 annmrua
264 4330 291 4386 1ο
317 4347 385 4386 num
408 4334 438 4386 et
452 4329 594 4403 quomodo
613 4328 796 4387 detractione
817 4334 956 4404 peccetur
977 4326 1106 4404 querulis
1128 4326 1156 4384 in
1179 4325 1275 4383 sinum
1296 4323 1382 4383 amici

317 4408 427 4467 effusis.

262 4490 292 4546 2ο
317 4489 402 4563 quale
430 4494 582 4563 peccatum
604 4488 644 4546 sit
664 4488 816 4547 sinistrum
838 4489 874 4546 de
895 4489 989 4547 altero
1010 4485 1148 4545 iudicium
1168 4485 1217 4543 vel
1237 4485 1315 4542 mala
1337 4503 1381 4543 su·

317 4568 409 4644 spicio
431 4587 522 4643 eaque
544 4569 702 4627 declarata.

261 4657 292 4716 8ο
317 4656 385 4732 quid
406 4657 443 4714 ad
465 4676 553 4716 casus
573 4657 709 4716 Barbarii
731 4656 771 4715 ait
792 4656 954 4716 dicendum.
