3106 5168
561 284 656 339 Oratio
675 285 823 354 orandique
841 284 979 353 obligatio.
1372 289 1435 354 103

103 462 248 528 tentatio
271 482 332 527 nos
354 460 592 538 sollicitaverit,
617 483 714 544 quam
738 465 777 527 ut
798 461 978 539 vincamus,
1003 483 1024 527 a
1047 463 1117 528 Deo
1140 461 1288 528 efficacia
1307 461 1436 545 gratiae

105 549 232 616 auxilia
253 553 367 635 petere
390 555 425 617 et
447 550 610 617 instanter
633 555 746 635 petere
769 550 933 616 debemus.

195 647 362 714 Accedere
384 651 495 732 potest
519 649 671 735 aliqualis
694 646 852 732 obligatio
877 647 992 713 orandi
1024 668 1066 714 ex
1095 649 1294 715 necessitate
1318 648 1434 726 aliena,

104 736 250 802 maxime
274 736 452 814 communi;
488 737 546 803 sed
576 742 613 803 ut
643 758 685 803 ex
715 737 778 803 hac
807 735 937 802 ratione
965 740 1073 823 procis
1096 737 1238 805 exsistat
1268 738 1435 821 obligatio,

106 825 376 981 pirgrppstantiae
399 826 620 893 accidentales
650 831 685 894 et
714 824 997 893 extraordinariae
1028 826 1102 892 eddi
1133 827 1261 895 debent.
1313 828 1369 895 lb.
1394 851 1434 894 m.

195 1037 249 1102 An
272 1058 464 1114 oumsrrnu
488 1041 527 1102 2¹·
550 1036 590 1104 It.
613 1040 641 1105 l.
686 1037 877 1102 Orationem
900 1037 1022 1104 habere
1045 1040 1209 1122 quandam
1233 1038 1436 1106 infallibilem
1444 1047 1497 1104 203

105 1126 298 1207 efficaciam,
323 1126 470 1192 simodo
494 1125 612 1192 debitis
636 1125 877 1192 condicionibus
897 1127 1024 1194 munita
1046 1127 1099 1204 sit,
1124 1128 1287 1211 theologis
1306 1128 1436 1194 omnino

105 1217 317 1300 exploratum
340 1219 405 1293 est,
439 1215 488 1283 ita
521 1219 645 1282 utnon
668 1219 846 1282 vereantur
869 1215 978 1282 dicere
1002 1236 1073 1282 eam
1097 1216 1301 1284 infallibilem
1325 1217 1437 1284 effica-

105 1305 190 1370 ciam
224 1326 297 1370 6666
326 1306 392 1389 fide
421 1309 563 1380 certam,
597 1324 735 1386 eamque
767 1325 788 1369 a
817 1303 937 1370 Christi
969 1305 1119 1371 fidelibus
1152 1311 1189 1372 ut
1220 1327 1288 1372 rem
1320 1305 1437 1371 summi

104 1394 264 1460 momenti
297 1393 451 1477 explicite
484 1394 571 1459 credi
604 1393 732 1461 debere.
784 1393 1047 1471 lt.‚m.1‚341
1081 1415 1154 1460 cum
1186 1394 1357 1474 Suarez,
1387 1395 1437 1461 Dc

107 1486 251 1549 oratione
274 1504 345 1567 cap.
369 1485 421 1550 27.

198 1588 239 1657 R.
263 1591 293 1654 2.
341 1586 553 1653 Condiciones
583 1608 661 1652 vero
691 1592 785 1655 sunt:
820 1587 853 1670 1)
877 1593 914 1655 ut
943 1609 996 1654 res
1026 1589 1132 1673 petita
1162 1589 1206 1656 sit
1234 1589 1374 1656 honesta
1404 1593 1438 1656 et

106 1677 199 1743 utilis
229 1678 271 1743 ad
301 1681 470 1743 aeternam
500 1676 641 1742 salutem
672 1676 848 1743 secundum
882 1677 942 1742 Dei
975 1677 1214 1762 providentiam
1245 1683 1279 1746 et
1309 1678 1438 1745 ordina-

106 1767 250 1834 tionem:
275 1766 315 1831 de
338 1765 458 1848 quoin
482 1786 518 1831 re
540 1765 715 1849 temporali
738 1787 797 1850 per
820 1787 856 1831 ee
879 1788 1054 1849 numquam
1080 1767 1161 1833 certi
1184 1789 1311 1846 sumus3
1344 1767 1378 1850 2)
1403 1769 1439 1833 ut

108 1861 224 1922 oretur
247 1876 289 1920 ex
312 1855 376 1920 fide
400 1862 433 1921 et
457 1876 529 1920 cum
553 1854 687 1928 fiducia,
710 1855 808 1937 idque
831 1855 865 1920 in
889 1856 1018 1922 nomine
1042 1856 1178 1934 Christi3
1210 1858 1243 1940 3)
1268 1861 1306 1924 ut
1328 1863 1440 1924 oretur

106 1968 179 2011 com
212 1947 469 2030 perseverancia:
503 1943 649 2026 adeoque
683 1948 721 2010 ut
755 1950 945 2011 recurrente
979 1945 1164 2013 tentatione
1198 1946 1298 2012 etiam
1333 1947 1438 2013 denuo

107 2038 299 2099 recurretur
334 2033 375 2098 ad
413 2032 587 2110 orandum,
625 2033 786 2116 siquidem
820 2034 909 2098 Deus
946 2055 1009 2099 non
1045 2034 1117 2101 vult
1150 2056 1210 2100 nos
1244 2036 1346 2102 semol
1380 2057 1438 2120 pro

106 2144 239 2207 semper
261 2142 394 2187 socuroe
424 2126 459 2187 et
491 2124 598 2186 certos
628 2122 782 2197 reddere3
815 2123 851 2204 4)
880 2127 917 2188 ut
947 2127 1059 2188 oretur
1082 2145 1155 2189 cum
1179 2124 1366 2204 voluntate,
1397 2146 1439 2191 ex

106 2216 205 2298 parte
229 2215 342 2278 nostra
366 2213 557 2297 cooperandi
580 2233 650 2275 cum
676 2213 786 2277 divina
807 2215 926 2298 prolia.
977 2214 1034 2278 Tb.
1058 2235 1099 2279 m.
1124 2213 1149 2291 I,
1175 2215 1250 2280 342.

199 2325 239 2393 R.
264 2328 294 2392 3.
341 2324 455 2391 Oratio
485 2345 544 2409 pro
574 2324 664 2402 aliis,
695 2330 732 2392 ut
762 2347 805 2391 611
835 2326 1033 2391 enumeratis
1064 2326 1305 2393 condicionibus
1333 2332 1438 2411 patet,

108 2436 175 2481 non
206 2415 308 2480 habet
340 2414 476 2480 eandem
506 2413 711 2480 infallibilem
740 2414 936 2493 efficaciam,
969 2419 1069 2497 atque
1101 2415 1207 2482 oratio
1237 2436 1335 2499 quam
1364 2416 1439 2483 fun·

108 2505 216 2570 dimus
245 2502 307 2587 ipsi
338 2524 397 2587 pro
424 2503 527 2569 nobis.
572 2502 793 2568 Nihilominus
817 2502 939 2581 oratio,
971 2504 1114 2570 maxime
1137 2526 1221 2588 quae
1244 2506 1286 2571 ab
1310 2505 1439 2571 homine

107 2594 196 2660 insto
227 2597 261 2660 et
290 2597 404 2658 sancto
433 2592 487 2669 fit,
518 2591 619 2657 etiam
649 2612 707 2676 pro
739 2591 811 2658 ahie
841 2592 942 2659 habet
969 2614 1128 2660 summam
1157 2594 1351 2672 utilitatem
1381 2614 1439 2661 ue-

108 2704 173 2837 qpe
185 2702 273 2836 haro
305 2681 425 2836 61116ηὲ14
428 2682 529 2836 3salus
561 2685 697 2747 aeterne
728 2680 932 2748 ferventibus
964 2682 1114 2766 precibus
1147 2682 1276 2749 exorari
1309 2687 1437 2768 potest:

112 2794 155 2839 c.
235 2793 309 2837 .m.
350 2820 357 2847 ‚
451 2822 457 2836 .

200 2896 254 2961 An
277 2896 468 2971 (1611611611
492 2899 541 2961 3“.
584 2894 800 2978 Symmachus
821 2917 882 2979 por
904 2917 1008 2961 annos
1023 2916 1102 2962 vere
1124 2896 1273 2979 neglexit
1295 2896 1438 2961 debitam
1448 2905 1500 2959 204

109 2986 294 3053 orationem
310 2984 352 3050 ad
368 2986 482 3061 Deum,
500 3004 598 3066 quam
620 2988 747 3050 netum
763 2984 893 3067 quidem
909 2985 1094 3064 exercebat,
1112 2986 1241 3068 quando
1257 2994 1302 3050 ss⁰
1317 2983 1439 3050 Missae

108 3073 271 3142 sacrificio
300 3073 470 3140 intererat.
524 3073 632 3151 Quare
662 3074 732 3139 sine
763 3073 859 3139 dubio
888 3078 1024 3158 propter
1054 3075 1222 3157 neglectas
1252 3094 1366 3158 preces
1397 3094 1437 3139 ex

109 3164 259 3250 pluribus
282 3163 444 3247 capitibus
467 3162 616 3245 graviter
637 3162 798 3247 peccavit,
823 3162 992 3229 videlicet:

201 3271 240 3336 R.
273 3273 300 3335 l.
356 3269 511 3336 Graviter
544 3268 694 3353 peccavit
728 3274 863 3353 propter
897 3269 1083 3352 neglectum
1118 3270 1240 3335 cultum
1276 3267 1437 3334 divinum:

109 3360 233 3425 sufficit
256 3363 366 3425 tamen
399 3359 433 3423 in
456 3357 660 3423 confessione
684 3362 814 3442 tempus
836 3358 998 3437 indicare,
1031 3378 1090 3441 per
1114 3358 1199 3440 quod
1222 3358 1304 3423 adeo
1327 3357 1440 3440 negle-

109 3454 228 3532 genter
258 3448 361 3525 vixit,
394 3447 552 3530 siquidem
585 3467 623 3511 eo
656 3447 727 3530 ipso
760 3446 980 3512 confessarius
1010 3451 1182 3530 peccatum
1214 3467 1271 3511 seu
1302 3451 1439 3529 peccate

110 3541 208 3604 boias
231 3541 345 3623 speciei
366 3536 540 3618 intellegit.

201 3643 239 3710 R.
265 3646 295 3709 2.
344 3643 498 3708 Graviter
527 3641 677 3726 peccavit
706 3647 841 3726 propter
871 3641 1056 3723 neglectam
1087 3642 1252 3726 propriam
1281 3643 1438 3707 salutem:

109 3755 187 3799 nam
212 3738 273 3798 hac
295 3733 425 3798 ratione
446 3731 547 3799 toties
569 3732 721 3815 peccavit
744 3731 959 3808 non-orando,
985 3730 1112 3812 quoties
1142 3730 1175 3795 in
1205 3730 1299 3812 gravi
1330 3735 1438 3797 teuta·

109 3822 201 3889 tione
219 3822 346 3906 positus
364 3826 453 3896 erat3
477 3841 582 3903 neque
598 3823 709 3887 temen
725 3820 806 3886 haec
823 3820 1001 3887 distinctim
1017 3841 1174 3886 accusare
1190 3819 1297 3899 debet,
1321 3821 1439 3886 saltem

111 3911 327 3978 communiter
350 3909 527 3992 loquendo,
558 3909 587 3974 si
616 3910 711 3974 modo
735 3908 800 3974 alia
823 3930 884 3975 sua
907 3916 1043 3993 peccata
1066 3910 1249 3986 confitetur,
1280 3909 1438 3991 siquidem

110 4001 144 4066 in
168 3999 352 4067 tentatione
375 4020 439 4065 non
464 4019 559 4063 orare
581 3998 638 4063 sed
662 3998 837 4064 tentationi
861 4000 976 4064 cedere
999 4002 1051 4063 est
1073 4019 1171 4062 unum
1195 3996 1344 4081 idemque
1361 4019 1439 4082 pec-

110 4093 233 4167 catum,
260 4088 346 4171 quod
369 4087 544 4156 tentationi
567 4092 602 4153 et
624 4087 767 4170 periculo
792 4091 916 4152 temere
940 4109 975 4153 se
999 4086 1230 4153 committendo
1255 4088 1307 4151 vel
1330 4091 1439 4154 tenta·

109 4178 193 4247 tioui
216 4177 455 4245 succumbendo
479 4176 702 4242 committitur.
749 4177 794 4242 ut
824 4198 860 4241 re
887 4197 984 4254 vera,
1017 4175 1311 4242 extraordinarium
1342 4177 1439 4259 plane

110 4274 162 4334 est
185 4266 326 4349 aliquem
350 4267 384 4331 in
406 4265 501 4349 gravi
524 4265 707 4332 tentatione
730 4265 871 4349 positum
894 4287 959 4331 non
983 4286 1077 4331 orare
1104 4269 1139 4331 et
1162 4265 1341 4332 omittendo
1365 4285 1438 4330 ora·

109 4358 233 4424 tionem
257 4377 411 4440 peccare,
442 4354 499 4420 sed
522 4353 729 4419 nihilominus
752 4354 845 4436 quasi
874 4375 933 4438 per
956 4354 1146 4420 miraculum
1170 4375 1213 4419 611
1235 4354 1306 4437 ipsa
1328 4356 1438 4419 tenta·

110 4447 200 4514 tione
225 4445 382 4512 victorem
407 4443 557 4511 evadere.

200 4552 239 4617 R.
265 4554 295 4617 3.
343 4548 557 4633 Symmachus
589 4549 689 4614 etiam
721 4548 871 4633 peccavit
901 4549 988 4614 malo
1020 4549 1166 4615 sentiens
1198 4549 1238 4613 de
1269 4546 1499 4612 oratione1205

110 4642 196 4724 quod
227 4640 260 4704 in
290 4661 326 4706 se
356 4644 392 4706 et
420 4638 598 4704 secundum
627 4659 696 4703 rem
726 4637 872 4703 haeresis
901 4642 1071 4721 peccatum
1103 4641 1218 4702 contra
1246 4635 1341 4700 fidem
1375 4640 1436 4702 est.
