3106 5168
168 281 230 345 158
377 278 417 333 lle
436 278 584 335 virtutibus
603 284 632 333 et
650 279 748 334 officiis
766 296 832 348 erga
850 279 946 335 Deum.
966 310 999 321 -
1015 279 1112 334 Virtus
1128 278 1277 349 religionis.

165 455 263 521 debet
278 454 437 534 accidere,
461 453 523 519 nisi
539 459 615 540 post
633 454 740 541 ipsum
756 455 954 522 novitiatum
972 455 1199 523 condiciouata
1214 456 1320 522 solum
1336 455 1490 521 admissio

164 544 255 610 facta
278 548 378 627 atque
403 543 537 610 moniali
565 544 733 611 declarata
756 549 817 611 est.
859 544 955 611 Unde
977 549 1071 628 patet
1094 545 1207 628 elapso
1230 549 1384 611 votorum
1406 550 1489 611 tern-

164 654 243 717 pore
272 633 430 699 maiorem
453 653 525 698 esse
554 633 741 700 libertatem
770 633 973 717 singularum
1003 633 1192 699 monialium
1219 632 1253 699 in
1276 633 1489 716 relinquendo

164 722 287 802 ordine,
311 742 408 805 quarn
423 722 468 788 sit
485 723 622 789 libertas
637 722 783 806 religiosi
805 722 948 789 instituti
972 721 1106 805 eiusque
1120 722 1323 807 superiorum
1337 723 1373 789 in
1388 744 1489 789 mern·

164 812 230 877 bris
258 810 468 878 dimittendis,
514 811 591 877 Non
620 812 706 877 enirn
735 812 846 879 licebit
874 833 935 896 pro
964 811 1101 879 arbitrio
1131 812 1273 895 aliquam
1304 812 1489 879 excludere.

164 901 314 967 Ceterum
338 921 422 983 qnae
451 900 518 967 sint
547 901 754 968 accuratiora
782 901 855 968 iura
881 900 952 967 sive
982 900 1246 984 congregationis
1273 900 1346 967 sive
1368 901 1490 968 sororis

163 995 314 1057 votorum
337 995 639 1074 temporaneorum,
664 1011 707 1055 ex
729 990 931 1075 singulorum
955 989 1180 1057 institutorum
1203 989 1490 1057 constitutionibus

164 1078 247 1144 sumi
270 1078 378 1146 debet.
402 1117 447 1126 —
476 1078 511 1144 Si
540 1083 670 1163 tempus
693 1083 844 1145 votorum
873 1079 1015 1145 nondum
1039 1083 1091 1146 est
1113 1079 1277 1163 elapsum,
1307 1079 1424 1146 similis
1453 1085 1489 1147 at

162 1189 227 1233 non
257 1167 306 1234 ita
334 1167 447 1251 gravis
477 1189 577 1234 causa
606 1168 800 1251 requiritur,
831 1169 917 1234 sicut
946 1173 1022 1252 post
1044 1172 1125 1235 vota
1153 1172 1331 1253 perpetua;
1364 1169 1422 1235 sed
1454 1173 1489 1234 ut

162 1260 273 1341 patet,
297 1256 473 1324 difficultas
496 1278 555 1343 pro
578 1256 651 1341 ipsa
672 1278 813 1341 persona
836 1257 985 1335 dimissa,
1013 1257 1075 1324 etsi
1098 1262 1179 1325 vota
1202 1278 1267 1324 non
1289 1257 1414 1325 fuerint
1437 1280 1489 1324 so·

162 1347 244 1424 luta,
268 1345 365 1428 longe
387 1345 517 1411 facilius
541 1352 725 1415 evanescet.
772 1346 820 1414 uf.
846 1345 1117 1412 Vermeerscb
1139 1347 1161 1414 l.
1186 1368 1214 1413 c.
1238 1368 1270 1413 n.
1295 1349 1360 1412 324
1377 1367 1426 1429 sq.

102 1469 152 1523 315
252 1462 305 1525 An
328 1481 520 1536 ouansrruu
544 1465 583 1527 3¹¹²
607 1461 645 1527 R.
673 1465 701 1528 1.
747 1463 801 1527 Ex
827 1457 925 1546 ¹parte
948 1461 1147 1527 Eustachiae
1175 1461 1247 1526 sine
1275 1461 1374 1527 dubio
1401 1461 1488 1528 iusta

162 1570 262 1615 causa
284 1569 350 1615 non
372 1553 445 1615 erat
464 1550 627 1634 petendae
642 1549 848 1616 dimissionis.
881 1550 925 1616 Et
940 1570 1066 1628 revera,
1090 1550 1153 1616 nisi
1168 1550 1370 1616 solummodo
1386 1549 1487 1633 signi-

161 1638 310 1704 ficaverit
340 1638 543 1705 voluntatem
573 1660 684 1717 suam,
715 1660 751 1704 se
778 1639 979 1716 consentire,
1012 1640 1142 1722 quaudo
1166 1659 1208 1704 ex
1238 1643 1334 1723 parte
1365 1639 1487 1705 ordinis

162 1727 249 1793 iusta
271 1732 407 1810 putetur
434 1728 551 1793 adesse
581 1728 667 1794 ratio
697 1728 908 1807 dimissionis,
941 1728 1072 1795 interim
1101 1748 1143 1793 ex
1165 1749 1227 1794 sua
1249 1733 1344 1812 parte
1367 1732 1488 1812 parata

163 1817 232 1882 Deo
256 1821 413 1901 perpetuo
437 1817 574 1882 reddere
597 1818 682 1899 quod
706 1818 815 1883 vovit:
839 1817 988 1900 graviter
1010 1817 1160 1901 peccavit
1183 1821 1299 1883 contra
1321 1822 1402 1884 vota
1417 1838 1487 1884 sua.

250 1905 353 1972 Recte
381 1905 483 1989 igitur
514 1906 686 1991 episcopus
716 1906 907 1990 petitionem
936 1906 1066 1991 repulit.
1115 1907 1237 1973 Verum
1267 1907 1295 1970 si
1318 1910 1371 1972 est
1393 1906 1488 1973 insti·

161 1999 269 2061 tutum
293 1996 396 2060 solum
420 1995 614 2079 episcopale,
639 1995 811 2080 episcopus
833 1997 908 2061 inde
933 2016 1046 2062 ansam
1072 2016 1200 2061 sumere
1222 1993 1330 2078 potuit
1345 1995 1486 2072 videndi,

162 2083 270 2148 sintne
292 2104 335 2149 ex
358 2088 453 2167 parte
475 2084 618 2151 instituti
641 2086 800 2164 rationes,
825 2105 910 2167 qnae
932 2084 1112 2162 sufficiant,
1138 2084 1201 2150 etsi
1224 2104 1289 2149 non
1312 2083 1355 2150 ad
1378 2084 1487 2150 dimit-

160 2174 294 2238 tendam
317 2173 469 2250 invitam,
494 2179 604 2240 tamen
628 2175 669 2239 ad
696 2174 861 2240 volentem
885 2172 1122 2240 dimittendam.
1146 2209 1190 2218 -
1213 2172 1348 2249 Quando
1372 2173 1413 2239 de
1436 2173 1486 2238 in·

161 2261 278 2328 stituto
301 2283 322 2328 a
345 2262 377 2329 S.
403 2262 486 2329 Sede
509 2263 691 2346 approbato
714 2262 839 2346 agitur,
870 2267 1020 2346 praestat
1042 2261 1225 2345 generatim
1247 2262 1331 2328 hanc
1354 2282 1424 2328 reru
1446 2283 1487 2328 ne

160 2351 303 2434 incipere
327 2351 457 2432 quidem
480 2355 626 2418 tractare
643 2352 729 2436 apud
746 2353 777 2418 S.
796 2351 921 2430 sedem,
946 2351 1010 2417 nisi
1032 2350 1248 2435 superiorissa
1262 2351 1295 2416 id
1311 2354 1486 2436 rogaverit:

161 2439 288 2523 excipio
311 2444 433 2519 tamen,
458 2441 486 2505 si
510 2440 639 2522 quaudo
664 2462 704 2507 ea
726 2441 869 2507 adfuerit
892 2461 1002 2517 causa,
1027 2460 1111 2523 quae
1133 2439 1176 2505 ad
1192 2439 1420 2507 dimittendam
1436 2442 1484 2506 in-

161 2529 264 2595 vitam
288 2529 381 2611 quasi
404 2533 519 2611 cogat,
550 2532 609 2595 aut
632 2531 672 2595 de
702 2549 743 2595 ea
771 2550 882 2596 sorore
906 2534 1043 2612 agatur,
1075 2549 1159 2612 quae
1188 2528 1222 2594 in
1245 2529 1309 2594 alio
1333 2533 1485 2597 stature

159 2617 232 2702 ipsa
254 2619 327 2702 plus
351 2619 393 2684 ad
408 2618 468 2684 Dei
492 2618 631 2701 gloriam
655 2618 807 2685 videatur
829 2639 925 2703 posse
940 2639 1110 2702 peragere.
1149 2618 1187 2683 In
1203 2638 1266 2701 quo
1282 2617 1392 2702 priore
1407 2639 1484 2685 casu

161 2707 376 2791 superiorissa
405 2707 568 2789 (consulto
595 2707 761 2792 episcopo)
784 2708 898 2775 statim
920 2713 1031 2792 potest
1055 2708 1108 2772 vel
1131 2706 1232 2774 etiam
1254 2707 1354 2774 debet
1376 2707 1484 2775 dimit·

160 2800 241 2874 tere,
265 2796 299 2861 in
322 2796 502 2880 posteriore
526 2796 697 2880 episcopus
720 2797 825 2863 inscia
847 2799 899 2863 vel
923 2797 1024 2864 etiam
1042 2801 1248 2881 repugnante
1269 2796 1485 2880 superiorissa

160 2907 228 2950 rem
253 2907 326 2951 cum
350 2886 382 2952 S.
408 2886 491 2951 Sede
513 2890 670 2952 tractare.

100 2997 151 3050 316
249 2985 287 3050 R.
307 2988 336 3050 2.
381 2983 472 3061 Quod
496 2983 538 3048 ad
554 2983 781 3050 dimittendam
797 2983 1008 3050 Eustachiam
1025 3003 1066 3048 ex
1083 2987 1178 3067 parte
1194 2982 1337 3050 instituti
1354 2983 1483 3059 attinet,

161 3094 202 3138 ex
226 3095 262 3138 se
286 3095 349 3138 non
373 3073 504 3138 videtur
527 3094 599 3138 esse
622 3074 705 3140 satis
728 3072 841 3155 gravis
864 3093 977 3148 causa,
1002 3093 1061 3137 cur
1084 3073 1126 3138 ad
1149 3072 1370 3137 dimissionem
1392 3071 1484 3137 veni·

160 3168 244 3240 atur,
269 3163 331 3227 nisi
355 3165 510 3228 consueto
534 3161 673 3246 amplior
695 3161 837 3228 facultas
860 3162 1044 3228 dimittendi
1068 3162 1142 3227 huic
1160 3161 1313 3228 instituto
1330 3182 1484 3227 concessa

160 3253 219 3317 sit:
245 3273 319 3317 narn
344 3253 429 3334 qnod
453 3252 559 3317 miuus
583 3256 662 3336 apta
685 3251 729 3317 sit
744 3251 923 3318 Eustachia
947 3251 989 3317 ad
1008 3252 1138 3316 diversa
1154 3271 1299 3326 munera,
1323 3249 1357 3315 id
1373 3250 1485 3316 debuit

160 3346 259 3407 antea
282 3341 454 3425 perpendi,
485 3363 583 3424 quam
613 3341 655 3406 ad
684 3347 844 3425 perpetua
874 3345 953 3406 vota
980 3340 1226 3415 admitteretur3
1257 3338 1344 3422 quod
1367 3339 1483 3405 indobs

160 3451 223 3495 non
247 3431 430 3497 tractabilis
454 3430 507 3508 sit,
531 3436 647 3497 notare
670 3451 735 3495 nou
759 3430 889 3496 videtur
904 3450 1024 3512 graves
1048 3429 1160 3512 culpas
1179 3432 1294 3495 contra
1310 3428 1481 3496 caritatem

160 3520 213 3583 vel
244 3519 498 3586 oboedientiam:
529 3540 614 3602 quae
643 3523 672 3584 si
695 3540 730 3584 re
757 3519 830 3603 ipsa
851 3539 972 3602 graves
995 3523 1029 3584 et
1051 3518 1241 3600 frequentes
1264 3523 1481 3592 occurrerent,

160 3628 239 3673 sane
263 3608 459 3673 dimissionis
482 3630 614 3674 cansam
637 3608 805 3692 praebent.

248 3706 287 3772 R.
312 3709 342 3773 3.
377 3705 596 3772 Nihilominus
616 3706 642 3769 si
656 3706 835 3771 Eustaobia
860 3705 970 3770 m'deat
993 3725 1028 3769 se
1052 3703 1154 3769 ordini
1179 3703 1370 3771 notabiliter
1393 3705 1482 3771 oneri

160 3816 233 3860 esse
263 3800 363 3877 atque
393 3795 463 3879 ipsa
495 3794 671 3862 difficulter
706 3795 793 3862 ferat
822 3794 1009 3876 religiosam
1039 3793 1259 3876 disciplinam:
1294 3793 1379 3860 ratio
1410 3815 1481 3860 esse

160 3889 278 3969 potest,
296 3906 353 3949 cur
368 3882 531 3968 supplices
546 3884 686 3960 litteras,
704 3905 777 3949 oum
789 3883 1010 3967 resignatione
1026 3888 1147 3960 tamen,
1164 3904 1223 3966 pro
1241 3883 1481 3967 dispensatione

160 3975 297 4038 Romam
314 3974 444 4056 dirigat,
462 3995 585 4056 eaeque
601 3995 621 4038 a
637 3972 852 4056 superiorissa
864 3995 906 4037 ex
919 3972 1052 4037 consilio
1065 3971 1206 4056 episcopi
1220 3972 1305 4054 apud
1319 3971 1351 4037 S.
1365 3971 1480 4037 Sedem

159 4063 434 4139 commendentur,
460 4083 523 4144 quo
547 4062 676 4126 facilius
701 4062 732 4128 S.
758 4062 858 4127 Sedes
882 4061 1158 4145 dispensationem
1182 4061 1352 4126 concedat.

407 4273 595 4338 DIMISSIO
620 4273 678 4337 EX
703 4270 871 4337 ORDINE
895 4270 1124 4336 RELIGIOSO
1150 4270 1234 4353 (111).

723 4428 833 4495 Casus.
861 4434 919 4504 (85)

249 4572 436 4631 Guentherus
457 4571 665 4630 neo-sacerdos
687 4570 782 4629 ordini
803 4569 1069 4628 Franciscanornm
1091 4588 1123 4628 se
1145 4568 1281 4627 adiunxit
1302 4573 1390 4644 atque
1410 4573 1478 4626 vota

161 4652 305 4728 simplicia
327 4652 439 4722 emisit3
469 4653 521 4711 sed
548 4657 701 4710 transacto
723 4653 841 4710 fervore
870 4650 983 4708 novitio
1012 4669 1102 4708 onera
1131 4650 1241 4709 ordinis
1262 4649 1321 4708 fert
1350 4649 1477 4725 manus,
