3106 5168
149 1069 463 1182 VIRTUTES
482 1070 561 1180 ΕΤ
577 1067 822 1180 orarem
831 1067 1024 1181 VITAE
1044 1066 1476 1181 CHRISTIANAE

504 1235 850 1353 abachum
883 1235 1118 1349 LAESIO.

745 1468 873 1476 ..—

260 1637 325 1726 DE
359 1636 663 1724 VIRTU'PIBUS
698 1635 764 1722 ur
799 1635 1007 1722 barlens
1044 1635 1179 1724 ERGA
1213 1634 1363 1723 DEUM.

452 1863 735 1949 VIRTUTES
767 1863 1174 1947 THEOLOGIOAE.

300 2084 360 2150 DE
384 2083 496 2151 FIDE.
552 2083 672 2162 QUAE
695 2083 826 2149 onum
850 2081 1079 2150 EXPLIOI'PE
1102 2082 1324 2152 DEBEAN'P.

712 2240 822 2307 casus.
852 2248 910 2317 (50)

237 2381 380 2459 Serapion
400 2381 448 2441 vir
474 2381 572 2454 rudis,
601 2381 774 2441 catechismi
794 2380 847 2439 vix
873 2399 933 2440 non
960 2379 1048 2457 plene
1075 2380 1200 2452 oblitus,
1229 2379 1287 2440 sibi
1311 2385 1360 2440 sat
1360 2380 1387 2439 is
1409 2399 1476 2440 esse

148 2460 266 2521 dictt
196 2461 266 2521 titat
301 2462 436 2534 credere,
472 2462 549 2539 quod
584 2463 686 2521 credat
713 2461 864 2533 Ecclesia,
888 2452 1018 2536 singula
1053 2480 1086 2520 se
1120 2479 1227 2538 capere
1260 2479 1321 2520 non
1349 2460 1476 2554 amplius

147 2560 251 2618 posse,
280 2548 369 2618 atque
394 2542 438 2601 ita
459 2561 477 2601 a
498 2541 681 2602 confessario
702 2542 831 2601 absolvit
818 2547 932 2600 t.ur-
963 2540 1115 2617 Sapricius
1136 2561 1152 2600 e
1174 2540 1324 2600 contrario
1345 2542 1475 2617 angitur,

148 2623 224 2698 quod
245 2641 304 2681 non
326 2622 460 2682 elicuerit
479 2627 565 2700 praet
567 2641 599 2681 er
553 2622 695 2682 talios
717 2626 859 2698 supernat
846 2620 958 2680 turales
980 2625 1065 2681 actus
1087 2621 1177 2680 etiam
1198 2626 1247 2681 act
1247 2640 1295 2680 um
1316 2621 1386 2681 fidei
1406 2626 1475 2681 ante

148 2708 336 2762 sacramenta
356 2702 557 2779 paenitentiae
579 2707 608 2762 et
629 2702 828 2761 eucharistias
849 2701 1045 2777 suscipienda.

148 2807 326 2879 Qunnmroe
348 2811 376 2868 1⁰
402 2828 478 2886 quae
499 2808 539 2867 sit
560 2808 701 2885 obligatio
722 2807 836 2867 sciendi
857 2814 888 2866 et
908 2807 1046 2867 credendi
1069 2807 1210 2885 explicite
1230 2807 1299 2867 fidei
1320 2807 1446 2869 obiecta.

346 2901 376 2957 2⁰
402 2917 476 2974 quae
499 2898 641 2973 obligatio
663 2902 748 2957 actus
770 2897 839 2956 fidei
859 2896 1004 2958 eliciendi.

346 2989 376 3047 3⁰
401 2987 469 3064 qnid
491 2987 646 3065 Serapioni
667 2991 698 3046 et
719 2987 853 3065 Sapricio
874 2986 1028 3045 dicendum
1049 2985 1098 3045 vel
1118 2985 1338 3062 iniungendum.

745 3169 879 3237 solutio.

88 3325 139 3380 178
239 3314 291 3377 Ao
314 3332 506 3388 ooansrruu
532 3316 570 3377 1³²
592 3311 632 3377 R.
655 3314 683 3377 1.
724 3311 846 3377 Verum
870 3309 1000 3392 quidem
1027 3315 1078 3377 est
1107 3330 1173 3375 non
1206 3309 1315 3376 omnia
1347 3310 1475 3376 obiecto

147 3401 296 3466 revelata
326 3401 367 3466 ab
397 3400 545 3467 omnibus
575 3400 652 3466 sciri
682 3405 716 3466 et
745 3399 898 3483 explicite
923 3398 1011 3464 credi
1041 3398 1225 3465 necessario
1250 3399 1385 3477 debere;
1417 3399 1474 3464 sed

147 3512 206 3574 pro
231 3488 342 3555 multis
365 3488 525 3568 sufficere,
550 3495 587 3557 ιιι
610 3510 708 3571 quam
731 3488 872 3573 plurima
887 3488 1016 3555 obiecta
1031 3492 1202 3555 assumant
1224 3487 1258 3553 in
1280 3488 1345 3554 fide
1360 3489 1475 3554 Eccle-

147 3579 233 3656 siae,
264 3578 372 3663 parati
396 3579 495 3644 etiam
519 3577 674 3662 explicite
698 3577 849 3643 assentiri
873 3599 932 3642 seu
955 3577 1104 3655 credere,
1129 3577 1390 3662 quamprimum
1414 3576 1475 3643 sibi

148 3668 189 3735 ab
213 3667 361 3732 Ecclesia
385 3667 507 3749 aliquid
531 3672 568 3734 ut
591 3666 787 3732 credendum
810 3671 1022 3751 proponatur.

236 3765 275 3832 R.
297 3768 326 3831 2.
366 3764 584 3831 Nihilominus
601 3764 760 3846 quaedam
777 3763 907 3830 obiecta
923 3770 1009 3842 sunt,
1034 3785 1118 3847 quae
1142 3764 1184 3830 ab
1206 3765 1356 3830 omnibus
1374 3764 1474 3832 etiam

148 3855 302 3940 explicite
325 3854 458 3921 sciriet
482 3853 570 3919 credi
586 3853 737 3932 debeant,
761 3851 828 3920 alia
844 3854 972 3936 quidem
997 3875 1039 3920 ex
1062 3853 1226 3920 necessita
1226 3853 1384 3933 temedii,
1410 3853 1475 3919 alia

148 3966 189 4010 ex
213 3944 411 4010 necessitate
434 3942 602 4027 praecepti
591 3948 763 4010 1tantum.

236 4042 275 4108 R.
296 4045 325 4109 3.
347 4040 538 4121 Necessita
540 4041 688 4107 tenredii
708 4042 794 4106 credi
811 4039 991 4118 debent,it
976 4045 1074 4106 taut
1096 4040 1179 4106 alias
1202 4061 1244 4106 ne
1266 4045 1475 4107 sacramento

148 4131 278 4212 quidem
312 4130 466 4213 baptismi
499 4131 552 4196 vel
586 4130 698 4214 paenit
699 4151 739 4194 en
741 4130 808 4195 tiae
842 4131 1010 4197 fructuose
1044 4129 1144 4214 recipi
1178 4129 1320 4214 possint,
1291 4129 1474 4196 tsaltem

149 4221 182 4302 1)
206 4219 400 4286 exsistentia
424 4221 518 4285 unius
542 4219 619 4297 Dei,
651 4220 792 4303 supremi
824 4221 964 4285 omniurn
990 4219 1126 4296 domini,
1161 4222 1195 4301 2)
1219 4223 1355 4286 aeterna
1378 4218 1459 4285 retri
1460 4252 1475 4265 -

147 4309 215 4375 but
191 4314 237 4375 tro
261 4331 320 4393 pro
344 4309 437 4374 bonis
461 4313 496 4376 et
525 4309 636 4383 malis;
668 4307 765 4374 immo
795 4309 1008 4464 probabiliter
1039 4310 1072 4393 3)
1101 4308 1202 4375 ctiam
1226 4308 1371 4374 Trinitas
1400 4329 1475 4392 per·

147 4419 300 4463 sonarum
334 4398 367 4462 in
401 4419 465 4463 uua
495 4399 628 4464 Deitate
638 4397 716 4479 ‚4)
747 4397 911 4464 Incarnat
887 4402 983 4464 troc
984 4397 1212 4482 tredemptio
1245 4397 1384 4463 hominis
1417 4418 1475 4481 per

148 4486 266 4552 Christi
300 4490 440 4552 mortem
478 4493 511 4552 et
548 4487 686 4569 gloriam
724 4486 770 4569 (in
806 4509 868 4569 quo
904 4488 1080 4553 includitur
1114 4487 1233 4554 notitia
1267 4486 1474 4554 necessitatis

147 4576 300 4657 gratiae).
