3106 5168
154 273 217 336 122
367 268 407 323 Dc
426 267 574 323 virtutibus
592 269 621 322 ct
639 265 737 321 officiis
754 283 821 336 erga
838 266 933 322 Deum.
950 295 986 305 -
1004 265 1101 321 Virtus
1117 265 1265 336 religionis.

90 454 141 511 241
241 445 281 511 R.
306 447 336 511 5.
381 444 415 512 Si
437 444 472 510 in
494 444 677 510 iuramento
700 440 909 526 promissorio
932 442 1089 509 voluntas
1111 440 1242 524 quidem
1263 440 1394 509 iurandi
1418 447 1479 522 est,

152 535 211 600 sed
239 533 380 619 positive
404 533 499 600 abest
521 533 674 599 voluntas
705 530 878 615 implendi,
908 531 1057 615 graviter
1086 535 1243 615 peccatur
1271 530 1415 617 periurio
1438 553 1481 598 ex

152 624 282 690 defectu
298 622 459 690 veritatis.
495 622 582 688 Nam
599 619 842 705 promissorium
859 619 1078 686 iuramentum
1094 619 1203 703 quoad
1218 620 1303 687 hanc
1318 620 1481 687 sinceram

152 713 357 780 voluntatem
386 733 446 777 suo
475 711 572 776 modo
595 708 787 795 praestandi
810 710 896 792 quod
919 729 975 774 ore
999 709 1217 793 promittitur,
1249 713 1301 777 est
1322 710 1482 795 implicite

152 801 365 869 assentorium
403 801 642 878 iuramentum,
680 798 715 864 in
748 819 812 881 quo
848 798 996 865 defectus
1034 798 1187 865 veritatis
1223 799 1366 866 mortale
1404 820 1481 884 pec-

153 896 263 959 catum
287 895 348 957 est.

240 995 279 1062 R.
297 998 328 1061 6.
367 992 402 1062 Si
423 1015 502 1061 vero
526 994 681 1060 voluntas
703 1014 763 1058 suo
786 993 883 1059 modo
906 991 1061 1077 implendi
1083 991 1259 1060 iuramenti
1282 993 1399 1071 aderit,
1424 993 1481 1060 de·

151 1085 258 1151 fectus
290 1082 443 1150 veritatis
473 1085 674 1166 subsequens
704 1103 762 1148 seu
794 1082 926 1149 omissio
955 1083 988 1147 in
1019 1082 1219 1167 praestanda
1250 1101 1288 1148 re
1319 1083 1483 1168 promissa

151 1174 264 1257 gravis
286 1176 346 1239 aut
367 1173 451 1238 levis
475 1178 526 1240 est
555 1194 614 1258 pro
642 1171 790 1238 subiecta
812 1171 962 1239 materia.
1008 1171 1062 1239 Ita
1085 1193 1159 1238 cum
1182 1173 1215 1239 S.
1238 1171 1480 1252 Antonino,

151 1263 321 1341 Suarez,
346 1262 379 1329 S.
395 1262 513 1346 Alph.
537 1262 559 1328 l.
580 1282 606 1328 c.
631 1283 663 1327 n.
679 1263 752 1338 173,
777 1260 915 1343 aliisque
939 1261 1070 1327 omnino
1094 1261 1265 1327 dicendum
1288 1265 1342 1328 est
1364 1267 1482 1329 contra

152 1351 235 1418 alios
258 1351 452 1418 severiores.
504 1352 560 1418 [lu.
584 1374 626 1417 m.
650 1350 676 1430 1,
701 1352 776 1417 415.

90 1485 143 1539 242
241 1475 293 1539 An
317 1495 508 1550 annasrrmr
532 1477 572 1538 2·
594 1475 633 1540 R.
651 1477 680 1541 1.
726 1473 765 1538 In
786 1475 890 1559 primo
914 1493 992 1538 casu
1007 1474 1114 1540 Titius
1137 1495 1180 1540 ex
1202 1473 1350 1559 pluribus
1373 1473 1482 1540 causis

151 1584 216 1629 non
239 1562 391 1647 peccavit
414 1564 532 1629 saltem
556 1562 714 1645 graviter.
760 1562 848 1628 Nam
879 1561 941 1628 etsi
972 1583 1140 1628 sumamus
1163 1562 1400 1629 correctionem
1423 1563 1480 1629 lilii

152 1652 333 1737 pervicacis
363 1673 436 1718 esse
461 1655 563 1718 -ut
592 1673 628 1717 re
658 1672 739 1717 vera
768 1672 841 1717 esse
867 1659 968 1738 potest
989 1690 1034 1699 —
1061 1652 1295 1734 obligationem
1325 1673 1480 1736 gravem;

151 1748 262 1807 tamon
293 1741 389 1807 unica
418 1741 577 1807 correctio
607 1741 641 1806 in
671 1762 749 1807 casu
780 1740 940 1823 singulari
969 1762 1033 1805 non
1063 1745 1116 1807 est
1144 1741 1284 1808 materia
1306 1742 1422 1824 gravis
1447 1741 1481 1806 in

152 1829 351 1912 obligatione
380 1834 564 1915 parentum.
588 1868 633 1879 -
661 1830 745 1896 Dein
775 1829 802 1895 si
832 1829 919 1895 forte
948 1829 982 1894 in
1012 1831 1074 1895 hoc
1103 1829 1262 1913 singulari
1285 1851 1364 1897 casu
1394 1831 1481 1897 ratio

152 1920 287 1986 suberat
310 1919 507 1985 differendae
531 1919 757 1998 correctionis,
783 1918 863 1984 nihil
886 1919 1040 2004 peccavit
1062 1919 1185 1999 Titius,
1208 1919 1393 1987 iuramento
1416 1940 1482 1985 non

152 2010 316 2087 obstante,
341 2009 418 2091 quia
441 2029 505 2074 non
528 2009 636 2093 potuit
655 2007 897 2074 rationabiliter
911 2008 959 2074 sic
973 2008 1194 2074 iuramentum
1216 2009 1420 2092 intellegere,
1445 2012 1483 2075 ut

152 2098 254 2164 vellet
269 2097 369 2164 etiam
387 2097 604 2164 irrationabili
627 2097 724 2163 modo
740 2097 864 2181 punire.
883 2136 923 2146 -
948 2096 1086 2182 Insuper
1101 2098 1243 2165 dubitari
1264 2098 1299 2164 in
1323 2096 1482 2164 eiusmodi

152 2187 345 2253 iuramentis
367 2207 467 2270 saepe
489 2187 606 2254 merito
629 2190 750 2271 potest,
777 2207 855 2252 num
878 2207 957 2252 vere
980 2186 1123 2255 adfuerit
1146 2187 1274 2253 animus
1296 2208 1371 2254 sese
1392 2188 1482 2254 iura·

153 2281 263 2343 mento
280 2275 521 2359 obstringendi:
545 2275 644 2359 quisi
660 2276 809 2355 defuerit,
830 2296 936 2360 neque
951 2275 1169 2343 iuramentum
1185 2296 1291 2359 neque
1305 2276 1482 2343 iuramenti

154 2365 311 2448 obligatio
334 2365 403 2430 ulla
425 2365 572 2443 exstitit;
596 2365 654 2430 sed
675 2365 740 2448 fait
762 2365 795 2430 in
818 2365 889 2449 ipso
913 2370 990 2432 actu
1009 2365 1139 2431 veniale
1161 2370 1334 2450 peccatum
1356 2365 1482 2433 inutilis

153 2460 188 2523 et
206 2474 312 2520 vanae
334 2453 553 2520 invocationis
576 2454 715 2520 nominis
731 2454 843 2522 divini.
883 2454 930 2521 uf.
956 2453 1057 2521 etiam
1079 2454 1290 2539 Laymann
1311 2456 1334 2522 l.
1352 2476 1379 2522 c.
1405 2476 1433 2522 c.
1451 2458 1480 2533 6,

153 2544 344 2610 nbmb

91 2657 143 2712 243
242 2649 281 2715 R.
306 2651 336 2714 2.
375 2648 414 2713 In
436 2651 573 2715 secundo
597 2669 675 2714 casu
697 2648 848 2733 peccavit
864 2649 994 2732 quidem
1010 2649 1116 2716 Titius
1132 2652 1248 2715 contra
1262 2648 1481 2716 iuramentum

153 2737 415 2821 promissorium
439 2738 481 2803 de
496 2737 590 2820 gravi
607 2741 742 2821 peccato
758 2742 869 2805 autem
885 2758 950 2804 non
966 2742 1107 2805 constat.
1141 2737 1315 2817 Videlicet,
1332 2737 1361 2804 si
1376 2739 1483 2805 voluit

152 2827 201 2893 ita
223 2848 259 2892 se
282 2826 499 2909 adstringere,
524 2832 562 2893 ut
585 2848 658 2892 cum
681 2827 733 2893 die
749 2828 914 2893 exstincta
936 2827 981 2893 sit
999 2826 1166 2910 obligatio,
1190 2830 1363 2912 peccatum
1378 2849 1483 2910 grave

153 2917 278 2981 nullum
301 2916 478 2994 commisit,
505 2937 577 2981 cum
601 2936 732 3001 semper
753 2916 853 2983 fuerit
876 2916 1016 2983 materia
1038 2917 1132 2982 levis.
1179 2916 1213 2983 Si
1236 2937 1315 2983 vero
1339 2918 1483 2985 voluerit

153 3027 190 3072 se
211 3005 357 3088 obligare
377 3005 418 3070 ad
434 3005 620 3087 graviorem
637 3027 796 3072 summam
813 3006 1010 3090 pauperibus
1027 3006 1259 3087 elargiendam,
1284 3005 1354 3072 dies
1370 3011 1481 3074 autem

153 3099 262 3161 certos
286 3094 479 3161 distributos
502 3094 649 3178 elegerit,
674 3115 737 3177 quo
760 3094 867 3160 minus
890 3094 1029 3161 sentiret
1052 3116 1149 3160 onus:
1174 3115 1254 3161 sane
1272 3095 1482 3178 obligationis

154 3183 294 3250 materia
310 3183 474 3263 coalescit,
499 3188 534 3251 et
554 3204 652 3266 quam
668 3184 808 3267 primum
823 3205 951 3250 summa
967 3188 1081 3250 contra
1096 3184 1343 3268 promissionem
1361 3186 1483 3251 omissa

151 3276 261 3357 procia
283 3273 443 3351 evaserit,
474 3276 547 3339 erat
577 3273 689 3356 gravis
711 3273 813 3339 laesio
837 3273 1025 3350 iuramenti,
1056 3273 1084 3338 si
1109 3273 1195 3340 Titio
1218 3273 1252 3339 in
1275 3273 1384 3339 animo
1408 3275 1480 3353 fuit,

153 3362 231 3426 nihil
255 3362 406 3446 supplere
430 3384 472 3428 ex
495 3362 639 3439 omissis;
664 3362 792 3428 sivero
816 3382 945 3446 semper
960 3362 1102 3428 animum
1127 3362 1242 3430 habuit
1263 3367 1381 3447 postea
1403 3385 1481 3449 sup·

153 3450 276 3535 plendi,
307 3473 347 3517 no
370 3451 404 3516 in
427 3451 488 3517 hoc
512 3451 641 3534 quidem
665 3472 743 3518 casu
767 3452 917 3535 graviter
939 3452 1090 3535 peccavit
1113 3457 1229 3519 contra
1250 3451 1480 3520 iuramentum.

92 3569 144 3625 244
242 3558 280 3624 R.
302 3560 332 3623 3.
371 3556 410 3621 In
432 3559 523 3623 tertio
545 3578 624 3623 casu
647 3557 818 3642 promissio
835 3557 934 3624 etiam
949 3556 1058 3622 iurata
1074 3556 1195 3623 Titium
1218 3578 1284 3623 non
1299 3557 1479 3640 impedivit,

153 3645 240 3729 quin,
260 3647 487 3728 interrogatus
510 3666 531 3711 a
553 3667 694 3729 persona
717 3647 846 3730 publica
869 3646 911 3712 ad
935 3646 1119 3728 detegenda
1137 3646 1274 3712 crimina
1289 3648 1480 3726 constituta,

153 3736 259 3800 furem
289 3735 458 3801 indicaret.
518 3735 670 3819 Suppono
700 3737 830 3819 quidem
861 3736 967 3801 furem
1001 3757 1066 3800 non
1101 3756 1175 3801 esse
1203 3736 1367 3801 hominem
1399 3736 1480 3802 adeo

153 3824 287 3889 noxium
311 3828 344 3890 et
366 3825 451 3889 bono
475 3825 636 3890 communi
660 3826 892 3909 periculosum,
917 3830 954 3890 ut
978 3845 1020 3889 ex
1043 3845 1079 3890 se
1102 3824 1244 3892 exsistat
1267 3824 1480 3892 denuntiandi

154 3913 328 3994 obligatio:
353 3934 437 3994 quae
460 3913 488 3978 si
511 3913 665 3991 adfuerit,
688 3915 907 3981 iuramentum
924 3913 1001 3979 Titii
1025 3914 1067 3979 ab
1090 3913 1183 3980 initio
1206 3914 1271 3981 fuit
1288 3914 1478 3994 invalidum,

154 4002 252 4067 immo
275 4001 303 4066 si
318 4002 425 4068 Titius
440 4003 500 4068 has
517 4002 781 4071 circumstantiae
805 4003 885 4069 satis
907 4002 1174 4082 consideraverit,
1199 4005 1297 4088 plane
1320 4003 1479 4070 illicitum.

155 4092 218 4157 Sed
241 4112 388 4175 suppono
411 4113 479 4156 rem
503 4092 551 4157 ita
569 4113 651 4169 esso,
676 4097 713 4159 ut
729 4093 834 4159 Titius
858 4092 943 4156 bona
966 4091 1165 4159 conscientia
1188 4092 1332 4177 potuerit
1356 4093 1477 4161 factum

155 4179 284 4246 silentio
307 4201 465 4265 premere.
505 4181 723 4248 Nihilominus
746 4182 835 4247 nulla
858 4181 1029 4264 promissio
1045 4182 1144 4247 valet
1160 4187 1276 4249 contra
1298 4182 1479 4264 legitimum

155 4269 332 4353 superioris
347 4270 554 4345 mandatum
580 4291 659 4353 ergo
675 4292 781 4353 neque
796 4271 905 4335 iurata
920 4270 1091 4354 promissio
1108 4271 1298 4337 extenditur
1317 4272 1360 4337 ad
1381 4272 1479 4338 silen-

154 4359 236 4426 tium
260 4380 319 4442 pro
343 4379 382 4424 eo
405 4380 497 4436 casu,
527 4380 589 4440 quo
613 4362 762 4445 superior
784 4359 930 4441 legitime
953 4359 1218 4442 interrogaverit.
1260 4360 1479 4444 Interrogatio

156 4469 233 4513 vero
257 4447 320 4513 fuit
342 4447 500 4530 legitima,
523 4448 572 4514 ita
595 4453 632 4516 ut
655 4451 761 4518 Titius
784 4470 855 4515 eam
881 4470 939 4532 pro
964 4449 1160 4531 obligatoria
1180 4449 1301 4515 habere
1325 4450 1477 4533 potuerit,

155 4536 218 4602 etsi
241 4537 384 4604 fortasse
406 4559 472 4602 non
492 4537 648 4606 debuerit.
686 4541 909 4606 luramentum
932 4538 1034 4620 igitur
1050 4539 1136 4620 quod
1159 4539 1289 4604 laedere
1305 4539 1393 4605 Titio
1417 4556 1478 4604 nou

154 4624 283 4692 licuerit
305 4626 559 4709 intellegendum
584 4633 635 4695 est
659 4629 699 4694 de
722 4638 896 4715 spontanec
919 4626 1093 4695 delatione.
