3106 5168
137 274 179 338 10
639 267 679 322 De
698 269 804 323 actibus
823 268 957 323 humanis.

136 449 236 527 atque
258 448 349 513 totus
372 445 445 511 finis
469 445 637 530 proximus
654 445 688 511 in
705 446 737 511 id
753 445 914 527 dirigitur,
940 449 977 511 ut
992 445 1081 510 vires
1096 444 1233 510 hostiles
1248 443 1463 528 perimantur,

136 539 336 618 occupentur
357 534 491 601 hostilia
512 535 593 601 loca.

94 643 126 696 19
225 640 264 706 lt.
278 643 309 706 2.
333 639 506 706 Difficilius
529 645 581 707 est
603 639 801 724 respondere
818 640 860 705 ad
877 640 1015 705 alteram
1031 643 1170 723 partem,
1195 638 1281 721 quod
1296 637 1463 704 Mamilius

136 728 263 794 dederit
291 730 404 794 urbem
434 729 468 795 in
490 729 662 813 praedam,
694 750 758 794 non
786 729 940 795 obstante
963 729 1169 813 praevisione
1192 747 1395 797 excessuum.
1419 759 1462 771 —

135 816 188 882 Ad
211 817 297 900 quod
320 822 415 883 noto:
443 822 469 885 1.
495 818 599 883 videri
617 818 713 901 plane
734 818 842 896 debet,
865 839 943 882 num
962 822 1112 901 spectato
1128 817 1198 882 iure
1213 816 1291 882 belli
1307 816 1463 883 hodierno

136 906 214 971 urbs
244 906 398 990 captain
420 907 576 990 praedam
600 906 671 972 dari
694 907 807 991 possit.
849 907 937 972 Nam
961 907 988 971 si
1011 906 1072 972 hoc
1095 907 1148 971 vel
1172 908 1292 991 siponto
1315 908 1386 971 iare
1409 906 1462 971 vel

136 994 307 1061 voluntate
337 995 464 1062 altioris
487 996 578 1062 ducis
607 996 776 1062 declarata
805 996 1012 1080 prohibetur,
1045 1017 1110 1061 non
1142 996 1273 1062 tautum
1303 994 1376 1078 ipsa
1407 995 1462 1061 de-

135 1084 305 1166 praedatio
328 1084 515 1151 voluntaria
538 1089 605 1162 est,
629 1085 687 1150 sed
712 1085 810 1151 etiarn
835 1106 946 1150 omnes
970 1105 1125 1150 excessus
1148 1083 1292 1168 praevisi
1315 1084 1463 1149 Marsilio

134 1172 339 1257 imputantur
368 1177 536 1256 tamquam
566 1174 743 1240 voluntarii
771 1174 806 1238 in
836 1195 944 1240 causa.
969 1211 1013 1222 -
1038 1177 1067 1240 2.
1093 1174 1258 1238 Excessus
1281 1172 1345 1250 illi,
1369 1172 1404 1240 in
1427 1192 1463 1239 se

134 1263 222 1327 mala
251 1262 465 1345 gravissima,
496 1262 651 1329 videlicet
680 1267 811 1347 stupra,
843 1263 948 1330 illiciti
979 1267 1056 1329 suut
1083 1283 1221 1346 semper,
1246 1262 1365 1328 caedes
1388 1265 1465 1346 post

135 1356 266 1434 captam
295 1352 408 1416 urbem
437 1355 508 1416 tum
538 1352 643 1417 solum
674 1372 715 1416 ex
746 1372 858 1417 eorum
885 1373 1020 1418 numero
1044 1352 1241 1429 eximuntur,
1271 1351 1299 1416 si
1322 1353 1407 1418 fiunt
1429 1352 1463 1416 in

135 1440 251 1505 noxios
275 1461 341 1518 eos,
366 1461 462 1523 quos,
488 1444 637 1525 spectato
660 1440 731 1506 iure
754 1441 841 1518 belli,
874 1441 973 1507 etiam
998 1447 1113 1525 captos
1136 1442 1273 1507 caedere
1295 1440 1396 1506 liceat
1419 1479 1463 1489 —

135 1530 220 1609 quod
243 1532 357 1595 nostro
380 1534 528 1612 ternpore
551 1529 608 1594 vix
631 1550 784 1613 umquam
808 1531 1018 1614 permittitur.
1065 1530 1271 1614 Quapropter
1292 1529 1370 1595 belli
1395 1529 1463 1594 dux

135 1638 248 1683 omnes
277 1618 359 1684 istos
391 1639 546 1684 excessus
576 1640 691 1684 severe
721 1619 852 1686 omnino
882 1620 980 1685 debet
1003 1621 1179 1706 probibere.
1204 1655 1248 1663 -
1272 1621 1301 1684 3.
1327 1618 1362 1684 Si
1385 1618 1462 1683 belli

135 1705 402 1772 circumstantiae
430 1712 464 1773 et
486 1707 624 1773 Marsilii
654 1708 798 1774 condicio
826 1714 903 1775 sunt
926 1709 1100 1786 eiusmodi,
1131 1712 1168 1773 ut
1191 1707 1348 1792 praedam
1372 1707 1463 1773 urbis

134 1795 168 1859 in
197 1817 234 1861 se
256 1795 449 1879 permittere
478 1797 598 1880 possit,
629 1796 838 1863 nihilominus
859 1797 1038 1880 requiritur
1060 1798 1173 1880 gravis
1196 1797 1326 1862 omnino
1351 1817 1462 1871 causa,

134 1888 171 1949 ut
194 1904 230 1949 re
253 1884 325 1968 ipsa
348 1885 460 1950 urbem
484 1885 641 1952 militibus
663 1885 697 1949 in
719 1886 876 1970 praedam
901 1887 979 1952 dare
1002 1887 1112 1962 liccat,
1137 1886 1267 1969 quando
1289 1885 1464 1970 praevidet

134 1994 199 2038 nou
229 1973 382 2040 obstante
412 1994 529 2040 severa
558 1995 619 2040 sua
648 1975 865 2058 prohibitione
895 1975 1024 2041 futuros
1055 1996 1127 2040 esse
1153 1996 1274 2058 graves
1297 1975 1380 2041 istos
1404 1995 1462 2040 ex·

135 2083 255 2128 cessus.
306 2062 473 2128 Eiusmodi
507 2083 608 2129 causa
642 2063 707 2129 erit
739 2086 771 2132 v.
801 2085 850 2146 g,
887 2064 914 2129 si
949 2065 1032 2131 alias
1066 2064 1187 2130 milites
1222 2085 1265 2130 ex
1299 2062 1463 2130 diuturnis

134 2150 299 2216 laboribus
323 2156 358 2217 et
380 2152 499 2235 pugnis
515 2153 612 2218 valde
636 2152 809 2236 defatigati
834 2154 887 2218 vel
912 2152 1048 2220 e'xcitati
1069 2152 1227 2220 contineri
1243 2153 1460 2237 nonpossint,

134 2240 187 2305 vel
203 2261 306 2322 grave
321 2240 366 2305 sit
381 2242 542 2308 tumultus
557 2241 745 2325 periculum.
779 2242 864 2307 Olim
880 2244 961 2308 haec
973 2242 1101 2308 facilius
1114 2243 1313 2319 acciderunt,
1332 2241 1462 2325 quando

134 2329 210 2394 belli
234 2328 285 2394 ius
308 2329 424 2411 vigens
447 2330 604 2397 militibus
627 2331 740 2396 urbem
764 2337 895 2415 captam
918 2332 952 2396 in
975 2332 1130 2415 praedem
1155 2332 1233 2398 dare
1256 2332 1382 2398 solebat.

413 2688 419 2696 Ι
480 2589 783 2664 VOLUNTARII
818 2588 1112 2663 OBSTAOULA.

616 2769 895 2836 IGNORANTIA
920 2770 973 2853 (Ι).

703 2927 814 2994 Casus.
842 2935 882 3003 (5)

221 3069 380 3139 Albertus,
408 3068 493 3127 homo
516 3070 616 3138 ferox,
646 3068 713 3126 odio
733 3068 865 3143 flagrans
887 3075 991 3127 contra
1014 3069 1202 3138 sacerdotes,
1231 3088 1320 3144 saepe
1342 3069 1461 3129 auditus

133 3154 180 3207 est
201 3149 297 3207 dicere
319 3167 352 3207 se
373 3154 508 3226 paratum
531 3167 598 3207 esse
619 3148 778 3224 quemlibet
799 3149 984 3208 sacerdotem
1005 3148 1180 3208 interficere.
1226 3149 1263 3208 In
1283 3149 1390 3208 itinere
1413 3151 1462 3209 ob·

132 3229 211 3287 viam
232 3230 323 3287 habet
342 3228 437 3288 virum
458 3227 515 3288 sibi
535 3228 685 3305 ignotum,
714 3228 745 3287 in
768 3248 852 3304 quem
874 3234 996 3305 propter
1016 3233 1150 3304 putatam
1172 3229 1315 3288 offensam
1337 3229 1461 3300 exarsit,

132 3309 265 3382 graviter
293 3327 357 3366 eum
384 3309 553 3368 vulnerans.
609 3307 682 3369 (tum
715 3316 820 3386 postea
848 3315 1046 3384 cognoscatur
1080 3328 1145 3368 eum
1179 3328 1246 3368 esse
1274 3311 1328 3368 sub
1357 3309 1461 3370 habitu

131 3388 230 3447 laicali
251 3408 283 3446 re
304 3389 370 3465 ipsa
384 3390 579 3460 sacerdotem,
600 3388 743 3449 Albcrtus
758 3390 846 3460 dolet,
868 3389 943 3465 quod
966 3409 1032 3447 eum
1053 3409 1112 3448 non
1133 3389 1255 3465 gravius
1276 3389 1406 3450 laeserit.

133 3493 309 3564 Quinum
331 3495 360 3551 1⁰
384 3513 459 3569 quae
481 3495 527 3552 sit.
541 3494 728 3569 ignorantiae
749 3494 869 3554 diversa
890 3495 1050 3555 distinctio.

329 3583 360 3640 2ο
386 3584 528 3658 quomodo
550 3582 720 3658 ignorantia
740 3583 845 3643 influat
865 3584 896 3642 in
918 3584 1124 3643 voluntarium.

329 3672 359 3729 3⁰
385 3671 463 3730 sitne
483 3671 625 3731 Albertus
646 3691 715 3732 reus
736 3673 886 3748 sacrilegii
907 3680 937 3731 et
957 3673 1031 3732 laesi
1053 3671 1201 3750 privilegii
1222 3675 1352 3734 canonis.

728 3855 863 3922 Solutio.

88 4009 123 4063 20
221 3996 273 4060 Ao
297 4015 489 4071 ouansrruu
517 4001 553 4060 1¹³
577 3995 614 4061 R.
635 3998 663 4062 1.
702 3996 765 4061 Est
787 3996 975 4078 ignorantia
998 4002 1080 4064 turis
1104 4003 1139 4064 et
1160 3999 1348 4081 ignorantia
1367 4001 1457 4083 facti.

133 4084 226 4149 Prior
255 4089 322 4161 est,
356 4106 422 4166 qua
451 4085 523 4166 quis
552 4083 685 4166 ignorat
714 4085 875 4152 exsistere
902 4086 986 4153 hanc
1008 4087 1142 4153 illamve
1165 4089 1288 4171 legem,
1320 4088 1381 4155 hoo
1405 4090 1458 4154 vel

132 4173 211 4239 illud
241 4194 314 4240 esse
344 4178 517 4256 peccatum
547 4194 606 4239 seu
635 4174 851 4257 prohibitum,
884 4198 915 4242 v.
941 4198 972 4258 g.
998 4178 1126 4259 quando
1157 4177 1329 4259 ignoratur
1352 4199 1458 4261 prava

132 4262 294 4328 desideria
324 4283 396 4328 esse
425 4266 579 4347 peccata,
611 4264 663 4328 vel
694 4265 793 4329 certis
819 4265 928 4331 ieiunii
953 4265 1066 4332 diebus
1090 4286 1162 4331 esse
1185 4267 1415 4332 abstinendum
1439 4289 1459 4333 a

132 4351 293 4418 carnibus.
329 4352 505 4431 Posterior,
528 4352 716 4434 ignorantia
739 4353 829 4430 facti,
855 4359 906 4420 est
929 4376 978 4433 ea,
1004 4354 1156 4438 qusquis
1179 4353 1311 4437 ignorat
1334 4357 1457 4422 realem

131 4441 294 4524 quandam
319 4441 608 4520 circumstantiam,
634 4464 729 4524 quam
746 4443 906 4509 tamenin
923 4465 1043 4526 genere
1060 4445 1123 4510 scit
1139 4464 1211 4509 esse
1227 4446 1456 4522 necessariam,

131 4537 168 4596 ut
190 4530 223 4595 in
248 4535 338 4596 certo
363 4552 440 4595 casu
463 4531 517 4595 lex
541 4530 732 4615 applicetur,
757 4554 788 4598 v.
806 4554 837 4614 g.
862 4533 890 4598 si
906 4534 1051 4599 nescitur
1067 4534 1162 4599 hodie
1178 4555 1250 4598 esse
1266 4534 1382 4599 feriam
1400 4536 1455 4612 Vl,

132 4620 185 4684 vel
208 4618 236 4684 si
258 4618 431 4702 ignoratur
452 4620 538 4685 hunc
561 4622 723 4686 hominem
747 4642 819 4687 esse
843 4621 1005 4689 clericum.
1051 4623 1172 4689 Frins
1196 4624 1216 4690 l.
1234 4645 1261 4689 o.
1286 4646 1317 4689 n.
1336 4627 1411 4690 322.
