3106 5168
395 300 502 356 Caritas
520 302 548 355 in
567 301 662 356 Deum.
680 332 714 340 -
734 299 871 370 Obligatio
890 299 977 355 Deum
995 301 1133 370 diligendi.
1366 309 1426 372 101

100 478 136 543 Si
166 481 297 544 attente
327 482 361 545 et
391 478 510 545 devote
540 478 723 545 orationem
753 478 945 544 dominicam
976 479 1182 557 recitaverit,
1216 480 1363 546 exercuit
1396 485 1430 547 et

101 566 215 722 egomt
249 570 369 722 {⁰332
395 566 562 644 caritatis;
598 573 697 650 atque
731 567 778 632 ita
814 567 847 633 in
882 589 980 649 quam
1014 567 1161 651 plurimis
1196 568 1428 636 occasionibus.

157 679 230 722 .m.
273 705 281 734 ‚
374 709 380 722 .

192 752 411 819 Nihilominus
443 753 601 838 optimum
636 758 688 819 est
719 753 824 836 magis
859 773 902 818 ex
933 752 1082 837 professo
1115 753 1288 837 aliquoties
1320 759 1493 822 actum200

100 841 254 909 caritatis
284 841 416 919 elicore;
449 842 507 908 sed
537 842 571 907 in
601 847 713 908 nostro
744 864 822 908 casu
852 842 1008 920 formula,
1040 863 1138 924 quam
1167 843 1291 927 reperit
1321 844 1430 910 Philo·

102 931 192 1010 thea,
219 931 350 998 videtur
372 931 478 1013 magis
501 932 686 997 accusanda
709 952 781 996 esse
805 952 901 1015 quam
925 931 1098 997 Philothea
1120 930 1200 1015 ipsa.
1239 933 1321 997 lllud
1346 933 1431 998 enim

102 1021 264 1087 motivum
288 1019 443 1103 diligendi
466 1021 527 1086 Dei
551 1021 644 1086 unice
667 1024 854 1104 propterea,
880 1020 965 1102 quod
995 1021 1029 1086 in
1059 1042 1095 1086 se
1118 1042 1242 1086 summe
1265 1022 1431 1105 perfectus

101 1110 165 1188 sit,
196 1109 374 1176 secundum
404 1114 597 1195 conceptum
626 1109 806 1193 legentium
835 1108 967 1175 minime
990 1110 1131 1189 clarum,
1162 1111 1221 1175 sed
1248 1111 1351 1176 errori
1374 1112 1431 1177 ob-

104 1198 239 1265 noxium
263 1202 323 1265 est.
1348 1218 1351 1223 ·

194 1297 306 1361 Primo
328 1296 409 1360 illud
433 1296 564 1377 „uoicc“
591 1316 725 1362 necesso
747 1316 813 1360 non
837 1299 888 1361 est
910 1298 948 1361 ut
970 1295 1142 1372 addetum·
1157 1295 1253 1361 immo
1284 1317 1324 1361 no
1347 1296 1431 1362 falso

102 1385 328 1467 intellegatur,
353 1385 579 1469 explicandum
604 1388 664 1451 est.
700 1384 787 1450 Nam
803 1385 865 1450 etsi
886 1392 980 1451 actus
995 1384 1144 1451 caritatis
1165 1405 1229 1467 qua
1245 1385 1322 1451 talis
1338 1385 1432 1451 unice

103 1475 278 1540 inhaereat
308 1496 363 1540 suo
393 1474 533 1553 motivo,
564 1478 676 1540 tamen
700 1473 899 1557 compatitur
921 1473 1003 1539 alios
1018 1478 1120 1558 ‚actus
1151 1478 1185 1540 et
1208 1473 1275 1539 alia
1296 1475 1430 1540 motiva.

104 1563 140 1630 Si
171 1562 257 1628 enim
282 1583 355 1628 amo
379 1564 483 1628 Deum
507 1562 601 1628 simul
625 1568 760 1647 propter
783 1584 844 1628 sua
874 1563 1030 1628 beneficia
1060 1566 1094 1629 et
1123 1567 1257 1647 proptor
1287 1584 1431 1629 amorem

104 1654 137 1717 in
162 1674 216 1716 me
240 1656 274 1718 et
296 1655 431 1736 propter
453 1673 531 1717 suas
553 1651 698 1718 infinitas
715 1650 949 1735 perfectiones:
974 1651 1046 1734 quis
1069 1673 1121 1717 me
1143 1652 1266 1736 poterit
1281 1652 1430 1736 culpare!

104 1741 223 1824 Neque
246 1745 421 1825 propterea
444 1741 576 1807 destruo
607 1740 756 1807 ultimum
787 1741 945 1807 motivum
976 1762 1080 1823 nequo
1104 1762 1248 1807 amorem
1273 1741 1432 1820 caritatis,

104 1830 134 1896 si
159 1830 255 1895 modo
272 1830 430 1897 motivum
448 1829 598 1896 caritatis
613 1831 746 1896 tandem
768 1851 822 1895 me
843 1851 922 1895 vere
937 1834 1049 1897 movet
1072 1831 1115 1895 ad
1138 1829 1313 1896 amandum
1328 1831 1433 1896 Deum

103 1941 207 2003 super
231 1940 347 1986 omma.

197 2018 283 2082 Dein
312 2016 391 2081 illud
424 2020 478 2097 „io
507 2039 539 2082 se
568 2039 687 2082 sumine
715 2015 892 2102 perfectu?
919 2015 1015 2082 facile
1044 2015 1092 2080 sic
1121 2015 1311 2100 concipitur,
1340 2015 1434 2098 quasi

102 2108 198 2172 solae
221 2105 441 2190 perfectiones
464 2105 524 2170 Dei
548 2106 719 2172 absolutae
741 2126 794 2170 me
818 2126 949 2171 movero
973 2104 1138 2171 deberent.
1180 2105 1272 2183 Quod
1294 2104 1434 2171 falsissi-

103 2217 195 2260 mum
222 2199 282 2261 est.
328 2194 493 2276 Numquid
517 2194 739 2260 misericordia
762 2195 833 2272 Dei,
858 2194 1053 2277 benignitas,
1078 2193 1317 2271 benevolentia,
1342 2215 1434 2260 amor

104 2288 267 2370 paternus
295 2283 329 2348 in
358 2304 418 2349 nos
448 2282 616 2350 desierunt
645 2304 717 2349 esso
747 2282 965 2367 perfectiones
996 2282 1149 2348 divinae?
1195 2282 1229 2348 si
1260 2304 1338 2365 orgo
1368 2305 1434 2349 non

104 2376 222 2439 creata
246 2373 344 2450 dona,
376 2372 434 2438 sed
457 2372 529 2456 ipsa
552 2371 613 2437 Dei
636 2371 851 2438 beneficentia
874 2377 936 2439 etc.
961 2394 1013 2437 me
1036 2376 1171 2438 movent
1194 2372 1234 2438 ad
1259 2372 1434 2438 amandum

108 2464 213 2528 Deum
239 2482 350 2527 amoro
372 2461 621 2527 benevolentiae
651 2466 686 2527 et
715 2462 756 2526 ad
786 2462 913 2527 firmam
937 2462 1141 2527 voluntatem
1171 2461 1240 2526 eius
1270 2460 1434 2527 amicitiae

105 2551 369 2617 conservandae:
395 2572 474 2616 sane
497 2549 581 2615 facio
602 2553 710 2616 actum
727 2550 901 2630 internum,
925 2550 980 2633 qui
1003 2549 1047 2617 sit
1070 2571 1163 2615 amor
1185 2548 1333 2616 caritatis
1355 2571 1435 2634 erga

108 2643 224 2708 Deum.
260 2640 297 2706 ld
320 2640 425 2724 ipsum
450 2660 640 2723 expressum
664 2639 765 2705 habes
788 2639 821 2703 in
844 2640 1041 2724 pervulgata
1057 2638 1261 2706 oratiuncula
1285 2639 1316 2705 S.
1332 2640 1435 2704 Fran·

106 2729 187 2796 cisci
212 2729 363 2807 Xarerii,
395 2750 478 2811 quae
508 2728 671 2813 purissimi
702 2728 822 2794 amoris
852 2733 961 2795 actum
986 2727 1128 2794 exhibet.
1174 2727 1267 2793 Licet
1289 2728 1374 2793 enim
1401 2728 1435 2793 in

106 2820 179 2884 solo
195 2820 265 2883 Deo
281 2818 461 2892 inhaereat,
478 2817 623 2900 seposita
639 2818 724 2882 omni
741 2838 799 2901 spe
815 2818 1032 2902 praemiorum
1048 2818 1100 2882 vel
1117 2839 1293 2902 poenarum
1308 2817 1434 2896 timore,

108 2907 318 2973 nihilominus
342 2907 383 2972 ad
406 2927 551 2972 amorem
568 2905 626 2971 Dei
653 2927 733 2988 erga
747 2905 894 2972 homines
918 2927 956 2972 ao
979 2906 1174 2990 stupendam
1191 2907 1259 2972 eius
1278 2927 1337 2990 per
1352 2907 1436 2973 tole-

107 3001 218 3063 ratum
236 2997 341 3062 crucis
356 2995 549 3080 supplicium
565 2995 861 3062 manifestationem
879 2995 1041 3079 appellat:
1069 3000 1134 3074 „tu,
1159 2995 1203 3060 mi
1221 2996 1305 3073 lesu,
1329 2999 1436 3062 totum

108 3107 162 3152 me
193 3085 364 3170 amplexus
394 3107 428 3151 es
458 3085 491 3149 in
522 3106 618 3150 cruce
649 3138 654 3150 .
683 3137 688 3149 .
716 3138 721 3150 .
754 3083 859 3151 tulisti
889 3088 1028 3150 mortem
1051 3089 1185 3168 propter
1210 3088 1295 3162 me“,
1327 3088 1361 3150 et
1389 3084 1436 3149 sic

107 3175 240 3240 demum
265 3174 444 3240 concludit:
476 3175 558 3253 „Cur
580 3173 682 3256 igitur
704 3194 768 3238 non
792 3195 897 3239 amem
921 3177 955 3238 to
980 3226 986 3239 .
1007 3226 1039 3239 ..
1064 3173 1149 3240 siout
1171 3178 1207 3239 tu
1232 3173 1350 3239 amasti
1373 3193 1435 3251 nre,

106 3265 158 3330 sic
177 3285 251 3330 amo
271 3268 305 3330 et
323 3264 440 3329 amabo
459 3268 502 3337 te,
527 3263 631 3328 solum
651 3261 727 3344 quia
745 3284 806 3327 rex
825 3284 916 3328 meus
935 3284 970 3328 os
990 3268 1023 3329 et
1041 3263 1145 3328 solum
1165 3261 1241 3344 quia
1260 3263 1349 3327 Deus
1368 3264 1432 3328 es.l

108 3354 158 3419 Cf.
190 3353 567 3430 ¹171.m.1‚318.319;
597 3351 749 3416 Noldin
773 3351 794 3417 l.
815 3373 842 3417 c.
867 3373 897 3418 n.
919 3354 971 3417 56.

103 3522 105 3526 ,
202 3458 240 3525 R.
261 3463 291 3527 4.
332 3461 456 3541 Quarto
479 3479 538 3523 seu
562 3456 676 3524 ultima
692 3456 776 3522 ratio
794 3457 929 3523 timendi
952 3457 1016 3522 iam
1041 3477 1082 3522 ex
1106 3476 1206 3540 supra
1222 3455 1318 3523 dictis
1333 3456 1438 3522 futilis

109 3553 261 3633 apparet.
308 3548 510 3630 Quamquam
541 3547 626 3612 enim
657 3546 792 3629 quilibet
822 3545 933 3612 conari
962 3547 1075 3624 debet,
1109 3550 1146 3611 ut
1175 3545 1274 3612 etiam
1304 3545 1438 3611 minima

111 3641 249 3722 peccata
279 3636 364 3704 vitet
393 3657 496 3719 eaque
525 3640 660 3720 propter
689 3637 794 3700 Deum
825 3636 1023 3702 detestetur:
1054 3634 1261 3700 nihilominus
1292 3634 1332 3699 de
1361 3634 1437 3700 sub·

108 3726 238 3793 stantia
261 3725 409 3792 caritatis
439 3725 570 3791 minime
601 3723 813 3790 dubitandum
844 3729 910 3803 est,
945 3724 1008 3791 etsi
1031 3725 1102 3790 sola
1125 3728 1262 3807 peccata
1285 3724 1439 3790 mortalia

110 3816 278 3883 excludat.
