3106 5168
154 260 195 323 62
572 254 613 309 De
631 255 727 325 regula
744 248 854 310 actuum
872 234 1060 311 bumanorum.

153 431 338 497 necessario
370 430 511 514 exprimi
541 432 698 512 debeant,
733 432 801 498 suis
832 431 912 498 locis
945 433 979 498 in
1012 431 1151 498 diversis
1182 432 1481 517 dispensationibus

153 521 289 587 dicetur.
336 519 383 587 Cf.
413 521 468 586 Tb.
492 543 534 588 m.
558 521 583 599 l,
608 524 683 588 173.

93 649 144 702 124
241 635 295 700 An
318 654 510 710 cuxnsrrun
534 637 573 699 2¹¹
596 635 635 702 R.
658 638 686 703 1.
732 635 831 719 Apud
852 634 1143 702 Paenitentiariam
1166 656 1296 719 semper
1317 637 1396 703 ficto
1422 657 1480 703 seu

153 732 228 789 tecto
251 723 381 788 nomine
403 723 527 806 petitur
550 723 750 808 dispensatio
774 745 832 790 seu
854 724 1014 791 facultas:
1045 745 1124 807 ergo
1154 725 1188 790 in
1219 725 1280 790 hoc
1309 746 1376 791 111
1403 738 1481 791 111·’

154 813 242 879 111111
265 813 333 878 1111
356 812 504 897 obreptio
527 814 581 879 vel
604 814 781 898 subreptio.
827 813 956 880 Petitur
980 813 1064 878 11111
1095 818 1130 879 11
1159 814 1257 880 datur
1279 813 1482 900 dispensatio

154 923 213 986 pro
236 901 365 968 homine
387 901 510 985 ignoto.

242 1008 282 1074 R.
307 1011 337 1074 2.
384 1006 418 1073 si
448 1007 549 1092 igitur
579 1029 679 1074 causa
708 1013 799 1075 recte
828 1008 1016 1092 exponitur,
1049 1029 1090 1073 ne
1122 1007 1155 1073 id
1185 1008 1315 1091 quidem
1348 1009 1482 1075 officere

154 1096 298 1175 videtur,
323 1097 408 1180 quod
431 1096 501 1181 ipse
524 1097 678 1163 Aurelius
701 1097 758 1175 sit,
784 1096 838 1180 qui
861 1098 920 1163 sub
945 1097 1074 1163 nomine
1097 1096 1175 1164 Titii
1199 1119 1258 1181 pro
1280 1119 1317 1164 se
1340 1097 1482 1164 voluerit

153 1186 274 1252 habere
290 1186 566 1270 dispensationem
589 1208 647 1253 seu
663 1188 866 1254 facultatem.
901 1186 1023 1252 Verum
1047 1186 1074 1251 si
1098 1208 1162 1252 non
1185 1185 1258 1271 ipsa
1280 1186 1481 1272 dispensatio

155 1279 189 1341 et
219 1275 381 1343 absolutio
412 1275 519 1354 datur,
551 1276 610 1342 sed
637 1277 778 1360 facultas
808 1279 937 1343 tantum
968 1274 1176 1359 dispensandi
1205 1276 1260 1341 vel
1290 1275 1481 1342 absolvendi

154 1362 354 1430 confessario
378 1364 602 1443 committitur,
628 1364 683 1447 qui
706 1370 846 1448 excepta
870 1364 1075 1430 confessione
1097 1364 1291 1431 facultatem
1316 1370 1481 1444 exerceat,

155 1453 308 1519 Aurelius
329 1452 364 1518 vi
385 1452 594 1521 instrumenti
612 1453 735 1537 recepti
752 1455 873 1537 eligere
889 1454 1017 1536 quidem
1041 1453 1101 1519 sibi
1125 1453 1360 1520 confessarium
1378 1455 1481 1521 talem

155 1546 281 1625 potest,
312 1541 373 1608 sibi
401 1542 473 1625 ipse
502 1542 779 1627 dispensationem
809 1543 862 1608 vel
893 1542 1130 1609 absolutionem
1158 1544 1236 1609 dare
1266 1565 1329 1609 non
1360 1547 1480 1627 potest.

155 1630 248 1708 Quod
271 1631 411 1697 observa
434 1632 542 1714 quoad
564 1633 704 1716 primum
729 1654 849 1698 casum.

245 1729 342 1794 Aliud
358 1729 510 1795 iudicium
527 1730 701 1813 aliquando
717 1730 887 1796 ferendum
910 1733 972 1807 est,
995 1729 1023 1794 si
1047 1732 1167 1812 agatur
1190 1729 1230 1796 de
1249 1729 1336 1795 Titio
1352 1729 1482 1795 homine

155 1817 319 1899 religioso,
344 1818 398 1901 qui
422 1839 442 1884 a
465 1839 524 1884 suo
548 1819 715 1903 superiore
736 1820 821 1904 petit
841 1840 902 1903 pro
918 1821 1007 1884 certo
1025 1819 1164 1900 quodam
1180 1818 1383 1899 facultatem,
1400 1840 1433 1887 v.
1450 1841 1482 1902 g.

156 1911 193 1973 ut
209 1907 401 1973 absolvatur
416 1928 436 1973 a
451 1908 640 1988 reservatis,
665 1930 737 1974 cum
754 1909 824 1992 ipse
843 1908 897 1987 sit,
919 1907 973 1990 qui
989 1907 1070 1975 velit
1086 1908 1223 1975 absolvi.
1261 1908 1299 1973 11
1314 1907 1377 1975 hoc
1396 1908 1482 1974 enim

157 2017 235 2063 casu
257 1996 328 2061 fieri
351 1997 481 2062 omnino
504 2002 624 2081 potest,
655 2003 692 2064 ut
715 1998 881 2063 concessio
904 1996 1081 2080 superioris
1105 1997 1231 2065 nitatur
1259 1997 1293 2062 11
1323 2018 1372 2077 11,
1397 1998 1482 2081 quod

156 2085 237 2151 fidat
260 2085 346 2152 Titio
378 2087 411 2150 in
435 2086 543 2152 officio
573 2086 659 2168 quod
692 2091 730 2152 ut
759 2086 978 2153 confessarius
1007 2085 1109 2168 gerit:
1142 2086 1224 2153 haec
1256 2091 1368 2152 autem
1396 2086 1483 2153 ratio

137 2176 247 2240 'nulla
270 2179 374 2253 esset,
406 2175 433 2240 si
457 2175 563 2242 Titius
585 2176 656 2259 ipse
679 2175 842 2258 indigeret
865 2174 1086 2253 absolutione,
1113 2196 1185 2241 cum
1209 2196 1287 2241 suus
1310 2175 1382 2260 ipse
1406 2196 1482 2241 con·

156 2263 313 2329 fossarius
337 2284 409 2330 esse
433 2269 584 2348 nequeat.

96 2387 146 2440 125
246 2370 285 2435 11.
311 2371 340 2434 3.
387 2369 503 2452 Neque
533 2369 582 2448 id,
614 2370 698 2452 quod
729 2370 829 2436 semel
860 2369 973 2435 tulerit
996 2369 1171 2453 repulsam,
1202 2373 1393 2451 sequentem
1417 2370 1484 2435 dis-

157 2458 380 2542 pensationem
405 2458 486 2525 facit
508 2459 752 2542 subreptitiam:
784 2458 920 2542 quilibet
950 2458 1035 2524 enim
1066 2459 1214 2542 superior
1242 2458 1425 2541 dispensat,
1455 2460 1483 2524 si

157 2548 336 2631 dispensat,
360 2552 495 2631 propter
518 2569 651 2614 causam
675 2547 906 2614 exsistentem:
931 2569 1015 2630 quae
1045 2547 1072 2612 si
1096 2568 1175 2612 vera
1205 2547 1278 2627 fuit,
1302 2548 1394 2614 valet
1418 2547 1484 2613 dis·

157 2637 322 2721 pensati03
353 2657 459 2718 neque
489 2642 600 2703 tamen
629 2642 761 2703 tenetur
789 2658 928 2720 semper,
959 2636 1139 2702 exsistente
1163 2656 1263 2702 causa
1285 2636 1481 2716 sufficiente,

157 2727 356 2810 dispensare.
403 2725 509 2802 Quare
538 2727 737 2810 impossibile
767 2748 831 2792 non
861 2730 922 2804 est,
956 2730 994 2791 ut
1022 2727 1055 2790 in
1085 2747 1150 2790 una
1180 2725 1359 2808 eademque
1381 2747 1483 2793 causa

155 2815 251 2880 modo
275 2815 423 2899 superior
445 2837 481 2880 11
504 2816 592 2882 11111
615 2836 762 2893 exorare,
787 2816 883 2881 modo
906 2836 981 2882 non.

246 2920 283 2986 R.
308 2923 339 2987 4.
391 2920 429 2985 11
461 2920 569 3003 rigore
605 2941 645 2985 11
679 2920 712 2984 11
744 2921 859 2986 ultimo
892 2919 1021 3003 quidem
1053 2940 1132 2985 casu
1165 2918 1365 3004 dispensatio
1398 2923 1484 2987 tam-

157 3029 253 3092 quam
284 3008 479 3093 subreptitia
508 3015 543 3076 et
571 3009 717 3076 invalida
740 3009 939 3076 considerari
963 3009 1069 3074 debet.
1115 3008 1202 3074 Nam
1230 3008 1258 3074 si
1287 3008 1361 3092 ipsa
1383 3030 1485 3077 causa

156 3099 296 3165 fideliter
319 3099 509 3182 exponitur,
539 3099 682 3165 facultas
706 3100 859 3181 delegata
890 3120 952 3163 non
977 3103 1028 3164 est
1054 3101 1230 3182 propterea
1253 3098 1408 3165 restricta
1431 3100 1485 3165 vel

157 3188 304 3266 sublata,
335 3189 419 3270 quod
443 3189 513 3272 ipse
536 3189 684 3272 superior
707 3188 758 3252 vel
784 3209 915 3253 causam
944 3209 1002 3270 pro
1026 3208 1090 3252 non
1114 3187 1298 3253 sufficiente
1320 3188 1483 3267 habuerit,

157 3277 211 3341 vel
240 3298 283 3342 ex
312 3299 514 3360 quacumque
544 3278 671 3343 ratione
702 3277 843 3343 noluerit
874 3276 1024 3360 petitioni
1054 3277 1270 3358 acquiescere.
1318 3276 1485 3359 Delegaus

157 3366 243 3430 euim
275 3366 426 3450 delegato
459 3367 635 3432 committit
665 3366 817 3432 iudicium
851 3366 891 3431 de
923 3386 1043 3431 causae
1075 3365 1288 3432 sufficientia:
1325 3386 1424 3448 quam
1456 3366 1485 3432 si

157 3455 283 3519 sincere
305 3456 473 3539 putaverit
495 3455 671 3534 exsistere,
704 3456 911 3539 dispensandi
942 3459 1108 3539 potestate
1133 3454 1221 3520 licite
1246 3459 1280 3520 et
1303 3454 1413 3521 valide
1436 3456 1484 3523 uti

157 3547 277 3626 potest.

247 3631 366 3708 Quodsi
390 3633 470 3698 (11111
493 3634 526 3698 11
549 3639 662 3699 111111
686 3655 764 3698 casu
787 3632 986 3698 ordinarium
1005 3637 1094 3698 certe
1118 3632 1270 3698 daturum
1294 3653 1359 3698 non
1382 3632 1485 3700 fuisse

158 3722 350 3787 facultatem
373 3744 431 3787 seu
455 3722 740 3806 dispensationem,
768 3722 795 3786 si
818 3723 970 3787 scivisset
993 3722 1155 3806 repulsam
1181 3722 1293 3788 (111111
1323 3743 1343 3788 1
1367 3721 1485 3788 Ρ1111-

157 3810 329 3876 tertiaria:
354 3812 386 3875 id
411 3833 479 3876 rem
499 3817 707 3877 1111111111.
755 3812 920 3877 Summum
945 3811 1030 3876 enim
1054 3811 1136 3876 haec
1159 3810 1276 3877 fuisset
1300 3831 1400 3876 causa
1423 3813 1485 3877 im-

157 3900 296 3984 pulsiva,
321 3922 378 3965 cur
400 3922 464 3965 non
483 3901 592 3977 daret;
618 3922 717 3966 causa
733 3901 866 3977 motiva,
891 3922 949 3966 cur
965 3902 1059 3966 daret
1083 3905 1117 3966 11
1138 3900 1263 3967 dederit
1278 3899 1484 3978 facultatem,

159 3994 210 4055 est
233 3989 304 4072 ipsa
328 4011 377 4066 ea,
402 4010 498 4071 quam
523 3991 564 4055 ab
588 3990 720 4054 Aurelio
744 3989 870 4055 sincere
894 3989 1078 4073 expositam
1102 3991 1268 4055 sumimus.
1305 3990 1369 4056 Sed
1393 4012 1485 4057 error

158 4078 191 4142 111
221 4100 321 4144 causa
351 4078 524 4162 impulsiva
554 4080 730 4143 secundum
760 4079 986 4160 theologorum
1010 4079 1192 4144 doctrinam
1222 4100 1286 4144 non
1314 4078 1396 4144 facit
1419 4080 1486 4145 dis·

158 4167 383 4251 pensationem
416 4189 472 4233 seu
507 4169 653 4233 favorem
683 4168 871 4234 invalidum.
919 4168 965 4234 Ut
996 4167 1084 4233 licite
1115 4167 1244 4250 quidem
1276 4169 1484 4251 procedatur,

158 4257 264 4335 debet,
290 4256 516 4323 animadverso
536 4278 646 4322 errore
669 4257 702 4322 in
726 4278 826 4322 causa
841 4257 1024 4340 impulsiva,
1050 4277 1148 4340 saepe
1165 4277 1269 4322 novus
1287 4258 1358 4323 fieri
1374 4279 1486 4324 recur-

158 4368 232 4422 sus;
273 4346 329 4412 sed
364 4348 495 4429 repulsa
527 4367 622 4428 quam
653 4347 725 4429 quis
762 4347 847 4429 apud
878 4347 976 4410 alium
1006 4347 1206 4429 superiorem
1236 4368 1354 4431 passus
1383 4347 1485 4414 fuerit

159 4435 355 4501 declaranda
379 4436 507 4517 quidem
532 4436 650 4500 dicitur
672 4436 847 4517 aliquando
870 4434 902 4500 11
927 4434 997 4499 1111
1020 4435 1236 4516 regularium,
1270 4436 1400 4518 quando
1423 4437 1485 4521 ipsi

158 4526 199 4589 ab
235 4525 342 4606 aliquo
377 4525 544 4608 superiore
578 4526 771 4591 facultatem
807 4524 969 4607 quandam
1008 4529 1124 4607 petant
1159 4525 1211 4589 vel
1246 4525 1485 4593 relaxationem

158 4613 319 4694 regularis
342 4614 547 4698 disciplinae;
579 4636 643 4678 non
673 4615 706 4679 in
729 4615 800 4679 iure
823 4613 999 4679 universali
1023 4613 1199 4679 Ecclesiae.
1247 4613 1294 4681 Cf.
1320 4615 1485 4693 Snarez,

153 4822 276 4856 A
