3106 5168
302 283 425 339 Virtutes
444 301 505 339 cum
524 285 614 340 debito
631 285 729 354 legali:
752 288 849 355 Pietas,
867 286 987 341 officium
1004 290 1132 354 fitiorum.
1313 295 1376 360 241

55 461 236 544 neglegens
271 460 570 527 reconciliationem
603 483 675 527 cum
706 463 786 529 Dee.
841 463 1005 529 Existimo
1041 468 1153 530 tamen
1183 486 1247 530 non
1277 466 1379 533 fuisse

53 570 190 632 gravem
213 549 503 616 inoboedientiam:
531 549 563 631 1)
586 550 615 616 si
638 551 798 633 Rogerius
820 573 879 636 per
902 574 1023 636 paucos
1046 553 1116 619 dies
1131 554 1233 620 vellet
1249 555 1379 622 differre

54 639 310 709 confessionem:
336 640 370 722 2)
394 639 421 704 si
445 643 519 723 post
543 640 676 723 longum
699 645 829 724 tempus
852 645 887 708 et
910 646 1056 708 mutatos
1079 663 1203 720 mores,
1234 644 1379 727 periculo

54 728 221 794 recidendi
243 728 276 793 in
300 727 493 794 ebrietatem
517 749 656 795 revera
680 735 840 806 cessante,
865 731 906 796 ad
929 731 1101 797 honestum
1125 732 1277 799 haustum
1302 753 1379 799 cau·

54 838 173 901 ponam
198 819 304 882 denuo
327 816 495 899 ingressus
518 825 616 885 esset.

314 1017 469 1085 Plures
492 1018 675 1085 FILIALIS
698 1020 729 1084 A
751 1020 865 1086 FILIO
889 1019 1029 1087 Lause
1053 1019 1121 1102 (Il).

612 1158 722 1225 Casus.
750 1167 826 1234 (134)

145 1281 292 1354 Lucinae,
321 1282 400 1341 filiae
422 1284 459 1341 16
485 1301 644 1352 annorum,
673 1287 768 1341 mater
795 1282 901 1342 leviter
921 1290 1081 1358 aegrotans
1102 1282 1240 1356 mandat,
1269 1291 1302 1344 ut
1323 1285 1379 1344 sibi

55 1362 202 1421 resarciat
230 1369 260 1421 et
288 1368 444 1439 componat
463 1367 564 1422 vestes
586 1362 776 1421 dominicales
797 1382 850 1441 pro
872 1363 1011 1423 crastino.
1052 1361 1136 1433 Quod
1157 1363 1270 1423 Lucina
1292 1383 1380 1440 aegre

56 1442 156 1502 ferens
176 1442 337 1520 respondet
357 1463 389 1502 se
410 1462 470 1502 non
490 1443 651 1512 facturam,
672 1442 730 1501 nisi
751 1443 881 1520 supersit
901 1449 1017 1520 tempus
1039 1463 1076 1502 ex
1095 1445 1322 1521 praeparatione
1344 1444 1381 1503 ad

56 1523 197 1591 choreas,
229 1522 334 1599 quibus
363 1522 419 1582 hoc
449 1542 572 1598 vespera
602 1523 748 1582 interesse
778 1522 902 1594 debeat,
933 1523 1045 1582 amicae
1075 1525 1207 1584 adstanti
1235 1524 1380 1583 submisse

56 1602 138 1661 addit
167 1604 296 1662 vetulam
324 1603 404 1662 illam
432 1603 527 1679 ipsam
555 1603 611 1662 sibi
639 1623 709 1662 suas
737 1622 785 1662 res
814 1622 918 1662 curare
946 1623 1050 1682 posse:
1086 1605 1162 1680 quod
1189 1610 1284 1664 mater
1315 1606 1379 1664 sub·

57 1682 180 1742 audiens
202 1702 301 1742 amare
321 1683 372 1742 flet
393 1685 430 1742 ob
449 1688 564 1742 tantam
584 1682 663 1742 filiae
685 1683 852 1759 superbiam
874 1689 905 1743 et
924 1683 1127 1761 petulantiam,
1150 1703 1224 1760 quae
1245 1684 1310 1743 loco
1332 1684 1380 1743 ad·

56 1763 156 1821 intorii
185 1764 273 1823 matri
303 1764 474 1840 praestandi
496 1763 621 1822 choreas
643 1763 770 1839 cogitat,
800 1764 849 1823 ubi
870 1763 979 1823 habere
1000 1763 1097 1841 possit
1117 1769 1294 1824 conventum
1315 1783 1380 1823 cum

57 1845 164 1903 iuvene
186 1864 204 1902 a
225 1848 309 1920 patre
330 1846 367 1903 ob
388 1863 508 1918 marem
531 1862 650 1902 causam
672 1844 750 1903 serio
771 1843 967 1904 interdictum,

59 1939 236 2009 Quaaurrua
257 1940 325 2016 quid
347 1940 382 1998 de
404 1940 511 2015 agendi
533 1940 648 1999 ratione
670 1947 701 1999 at
721 1940 853 2017 peccatis
874 1939 1005 1999 Lucinae
1026 1940 1221 2000 iudicandum.

652 2096 787 2164 Salutio.

147 2218 200 2281 An
225 2237 415 2293 ounrsrruu
440 2217 477 2282 R.
506 2220 533 2281 l.
581 2216 720 2282 Ratione
744 2221 842 2283 solius
863 2218 1112 2284 inoboedientiae
1139 2237 1219 2300 erga
1242 2222 1441 2284 narremur

60 2307 196 2371 multum
219 2306 340 2390 pendet
363 2306 405 2371 ab
429 2304 600 2383 adiunctis,
625 2309 735 2371 utrum
750 2306 873 2372 Lucina
889 2307 1036 2390 graviter
1059 2307 1246 2391 peccaverit
1269 2327 1380 2371 necne.

61 2396 91 2461 Si
123 2415 280 2479 responso
315 2415 374 2459 suo
405 2394 538 2476 eiusque
567 2394 663 2460 modo
693 2394 879 2477 significare
908 2396 1050 2461 voluerit
1086 2416 1122 2462 se
1152 2401 1382 2462 exsecuturam

61 2484 189 2567 quidem
213 2503 286 2549 esse
309 2503 377 2548 rem
401 2483 599 2567 impositam,
623 2483 681 2549 sed
706 2485 790 2550 velle
814 2485 960 2550 nonnihil
983 2485 1123 2563 differre,
1148 2483 1296 2566 graviter
1318 2505 1382 2550 non

60 2573 217 2657 peccavit.
255 2574 288 2639 Si
311 2572 420 2657 potius
444 2572 547 2638 voluit
570 2573 762 2656 simpliciter
784 2573 929 2639 indicare
953 2573 1013 2640 sibi
1033 2573 1067 2639 in
1091 2573 1198 2639 animo
1222 2595 1286 2639 uon
1311 2594 1383 2639 esse

60 2663 149 2728 illam
174 2683 243 2728 rem
266 2661 412 2743 exsequi,
436 2667 471 2728 et
493 2662 566 2746 ipsa
588 2683 641 2727 res
665 2662 763 2728 matri
787 2663 900 2744 gravis
923 2670 1004 2741 erat,
1029 2684 1068 2728 eo
1092 2662 1178 2745 quod
1202 2684 1233 2729 v.
1251 2684 1282 2745 g.
1300 2663 1382 2728 alias

61 2756 171 2817 vestes
196 2750 405 2816 dominicales
427 2751 544 2832 quibus
566 2772 624 2834 pro
652 2751 839 2817 condicione
862 2773 921 2818 sua
943 2758 1118 2836 appareret
1141 2774 1206 2817 non
1229 2752 1382 2827 habebat,

61 2841 182 2906 Lucina
209 2841 336 2908 ratione
366 2840 466 2904 solius
491 2839 757 2907 >inoboedientiae
786 2842 936 2924 peccavit
965 2842 1122 2924 graviter.
1177 2841 1297 2918 Quodsi
1324 2863 1383 2926 pro

60 2934 166 2996 matre
189 2930 323 3014 perinde
346 2934 428 3006 erat,
454 2929 524 2993 sire
547 2928 684 2995 haberet
707 2930 767 2995 has
790 2934 901 2997 vestes
924 2930 1066 2996 refectas
1089 2930 1159 2995 sive
1183 2930 1275 3008 alias,
1301 2950 1384 3011 quae

60 3024 155 3085 erant
184 3018 335 3100 integrae
366 3039 471 3100 neque
499 3017 532 3081 id
563 3019 700 3083 multum
732 3019 945 3097 aestimabat3
975 3019 1232 3096 inoboedientia,
1270 3024 1383 3102 utpote

60 3109 153 3191 gravi
178 3129 295 3174 carens
318 3107 466 3185 materia,
491 3112 563 3172 erat
586 3107 733 3174 venialis.

149 3207 187 3272 R.
214 3208 243 3273 2.
283 3205 394 3270 Verba
417 3205 472 3269 illa
495 3204 617 3281 addita,
642 3205 795 3288 superbia
818 3210 851 3270 et
874 3205 1090 3271 irreverentia
1111 3206 1217 3288 plena,
1244 3204 1271 3269 si
1295 3204 1444 3272 dictatur

60 3301 136 3361 sunt
159 3296 222 3372 ita,
254 3299 290 3362 ut
313 3293 436 3359 Lucina
460 3293 560 3358 vellet
584 3315 623 3358 ea
653 3299 802 3360 amatre
825 3295 944 3373 audiri,
969 3295 1021 3360 vel
1045 3294 1253 3378 praeviderat
1280 3313 1319 3358 ea
1343 3293 1383 3357 de

60 3385 148 3451 facto
180 3405 200 3449 a
229 3389 335 3450 matre
365 3382 526 3448 audienda
557 3403 646 3448 esse:
680 3384 816 3449 denotat
838 3389 1008 3467 peccatum
1031 3406 1127 3469 grove
1151 3387 1266 3448 contra
1289 3397 1417 3448 reve-⁰

60 3474 211 3540 rentiam.
257 3472 291 3537 si
321 3493 399 3537 vero
430 3475 545 3537 contra
575 3471 788 3538 intentionem
819 3477 853 3539 et
883 3473 1161 3556 exspectationem
1192 3472 1333 3538 Lucinae
1363 3492 1383 3537 a

60 3570 166 3630 matre
190 3562 303 3627 audita
326 3566 413 3638 sunt,
438 3582 501 3626 non
525 3565 701 3626 censentur
723 3566 894 3645 peccatum
917 3584 1022 3648 prove,
1046 3561 1109 3627 nisi
1130 3560 1216 3627 forte
1237 3561 1384 3627 internus

61 3655 268 3736 contemptus
291 3651 404 3733 gravis
427 3649 579 3716 adfuerit.
627 3650 673 3717 cf.
700 3651 731 3716 S.
754 3651 870 3735 Alph.
894 3651 963 3724 l.‚c.
988 3672 1019 3717 n.
1041 3654 1116 3717 334.

149 3750 189 3818 R.
215 3753 244 3816 3.
291 3749 382 3825 Quod
405 3749 448 3813 ad
471 3752 667 3814 conventum
691 3769 763 3813 cum
787 3749 905 3813 iuvene
928 3752 1075 3832 spectat,
1099 3748 1230 3814 videtur
1259 3747 1312 3830 agi
1344 3747 1383 3812 de

61 3839 182 3905 mutuis
205 3839 369 3904 amoribus
393 3842 492 3919 atque
515 3837 659 3920 periculo
683 3837 839 3902 bonorum
864 3859 999 3903 morum.
1046 3838 1153 3914 Quare
1185 3858 1249 3902 non
1279 3837 1382 3901 solum

61 3949 102 3994 ex
124 3928 199 4012 ipsa
221 3948 267 4006 re,
291 3927 349 3992 sed
372 3927 472 3992 etiam
495 3946 538 3991 ex
561 3926 665 4009 patris
688 3931 863 4010 praecepto
888 3948 941 3992 res
965 3931 1016 3993 est
1039 3927 1180 3992 Lucinae
1203 3925 1383 4010 prohibita;

60 4022 260 4102 quapropter
284 4037 322 4081 eo
346 4016 430 4098 quod
455 4015 613 4096 cogitarit
634 4036 692 4080 seu
708 4017 840 4099 paravit
855 4016 939 4082 banc
955 4016 1212 4092 conventionem,
1237 4015 1385 4097 graviter

61 4112 176 4174 contra
199 4105 435 4171 oboedientiam
461 4104 619 4189 peccavit.

115 4297 286 4366 OFFICIA
310 4297 429 4364 ERGA
452 4296 684 4363 PARENTES
708 4298 763 4362 ET
787 4296 954 4364 STATUS
978 4296 1112 4361 VITAE
1136 4295 1327 4361 ELECTIO.

618 4436 727 4503 Casus.
755 4443 830 4511 (135)

149 4561 313 4630 Celerinus,
334 4560 450 4618 iuvenis
466 4560 502 4616 17
518 4578 670 4629 annornm,
692 4578 757 4617 cum
771 4557 894 4616 fervidis
913 4557 1049 4633 precibus
1068 4556 1197 4633 peractis
1219 4574 1251 4613 se
1273 4553 1384 4613 sentiat

62 4642 169 4719 impelli
193 4642 230 4701 ad
251 4641 343 4700 vitam
364 4639 548 4715 religiosam,
578 4639 749 4716 parentibus
777 4658 836 4697 non
857 4637 1026 4696 valedicens
1055 4656 1087 4695 se
1116 4638 1152 4695 ad
1174 4634 1382 4695 monasterium

114 4744 281 4791 Lehmkubl,
296 4744 368 4786 casus
382 4743 541 4785 rousclcntiae.
569 4744 585 4784 l.
1140 4734 1170 4786 16
