3106 5168
151 261 213 326 100
332 255 373 311 De
392 256 540 312 virtutibus
558 260 587 312 et
604 255 701 312 officiis
719 274 786 326 erga
803 256 898 311 Deum.
916 286 953 295 —
971 255 1096 312 Virtutes
1112 255 1290 326 theologicae.

148 454 292 500 amorem
309 435 544 512 coarctatae,
569 433 624 518 qui
646 438 738 500 amat
760 435 864 500 Deum
888 436 926 499 ut
948 433 1068 499 bonum
1090 433 1124 498 in
1147 453 1184 499 se
1207 437 1242 500 et
1263 436 1400 518 propter
1423 454 1475 500 se:

147 523 237 607 prior
259 527 399 590 vocatur
422 544 514 589 amor
535 523 759 608 imperfectus,
782 522 944 607 posterior
966 521 1136 607 perfectus·
1156 543 1214 589 seu
1237 522 1369 590 caritas.

237 630 276 696 R.
302 632 331 696 2.
379 629 527 713 Uterque
550 652 651 708 amor,
683 630 711 695 si
735 634 824 696 recte
847 633 882 695 et
911 628 1057 713 perfecto
1080 628 1176 694 modo
1200 628 1391 713 concipitur,
1422 635 1478 696 est

148 738 206 784 suo
229 718 326 785 modo
349 739 447 802 super
470 719 594 798 omnia;
626 723 738 786 tamen
761 719 850 784 solus
873 739 964 784 amor
988 716 1138 784 caritatis
1170 722 1344 802 estsuper
1366 718 1477 784 omnia

148 807 340 892 simpliciter
362 813 398 875 et
420 808 579 875 absolute.

236 912 275 980 R.
298 915 328 979 3.
367 913 452 978 lllud
470 934 568 999 super
585 915 692 978 omnio
711 933 775 977 non
794 909 978 977 necessario
997 909 1201 994 intellegitur
1221 911 1262 977 de
1281 910 1477 978 intensitate

148 1004 183 1067 et
211 1001 358 1081 fervore,
389 1001 447 1067 sed
477 1002 518 1068 de
548 1000 770 1086 praeferentia
792 1000 983 1066 voluntatis.
1030 999 1186 1067 Caritatis
1213 1020 1305 1066 amor
1327 1001 1476 1068 amicitia

147 1093 214 1166 eet;
239 1090 337 1157 debet
360 1111 439 1175 ergo
462 1090 524 1157 Dei
547 1093 752 1157 voluntatem
776 1088 983 1173 divinamque
1007 1089 1183 1156 amicitiam
1209 1088 1357 1155 omnibus
1379 1111 1476 1174 prae-

147 1178 243 1245 ferre.
269 1216 313 1224 -
344 1180 414 1246 Hoc
444 1180 484 1245 ad
516 1180 691 1246 essentiam
723 1178 872 1245 caritatis
900 1179 1054 1262 pertinet.
1100 1177 1261 1260 Quidquid
1288 1178 1391 1261 igitur
1413 1180 1476 1246 Dei

147 1267 324 1335 amicitiam
349 1268 502 1347 destruit,
527 1290 600 1334 cum
624 1269 765 1334 caritate
787 1267 883 1333 simul
908 1267 1087 1333 consistere
1110 1267 1240 1349 nequit:
1264 1267 1297 1334 id
1318 1268 1411 1335 valet
1435 1271 1477 1335 de

146 1360 282 1441 peccato
306 1358 452 1441 quolibet
474 1358 615 1424 mortali.
662 1358 754 1436 Quod
777 1362 887 1424 autem
912 1378 983 1422 oum
1014 1357 1075 1422 Dei
1105 1356 1249 1424 amicitia
1276 1356 1371 1423 simul
1397 1378 1475 1423 con·

146 1446 265 1513 sistere
294 1451 420 1531 potest,
453 1468 517 1512 non
547 1446 732 1513 necessario
755 1467 815 1529 per
837 1445 1009 1512 caritatem
1033 1445 1234 1511 excluditur:
1265 1467 1367 1529 quare
1397 1467 1476 1531 pec·

148 1540 256 1601 catum
281 1536 408 1601 veniale
432 1536 611 1603 consistere
641 1539 751 1620 potest
774 1535 870 1600 simul
893 1556 964 1600 oum
989 1533 1128 1601 caritate
1151 1554 1232 1616 erga
1254 1535 1376 1612 Deum;
1411 1536 1476 1602 etsi

147 1623 179 1688 in
210 1625 271 1690 tali
301 1646 379 1690 casn
409 1624 531 1692 caritas
562 1624 648 1691 adsit
677 1625 710 1689 in
737 1625 845 1709 produ
875 1621 1046 1700 inferiore,
1077 1622 1185 1706 quoad
1208 1627 1340 1708 speeiem
1361 1628 1475 1690 tamen

146 1733 240 1778 amor
261 1713 428 1797 perfectus
451 1719 512 1781 est.
563 1716 619 1780 ia.
644 1737 684 1780 m.
709 1713 734 1791 Ι,
759 1715 834 1779 316.
859 1714 934 1779 320.

237 1818 275 1885 R.
296 1821 326 1885 4.
366 1819 470 1885 Actus
494 1820 644 1886 caritatis
667 1840 731 1884 non
754 1818 940 1884 necessario
960 1817 1134 1901 supprimit
1151 1816 1234 1883 alios
1250 1822 1344 1885 actus
1359 1840 1476 1904 super·

148 1910 317 1974 naturales
332 1908 494 1974 inferioris
510 1909 639 1993 speciei,
664 1908 721 1974 sed
746 1908 892 1994 diversos
916 1911 1009 1973 actus
1032 1907 1086 1972 vel
1109 1906 1263 1991 supponit
1285 1908 1339 1974 vel
1363 1929 1474 1976 secum

146 1996 281 2081 pat'tur,
307 2017 427 2080 eosque
443 1997 496 2063 vel
518 1998 681 2082 imperare
701 1998 755 2063 vel
778 1997 820 2062 ab
843 1997 882 2062 iis
901 2001 1011 2080 potest
1026 1995 1190 2080 imperari.
1223 1997 1280 2065 silo.
1295 2019 1337 2064 m.
1353 1997 1380 2077 1,
1398 2000 1475 2065 317.

87 2129 138 2185 198
236 2119 289 2185 An
313 2140 503 2196 quassrrun
528 2125 567 2186 2¹²
590 2120 629 2187 R.
652 2125 679 2187 1.
719 2121 815 2187 Certe
838 2119 970 2186 exsistit
993 2118 1150 2202 obligatio
1174 2121 1278 2185 Deum
1297 2120 1476 2203 aliquando

147 2208 247 2275 etiam
263 2209 392 2276 interno
415 2214 492 2275 actu
509 2209 658 2277 caritatis
674 2209 822 2287 amandi,
847 2209 990 2291 alioquin
1006 2229 1071 2273 uon
1088 2208 1357 2291 intellegerentur
1373 2211 1476 2277 verba

146 2297 649 2453 nclllirstllrlilllillmdsswomm
672 2299 732 2365 Dei
757 2319 800 2364 ex
822 2302 893 2365 toto
918 2298 1015 2364 corde
1030 2302 1130 2365 vocat
1147 2298 1327 2365 maximum
1350 2305 1385 2367 et
1408 2299 1475 2384 pri-

235 2493 274 2558 R.
301 2495 330 2560 2.
379 2496 505 2576 Quoties
536 2514 614 2559 vero
646 2492 816 2577 speciatim
849 2491 977 2559 ratione
1012 2492 1062 2557 sui
1097 2492 1158 2558 hoc
1189 2493 1381 2560 mandatum
1414 2496 1475 2560 sub

146 2582 242 2666 gravi
266 2582 400 2665 obliget,-
424 2581 550 2648 definiri
573 2582 630 2648 vix
652 2587 771 2667 potest.
819 2582 931 2664 Longe
954 2581 1085 2665 saepius
1108 2581 1239 2648 videtur
1262 2602 1305 2648 ex
1329 2603 1368 2648 ao
1392 2584 1475 2649 obli-

109 2724 125 2749 ,
147 2671 237 2755 gatio
262 2671 439 2749 exsistere,
470 2674 508 2737 ut
537 2671 632 2737 homo
662 2692 801 2737 revera
831 2671 950 2736 efficax
974 2670 1128 2737 adhibeat
1156 2671 1334 2736 remedium
1358 2677 1476 2740 contra

147 2781 268 2844 graves
291 2760 493 2827 tentationes
516 2764 550 2826 et
573 2765 688 2827 contra
711 2760 888 2844 periculum
912 2760 1068 2844 peccandi
1091 2780 1164 2826 sese
1187 2759 1323 2828 muniat.

237 2860 387 2946 Nepotioe
415 2857 511 2924 huius
540 2857 687 2925 mandati
717 2857 838 2924 limites
866 2858 1023 2940 quosdam
1051 2858 1208 2923 habemus
1238 2878 1297 2942 per
1325 2859 1474 2942 proposi-

147 2947 253 3012 tiones
277 2947 450 3014 damnatas
474 2946 515 3013 ab
538 2947 673 3013 Innoc.
698 2946 744 3012 XI
767 2948 836 3013 scil.
861 2968 952 3030 prop.
971 2949 1000 3013 5.
1046 2945 1116 3024 ,An
1139 2952 1255 3030 peccet
1277 2949 1474 3025 mortaliter,

148 3036 202 3118 qui
226 3041 335 3102 actum
359 3036 542 3103 dilectionis
566 3036 627 3102 Dei
651 3036 750 3101 semel
775 3040 902 3102 tantum
933 3037 966 3100 in
991 3035 1061 3101 vita
1084 3035 1226 3115 eliceret,
1258 3037 1474 3103 condemnare

147 3146 211 3189 non
236 3126 421 3192 audemus.“
472 3129 501 3191 6.
535 3125 725 3203 ,Probabile
749 3129 800 3191 est
830 3146 870 3190 ne
898 3125 1034 3208 siugulis
1058 3125 1186 3207 quidem
1209 3124 1357 3208 rigorose
1380 3127 1473 3208 quin·

147 3214 295 3296 queuniis
318 3235 377 3297 per
399 3235 434 3279 se
458 3215 604 3297 obligare
627 3218 838 3298 praeceptum
856 3214 1006 3280 caritatis
1030 3234 1110 3295 erga
1125 3214 1259 3281 Deum.“
1306 3217 1334 3280 7.
1365 3216 1474 3293 ,Tunc

146 3303 250 3367 solum
267 3302 401 3384 obligat,
426 3305 555 3385 quando
571 3308 721 3370 tenemur
735 3303 915 3381 iustificari,
941 3309 975 3371 et
997 3324 1062 3368 non
1080 3302 1238 3368 habemus
1258 3303 1356 3370 aliam
1374 3304 1472 3380 viam,

147 3413 211 3472 qua
234 3391 401 3458 iustificari
418 3394 607 3476 possimus.“
630 3429 669 3438 -
687 3393 841 3458 Poritioos
864 3392 985 3459 limites
1008 3391 1194 3474 assignatos
1217 3414 1282 3457 non
1304 3392 1472 3460 habemus.

84 3526 136 3579 199
236 3517 288 3581 Ao
311 3536 502 3591 quassirun
526 3519 565 3581 3..
588 3517 627 3583 R.
650 3520 678 3585 1.
717 3518 832 3583 Primo
850 3516 935 3583 ratio
952 3515 1088 3582 timendi
1104 3516 1235 3582 videtur
1254 3537 1363 3583 merus
1382 3538 1474 3583 scru-

145 3603 241 3686 pulus
264 3604 454 3670 Philotheae
478 3626 559 3671 esse.
606 3607 722 3673 Potest
751 3605 853 3684 enim,
885 3607 978 3671 salvo
1002 3626 1113 3671 amore
1143 3606 1204 3671 Dei
1233 3604 1472 3690 superomnia,

146 3692 227 3771 fieri,
252 3697 288 3759 ut
311 3693 377 3759 alia
392 3693 551 3759 intensius
573 3698 607 3760 et
625 3694 807 3760 ferventius
822 3700 983 3763 amentur.
1018 3695 1052 3760 Si
1069 3694 1241 3762 Philothea
1255 3695 1471 3778 interrogata,

146 3802 223 3846 num
247 3787 381 3866 propter
404 3782 528 3867 prolem
545 3783 626 3850 velit
644 3786 749 3849 Deum
772 3785 920 3866 graviter
936 3783 1108 3861 offendere,
1133 3784 1259 3850 sincere
1274 3785 1473 3869 respondere

146 3875 258 4022 potpst
285 3871 472 3949 ,Minime“:
505 3893 619 3938 secura
651 3873 695 3938 sit
724 3893 808 3938 neve
831 3876 974 3955 angatur
997 3873 1038 3937 de
1069 3873 1233 3939 teneriore
1257 3893 1368 3938 amore
1392 3895 1473 3957 erga

147 3980 205 4042 pro
221 3980 281 4026 em.

236 4061 274 4128 R.
301 4066 330 4128 2.
378 4067 489 4130 Altero
512 4063 596 4128 ratio
629 4084 693 4127 non
724 4063 829 4145 magis
861 4064 978 4147 probat
1009 4063 1159 4128 timorem
1184 4063 1376 4129 Philotheae
1400 4085 1473 4130 esse

146 4150 277 4218 iustum.
313 4151 389 4217 Non
413 4155 564 4219 obstante
580 4153 723 4219 veritate
746 4152 847 4236 ipsius
871 4152 998 4228 asserti,
1024 4153 1145 4235 optime
1169 4153 1347 4218 consistere
1363 4157 1474 4236 potest

146 4261 245 4306 verus
276 4262 368 4306 amor
397 4242 546 4309 caritatis
577 4263 656 4324 erga
687 4244 802 4307 Deum.
854 4241 956 4306 Immo
986 4242 1057 4324 ipse
1087 4242 1186 4307 timor
1213 4241 1331 4307 inferni
1361 4248 1473 4326 potest

146 4330 308 4395 hominem
339 4331 484 4397 excitare
514 4332 555 4396 ad
586 4337 694 4397 actum
725 4331 892 4415 perfectae
923 4330 1088 4409 caritatis,
1121 4336 1220 4413 atque
1252 4331 1321 4414 ipse
1345 4332 1407 4396 sibi
1431 4353 1471 4397 ex

146 4419 263 4485 timore
286 4419 404 4485 inferni
430 4426 538 4487 actum
562 4420 711 4486 caritatis
731 4421 892 4504 imperare
916 4424 1041 4503 potest:
1066 4420 1114 4486 ita
1138 4441 1249 4485 omnes
1271 4421 1425 4503 theologi.

234 4526 272 4593 R.
299 4528 329 4592 3.
380 4527 488 4592 Tertio
506 4526 602 4603 ratio,
624 4525 708 4607 quod
730 4546 789 4608 per
808 4546 911 4590 annos
931 4525 1102 4590 formulam
1126 4531 1220 4591 actus
1240 4526 1389 4592 caritatis
1408 4548 1471 4591 non

144 4615 345 4692 recitaverit,
371 4615 501 4681 minime
525 4614 668 4681 ostendit
691 4615 894 4681 Philotheam
920 4618 1029 4680 actum
1053 4615 1204 4680 caritatis
1225 4636 1289 4680 non
1312 4615 1471 4681 elicuisse.
