3106 5168
168 276 233 339 224
328 270 368 325 De
387 246 535 327 virtutibus
553 274 583 326 et
599 271 697 326 officiis
716 289 782 341 erga
800 271 931 326 homiues.
944 302 980 311 -
999 271 1105 327 Caritas
1123 273 1151 327 in
1169 274 1330 344 proximum

167 449 327 604 catholssco
352 449 466 527 licere,
496 448 529 515 in
552 448 638 514 huno
661 450 758 514 finem
782 469 803 514 a
825 448 1011 533 petentibus
1033 447 1212 515 indicatum
1236 449 1393 533 pecunias
1415 470 1492 516 suas

168 559 227 603 con
246 560 273 602 ri
297 559 384 606 uere.

107 645 158 698 437
256 636 296 702 R.
314 639 344 703 3.
383 634 497 712 Quoad
519 634 831 719 orphanotrophium
855 656 919 701 non
942 635 1040 718 plane
1064 634 1150 700 idem
1177 637 1238 701 est.
1277 634 1388 701 Aedes
1415 635 1491 701 illae

168 745 211 789 ex
245 746 306 790 sua
340 729 459 790 natura
494 745 550 789 seu
582 726 647 789 fine
679 724 809 790 interno
841 723 971 789 omnino
1004 723 1237 808 praescindunt
1268 745 1290 790 a
1320 726 1386 790 fine
1422 725 1491 791 sive

168 813 350 880 acatholico
373 813 443 879 sive
467 812 637 879 catholico.
677 813 762 878 Hinc
782 833 840 879 eas
856 817 1026 879 exstruere
1041 813 1191 878 illicitum
1214 813 1334 879 evadet
1356 813 1427 880 fere
1451 835 1491 880 ex

169 923 207 966 eo
223 906 361 980 tantum,
386 903 472 984 quod
488 903 586 967 finem
601 902 693 967 illum
709 906 890 980 externum,
916 923 1011 984 quem
1034 901 1095 967 sibi
1116 902 1319 969 constituunt
1341 902 1492 971 iubentes

168 1011 226 1055 seu
249 992 453 1069 mandantes,
478 991 507 1057 is
531 989 585 1073 qui
609 995 780 1057 construat
802 1012 897 1056 suum
919 991 1031 1057 facere
1053 994 1238 1059 censeatur.
1276 991 1368 1069 Quod
1385 992 1491 1058 archi·

167 1084 276 1147 tectus
300 1081 478 1146 conductus
501 1080 612 1146 facere
636 1102 700 1146 non
724 1085 884 1146 censetur.

160 1231 162 1234 .
258 1169 364 1235 Aliter
393 1175 504 1236 tamen
535 1169 589 1253 qui
619 1170 786 1251 conferunt
813 1171 1003 1255 pecuariam·
1031 1168 1079 1233 illi
1110 1168 1195 1234 enim
1226 1190 1264 1234 eo
1291 1169 1381 1253 ipso,
1407 1169 1491 1251 quod

167 1258 355 1341 petentibus
378 1262 536 1335 annuunt,
557 1262 730 1344 petredium
750 1260 844 1344 finem
869 1280 961 1323 suum
982 1258 1109 1341 faciunt
1125 1297 1165 1305 —
1184 1257 1246 1324 nisi
1268 1257 1356 1325 forte
1376 1264 1490 1342 aperta

168 1347 390 1413 declaratione
405 1348 490 1412 hunc
506 1351 673 1431 respuant,
693 1346 856 1429 aliumque
872 1346 1071 1413 substituere
1085 1347 1212 1431 possint
1228 1349 1263 1413 et
1278 1347 1490 1415 substituant.

257 1436 378 1514 Quodsi
414 1436 515 1519 igitur
545 1435 662 1518 aliquis
690 1436 837 1502 declaret
871 1457 907 1501 se
943 1457 1002 1518 pro
1033 1435 1216 1502 acatholica
1247 1436 1378 1519 quidem
1414 1438 1492 1503 edu·

169 1525 297 1590 catione
328 1525 477 1591 conferre
506 1525 586 1590 nihil
616 1546 729 1610 posse,
759 1529 908 1592 attamen
939 1546 974 1590 se
1004 1525 1143 1591 libenter
1172 1525 1380 1592 contribuere
1408 1526 1492 1591 velle

169 1614 356 1680 concivibus
372 1615 450 1692 suis,
467 1613 567 1680 etiam
583 1613 783 1692 acatholicis,
801 1617 838 1679 ut
853 1613 997 1680 habeant
1013 1635 1076 1696 quo
1092 1613 1230 1698 orphani
1246 1619 1491 1682 sustententur:

168 1704 234 1769 iam
258 1704 376 1768 bonum
399 1706 496 1768 finem
519 1703 660 1769 intendit
683 1708 717 1769 et
744 1701 944 1770 manifestat.
992 1703 1208 1769 Praevidetur
1235 1704 1364 1786 quidem
1395 1705 1492 1771 facile

169 1791 250 1869 fore,
274 1796 312 1857 ut
335 1792 376 1857 ab
400 1792 472 1857 aliis
492 1792 690 1875 adiungatur
704 1792 778 1857 finis
794 1791 899 1857 malus
915 1791 1118 1858 educationis
1134 1792 1353 1871 acatholicae;
1377 1815 1492 1859 verum

169 1882 211 1958 id,
237 1902 309 1946 cum
333 1881 482 1965 impediri
505 1886 657 1965 nequeat,
682 1886 792 1966 potest
807 1881 962 1964 negative
985 1880 1141 1965 permitti.
1181 1881 1234 1948 Ita
1256 1881 1359 1964 igitur
1382 1904 1491 1965 agere,

170 1990 212 2035 ex
235 1970 330 2052 gravi
353 1992 469 2048 causa,
501 1971 559 2035 sed
588 1992 631 2036 ex
660 1970 755 2052 gravi
784 1974 914 2036 tantum
945 1990 1062 2051 causa,
1093 1970 1224 2037 videtur
1246 1970 1356 2039 licere.
1404 1971 1493 2050 Quae

170 2059 282 2141 gravis
312 2080 412 2125 causa
443 2059 600 2137 habetur,
633 2059 660 2124 si
695 2059 929 2126 catholicorum
967 2059 1106 2125 interest
1135 2060 1274 2144 probare
1306 2080 1343 2125 se
1382 2081 1492 2127 amore

171 2148 298 2230 patriae
322 2169 400 2214 vero
417 2153 451 2215 et
472 2148 618 2230 legitimo
635 2169 655 2214 a
670 2149 798 2213 nemine
813 2147 910 2213 vinci.
953 2149 1010 2216 Th.
1027 2170 1067 2215 m.
1084 2147 1109 2226 I,
1135 2151 1209 2216 660.
1249 2149 1366 2215 Caveri
1382 2154 1492 2216 tamen

171 2236 284 2315 debet,
309 2258 367 2316 ne,
393 2238 447 2319 qui
470 2237 518 2303 ita
542 2237 743 2314 contribuat,
774 2236 808 2301 iu
831 2236 968 2321 publicis
990 2236 1122 2303 tabellis
1144 2237 1374 2316 annuntietur,
1400 2239 1491 2321 quasi

172 2325 402 2392 contribuisset
425 2326 467 2391 ad
494 2326 574 2390 illud
597 2325 783 2392 institutum
807 2326 1034 2404 acatholicum,
1059 2346 1142 2392 neve
1166 2326 1235 2392 eius
1253 2348 1371 2392 nomen
1387 2329 1493 2412 puhli-

172 2419 281 2480 catum
311 2415 558 2482 incitamentum
588 2414 645 2494 sit,
677 2436 740 2497 quo
763 2414 892 2480 facilius
915 2415 968 2480 vel
993 2414 1116 2498 largius
1147 2415 1202 2481 alii
1225 2414 1259 2481 in
1281 2414 1373 2481 illum
1397 2419 1493 2483 finem

173 2503 388 2570 acatholicum
413 2504 594 2570 conferant.

110 2632 162 2686 438
260 2619 313 2683 Ao
336 2639 527 2694 ouansrruu
551 2622 591 2683 2m
612 2619 652 2686 R.
675 2623 702 2684 1.
748 2618 813 2683 Pro
835 2617 901 2683 illis
923 2617 1050 2696 finibus,
1074 2618 1107 2684 in
1131 2640 1212 2702 quos
1235 2618 1407 2686 catholicis
1431 2643 1493 2687 nou

171 2707 250 2775 licet
272 2707 442 2791 pecuniam
459 2707 617 2786 conferre,
642 2707 748 2772 minus
764 2707 863 2774 etiam
880 2706 990 2773 licebit
1006 2707 1142 2773 Alfiredo
1159 2708 1367 2776 collectorem
1383 2731 1492 2792 agere.

171 2796 601 2969 illrgoiistexstmendum
627 2797 783 2881 templum
811 2796 1027 2862 acatholicum
1050 2802 1139 2863 certe
1163 2797 1316 2881 colligere
1339 2799 1493 2882 pecunias

260 2983 299 3050 R.
325 2986 354 3049 2.
403 2983 537 3049 sivero
561 2985 642 3048 fines
673 2983 721 3048 illi
744 2988 813 3050 tres
836 3004 856 3048 a
880 2982 1109 3048 collectoribus
1132 2982 1360 3066 emunguntur,
1384 2985 1494 3052 licebit

171 3072 307 3138 Alfredo
338 3072 492 3155 colligere
523 3072 677 3156 pecunias
707 3074 749 3137 ad
780 3071 968 3154 erigendam
997 3072 1096 3137 istam
1126 3075 1281 3138 statuam.
1315 3110 1359 3117 —
1391 3074 1437 3140 Et
1468 3075 1495 3139 si

172 3162 249 3244 quid
278 3162 372 3246 pravi
406 3184 465 3246 per
501 3161 650 3227 accidens
681 3182 754 3226 cum
791 3161 860 3225 eius
900 3161 1064 3226 erectione
1098 3161 1323 3243 coniungitur,
1362 3183 1495 3228 causam

172 3251 272 3316 habet
304 3272 345 3316 cx
378 3250 566 3316 condicione
598 3273 658 3316 sua
690 3250 772 3316 satis
805 3272 955 3332 gravem,
989 3272 1047 3315 cur
1078 3250 1139 3315 hoo
1171 3250 1326 3333 negative
1359 3252 1495 3336 permit·

171 3345 242 3406 tere
265 3340 378 3423 possit.

261 3447 299 3513 R.
326 3450 355 3514 3.
402 3446 466 3510 Pro
489 3445 764 3529 orphanotrophio
795 3445 850 3510 illo
874 3445 1018 3528 practice
1041 3445 1177 3511 Alfiredc
1200 3467 1266 3509 non
1289 3445 1402 3513 licebit
1426 3448 1494 3513 col-

172 3536 327 3600 lectorem
351 3535 508 3618 pecuniae
524 3556 632 3616 agere.
672 3534 783 3617 Longe
807 3534 892 3599 enim
909 3533 1072 3600 difficilius
1094 3534 1156 3618 ipsi
1176 3539 1227 3600 est
1243 3557 1341 3617 quarn
1357 3535 1496 3618 singulis

173 3625 401 3702 ‹lonatoribuS,
432 3627 527 3688 finem
552 3624 643 3689 illum
667 3628 837 3689 externum
862 3623 1063 3688 acatholicae
1091 3623 1293 3689 educationis
1320 3625 1496 3691 excludere

174 3714 377 3794 alterumque
400 3715 496 3777 finem
519 3713 643 3778 licitum
667 3713 881 3788 substituere;
906 3711 1004 3777 immo
1028 3712 1059 3777 id
1079 3733 1152 3777 eum
1168 3712 1278 3778 iacere
1294 3735 1392 3797 posse
1409 3715 1495 3799 apud

174 3824 302 3877 omnes,
334 3823 414 3883 quos
444 3801 614 3885 pecuniam
646 3803 808 3894 petiturus
832 3801 953 3877 adiret,
986 3801 1117 3867 videtur
1139 3801 1216 3867 milri
1240 3802 1411 3869 moraliter
1433 3804 1496 3869 im·

174 3891 327 3974 possibile
351 3911 432 3957 esse.
468 3891 561 3955 Adde
585 3891 784 3965 scandalum,
810 3891 895 3972 quod
920 3889 992 3955 aliis
1017 3890 1185 3956 catholicis
1202 3891 1359 3957 eiusmodi
1375 3894 1495 3974 agendi

173 3980 300 4044 ratione
325 3979 481 4044 oriturum
506 3984 566 4045 est.

112 4114 165 4166 439
263 4092 315 4157 An
350 4115 540 4169 onansmuu
573 4098 611 4159 3¹¹¹
651 4095 689 4160 lt.
724 4098 751 4159 l.
807 4094 915 4158 Favor
955 4115 1049 4175 quem
1085 4095 1255 4177 quominus
1289 4098 1497 4177 praestemus

175 4182 348 4248 haereticis
372 4185 518 4264 graviter
542 4183 765 4265 prohibemur,
796 4183 999 4265 intellegitur
1022 4183 1135 4265 utique
1157 4185 1190 4249 in
1215 4206 1315 4249 causa
1337 4185 1496 4251 haeresis.

174 4272 274 4348 Quom
299 4274 446 4337 favorem
470 4278 628 4355 praestat,
654 4273 708 4354 qui
732 4294 773 4336 cx
797 4272 904 4337 animo
929 4274 1139 4356 promovendi
1156 4272 1357 4338 haereticam
1373 4274 1498 4339 doctri·

174 4384 249 4426 nani
274 4363 326 4426 vel
350 4363 548 4427 haereticum
574 4363 695 4426 cultum
721 4361 894 4443 quidquam
912 4362 998 4443 agit3
1023 4364 1077 4426 vel
1094 4363 1194 4428 etiam
1210 4362 1274 4440 ille,
1300 4363 1355 4444 qui
1371 4363 1497 4430 directe

174 4452 302 4532 quidem
326 4451 410 4516 hauc
426 4452 581 4517 haeretici
598 4452 704 4516 cultus
720 4451 988 4533 propagationem
1007 4473 1071 4515 non
1086 4451 1236 4528 intendit,
1260 4452 1366 4517 sciens
1383 4457 1497 4518 tamen

174 4545 208 4604 et
232 4540 344 4604 volens
368 4541 489 4621 aliquid
513 4541 608 4618 facit,
641 4561 682 4604 ex
710 4561 773 4621 quo
797 4541 949 4606 notabilis
973 4561 1142 4605 successus
1166 4561 1285 4606 causae
1308 4541 1498 4608 haereticae

174 4630 331 4709 sequitur.
