3106 5168
166 291 231 354 526
657 281 698 336 De
716 281 823 349 legibus
841 281 988 336 Ecclesiae.

165 461 359 546 positionem
383 460 600 525 necessariam
624 460 740 536 habet,
772 459 882 524 valida
913 465 981 524 est:
1011 464 1122 525 tamen
1145 459 1301 525 sacerdos
1325 460 1484 544 complex,

166 552 221 634 qui
238 549 390 627 absolvit,
414 570 478 614 non
496 548 610 631 effugit
626 549 1004 626 excommunicationem,
1029 548 1058 613 si
1078 548 1250 624 ,infamiae
1266 553 1325 614 aut
1340 551 1486 615 scandali

166 640 312 724 pericula
343 637 404 703 sibi
434 639 520 703 ultro
550 637 620 721 ipse
644 640 824 719 confingat,
858 637 913 701 ubi
944 658 1008 702 non
1038 640 1147 716 eunt‘,
1177 638 1231 702 vel
1255 659 1320 703 non
1343 639 1484 716 studeat,

170 733 346 812 ,quantum
369 727 402 791 in
426 748 462 792 se
485 731 546 805 est,
571 726 752 791 huiusmodi
776 725 921 809 pericula
937 730 1015 792 ante
1031 729 1183 792 avertere
1206 727 1258 792 vel
1275 732 1483 793 removere‘:

165 819 214 884 ita
237 817 368 883 constit.
392 816 540 882 Bened.
565 816 641 880 XIV
665 818 838 900 apostolici
860 819 1013 880 maneria

255 924 294 990 R.
320 926 349 988 5.
397 923 435 987 In
458 922 519 988 hac
543 944 579 988 re
602 944 665 987 nou
682 926 819 988 excusat
834 921 1021 1004 ignorantia
1037 943 1149 988 crassa
1164 922 1218 987 vel
1233 922 1362 1006 supina.
1402 922 1485 987 Nam

166 1013 198 1079 S.
223 1011 423 1078 Officium
455 1013 485 1077 d.
517 1012 546 1078 d.
583 1014 623 1076 13
647 1012 716 1077 Ian.
750 1013 834 1076 1892
867 1011 909 1077 ad
933 1011 998 1088 ΙΙΙ,
1034 1012 1237 1094 approbante
1261 1012 1293 1077 S.
1317 1010 1484 1086 Pontifice,

166 1102 288 1168 edixit:
317 1100 546 1178 „absolventes
569 1100 757 1183 complicem
781 1100 815 1165 in
838 1121 873 1165 re
897 1101 986 1184 turpi
1010 1121 1081 1166 cum
1105 1100 1293 1182 ignorantia
1316 1121 1432 1166 crassa
1454 1108 1486 1166 et

166 1192 283 1275 supina
306 1191 390 1255 hanc
414 1190 783 1255 excommunicationem
806 1189 1005 1254 incurrere“.

255 1296 293 1361 R.
319 1299 349 1362 6.
395 1295 433 1360 In
458 1295 588 1360 constit.
615 1296 743 1379 ,Apost
768 1295 863 1361 Sed.“
889 1294 1006 1360 dicitur
1037 1294 1265 1371 „absolventes
1295 1296 1485 1379 complicem

165 1385 199 1450 in
229 1389 365 1469 peccato
404 1385 525 1468 turpi“.
582 1383 678 1449 Unde
716 1383 819 1447 viden'
858 1387 990 1466 poterat
1028 1383 1189 1465 aliquibus
1223 1384 1485 1449 excommunica·

166 1474 288 1540 tionem
312 1495 376 1539 non
398 1473 564 1537 incurrere
587 1492 661 1536 eum
685 1472 934 1550 confessarium,
960 1472 1014 1554 qui
1038 1473 1091 1537 vel
1113 1473 1214 1559 finpot
1237 1473 1483 1550 absolutionem,

166 1564 220 1629 vel
250 1584 323 1627 earn
353 1561 541 1646 complicem
572 1561 740 1639 absolvat,
780 1582 864 1643 quae
890 1565 1001 1627 taceat
1030 1560 1110 1626 illud
1139 1566 1328 1645 peccatum,
1360 1562 1393 1626 in
1424 1584 1483 1645 quo

167 1651 386 1718 confessarius
410 1650 559 1733 complex
583 1653 663 1715 erat.

255 1740 408 1817 Revera,
434 1738 563 1820 quando
587 1759 728 1821 persona
751 1740 909 1804 confitens
932 1738 1118 1804 nullatenus
1137 1760 1158 1803 a
1173 1737 1376 1804 confessario
1400 1760 1484 1804 com·

166 1828 250 1912 plice
272 1828 405 1895 inducta
421 1832 472 1893 est
497 1828 538 1894 ad
554 1827 758 1893 reticentiam
783 1833 817 1894 et
838 1827 1003 1893 bonafide
1021 1827 1097 1893 silet
1119 1827 1151 1891 id
1174 1831 1357 1910 peccatum,
1383 1829 1484 1894 adhuc

166 1918 333 2003 probabile
357 1922 408 1984 eet
438 1916 671 1983 confessarium
701 1916 924 1981 absolventem
949 1937 1012 1981 non
1035 1917 1200 1981 incurrere
1224 1918 1484 1983 excommunica·

166 2007 297 2073 tionem.
327 2007 390 2073 Sed
406 2006 633 2083 confessarius,
661 2005 693 2085 l)
710 2005 764 2088 qui
788 2005 899 2071 audito
923 2005 978 2070 illo
1003 2009 1137 2088 peccato
1160 2005 1332 2072 absolvere
1356 2011 1483 2073 tanturn

164 2098 270 2182 finpil,
296 2096 330 2179 2)
354 2095 408 2179 qui
431 2095 654 2180 paenitentem
677 2095 748 2159 sive
771 2094 894 2159 directe
917 2094 988 2160 sive
1011 2094 1168 2159 indirecte
1190 2094 1321 2161 induxit
1344 2095 1386 2160 ad
1412 2117 1483 2179 pec·

167 2190 275 2252 catum
298 2184 360 2250 hoc
382 2184 594 2260 reticendum,
618 2187 718 2265 atque
740 2183 789 2248 ita
812 2183 1033 2265 paenitentem
1057 2183 1246 2266 complicem
1262 2184 1303 2248 ab
1320 2185 1386 2249 alio
1411 2206 1483 2250 con·

165 2273 304 2340 fessario
327 2273 469 2339 nondum
492 2274 676 2338 absolutam
701 2272 843 2338 absolvit
866 2273 920 2337 vel
943 2273 1114 2338 absolvere
1130 2271 1241 2355 fingit:
1266 2275 1483 2338 excommuni-

166 2364 327 2430 cationem
351 2362 558 2428 nibilominus
586 2361 738 2438 incurrit,
770 2365 807 2426 ut
830 2361 861 2428 S.
887 2360 1088 2426 Officium
1113 2362 1143 2426 d.
1168 2365 1187 2426 5
1211 2363 1289 2427 Dec.
1317 2365 1422 2442 1883,
1453 2368 1483 2428 et

165 2452 270 2518 fusius
293 2457 392 2535 atque
416 2452 535 2517 clarius
565 2451 597 2517 S.
621 2450 963 2517 Paenitentiaria
993 2450 1023 2515 d.
1051 2453 1090 2516 19
1115 2449 1208 2516 Febr.
1236 2452 1337 2531 1896,
1369 2474 1483 2538 oppro-

167 2543 259 2607 boate
281 2543 387 2607 Leone
409 2542 507 2623 XIII,
532 2539 723 2605 declaravit.
770 2540 817 2605 ef.
846 2541 902 2605 Tb.
927 2561 967 2604 m.
992 2539 1033 2617 ΙΙ,
1059 2542 1134 2605 936.

88 2679 157 2736 1028
256 2666 308 2730 Au
330 2685 521 2740 ouausrruu
538 2667 576 2728 3¹²¹
595 2664 633 2729 R.
661 2667 688 2729 1.
736 2663 827 2740 Quod
857 2662 1007 2728 ancillam
1039 2663 1174 2741 attinet,
1205 2661 1352 2727 nonnihil
1380 2664 1482 2729 videri

168 2754 274 2830 debet,
299 2775 376 2817 num
398 2754 481 2818 baec
505 2774 621 2818 revera
646 2761 718 2817 orate
741 2755 878 2835 peccata
894 2757 1030 2835 peracta
1046 2751 1107 2816 sibi
1123 2772 1314 2835 persuasum
1333 2752 1481 2817 habuerit

166 2843 321 2907 eiusmodi
345 2863 398 2907 res
421 2863 486 2906 non
502 2862 573 2907 esse
589 2843 705 2923 gravia
721 2846 867 2924 peccata.
900 2841 1000 2919 Quod,
1026 2841 1053 2905 si
1069 2845 1179 2905 tactus
1203 2862 1267 2905 non
1291 2847 1387 2905 erant
1403 2843 1481 2907 adeo

165 2937 286 3015 turpes,
312 2931 509 3014 impossibile
533 2931 660 3012 quidem
685 2934 823 3006 nonest,
847 2931 903 2994 sed
921 2951 1024 3012 neque
1041 2930 1123 2994 sumi
1139 2933 1259 3013 potest,
1284 2930 1346 2994 nisi
1364 2952 1481 3011 graves

164 3021 293 3085 omnino
324 3021 467 3085 rationes
499 3021 532 3084 id
561 3020 642 3086 satis
667 3025 756 3085 certo
780 3021 949 3085 suadeant.
996 3019 1083 3083 Nam
1107 3019 1135 3082 si
1159 3019 1286 3083 demum
1311 3025 1387 3102 post
1411 3042 1480 3104 per·

164 3114 240 3175 acta
262 3114 398 3193 peccata
421 3109 491 3193 ipse
514 3109 613 3174 Linus
636 3109 669 3174 id
693 3109 831 3173 ancillae
847 3108 1019 3191 persuasit,
1044 3113 1143 3189 atque
1166 3107 1285 3172 ancilla
1308 3114 1481 3192 propterea

165 3199 226 3263 sibi
249 3199 388 3263 illudens
418 3203 555 3282 peccata
585 3199 618 3262 in
649 3198 851 3262 confessione
876 3198 995 3262 tacuit:
1027 3197 1167 3262 habetur
1196 3197 1228 3260 in
1253 3218 1331 3261 casu
1356 3198 1427 3263 Lini
1451 3200 1478 3262 id

163 3287 288 3371 ipsum,
319 3289 404 3369 quod
429 3288 460 3353 S.
485 3287 741 3353 Paenitentiaria
771 3288 973 3369 approbante
997 3287 1028 3351 S.
1054 3286 1210 3350 Pontifice
1240 3307 1397 3368 expresse
1428 3289 1480 3352 de-

166 3378 305 3442 claravit
328 3399 391 3441 non
408 3376 565 3459 impedire
581 3375 958 3451 excommunicationem,
983 3375 1135 3439 videlicet
1158 3374 1318 3439 indirecta
1344 3375 1481 3442 babetur

166 3466 308 3531 inductio
332 3466 470 3530 ancillae
494 3466 535 3530 ad
559 3470 695 3548 peccata
718 3465 775 3529 illa
798 3465 928 3529 silentio
951 3465 1136 3547 premenda.

253 3555 296 3621 Et
326 3576 442 3619 revera
473 3556 590 3620 saltem
621 3576 685 3618 non
715 3554 748 3617 in
779 3553 926 3617 omnibus
957 3553 1101 3636 peccatis
1132 3552 1308 3617 cumhinc
1340 3555 1479 3637 patratis

168 3643 318 3707 ancillam
342 3644 427 3707 bona
450 3644 513 3707 fide
536 3643 750 3726 processisse,
785 3644 840 3707 sed
870 3664 942 3706 eam
973 3664 1045 3706 cum
1070 3642 1166 3706 dubio
1190 3642 1307 3707 saltem
1332 3644 1479 3708 mortalis

163 3733 289 3815 peccati
314 3733 419 3814 egisse
444 3754 482 3797 ac
507 3733 598 3815 proin
614 3731 761 3813 graviter
784 3752 937 3814 peccasse
953 3736 987 3797 et
1002 3731 1186 3795 formaliter
1201 3730 1393 3813 complicem
1410 3752 1478 3796 cum

163 3821 243 3885 Lino
267 3821 298 3884 in
323 3827 457 3904 peccato
481 3821 567 3904 turpi
593 3842 680 3885 esse:
706 3821 874 3886 moraliter
897 3824 1028 3885 constat
1051 3841 1092 3884 ex
1109 3819 1382 3900 subsequentibus
1406 3843 1479 3885 cou-

162 3910 367 3975 fessionibus
415 3912 619 3992 erapropter
642 3932 683 3974 ex
706 3911 767 3974 hoc
793 3911 899 3993 capite
924 3910 1022 3973 Linus
1046 3909 1250 3973 excusandus
1274 3931 1339 3974 non
1364 3915 1426 3975 est.

251 4017 289 4080 It.
316 4019 345 4081 2.
393 4016 425 4080 Si
449 4016 639 4097 respicimus
668 4016 756 4080 illam
791 4016 1026 4080 confessionem
1050 4015 1195 4096 generali
1220 4016 1314 4079 modo
1347 4016 1477 4087 factam,

163 4128 227 4188 qua
251 4107 370 4170 ancilla
394 4127 428 4168 se
459 4106 626 4170 accusavIt
658 4106 696 4168 de
725 4106 872 4168 omnibus
904 4105 1048 4187 peccatis
1079 4112 1194 4170 contra
1224 4110 1355 4169 sextum
1386 4128 1477 4188 prae·

163 4201 292 4279 ceptum
317 4194 512 4259 commissis:
544 4195 624 4258 haec
654 4194 819 4259 accusatio
845 4231 885 4238 —
910 4194 970 4257 nisi
996 4193 1146 4259 ancillam
1172 4198 1270 4258 antea
1295 4195 1360 4258 iam
1385 4195 1477 4259 alteri

163 4286 344 4349 confessam
369 4305 440 4348 esse
464 4284 562 4347 Linus
586 4288 702 4366 putare
726 4284 869 4366 potuerit
893 4320 935 4327 —
966 4284 1115 4346 sufficere
1140 4283 1267 4356 debuit,
1299 4289 1336 4348 ut
1361 4284 1476 4348 ancilla

163 4378 351 4438 censeretur
374 4374 444 4456 ipsa
467 4374 525 4437 illa
547 4377 683 4455 peccat-a
708 4394 780 4435 cum
804 4373 883 4436 Lino
908 4377 1041 4455 patrata
1070 4372 1216 4435 clavibus
1248 4373 1413 4447 subicere,
1446 4379 1476 4436 et

161 4463 261 4526 Linus
285 4465 325 4527 ab
350 4463 388 4526 iis
412 4469 585 4528 conaretur
609 4462 788 4526 absolvere.
837 4463 926 4537 Quod
951 4462 1032 4526 satis
1056 4465 1115 4537 cst,
1142 4465 1177 4525 ut
1201 4461 1301 4526 Linus
1325 4462 1477 4526 dicendus

162 4553 205 4616 sit
229 4553 401 4615 incurrisse
425 4552 790 4616 excommunicationem
814 4551 846 4614 in
872 4557 972 4617 coust.
998 4555 1105 4634 sipost.
1132 4552 1205 4616 Sed.
1230 4572 1293 4616 scr.
1319 4552 1350 4627 I,
1381 4575 1410 4616 11.
1439 4557 1474 4614 la

162 4641 273 4705 latam.
