3106 5168
174 302 238 366 546
666 300 705 353 De
724 299 831 368 legibus
850 298 996 354 Ecclesiae.

263 474 301 542 R..
331 477 360 539 2.
408 474 455 540 Ut
485 474 710 558 principaliter
741 480 878 557 agentes
911 475 944 540 vi
975 474 1058 557 legis
1090 475 1212 541 allatae
1244 496 1416 540 censuram
1449 475 1494 540 in-

174 567 308 628 currunt
337 564 530 628 nouaclum
563 564 595 646 1)
619 565 760 630 duellum
785 572 1075 651 inproperantes,
1107 565 1164 630 sed
1196 563 1230 646 2)
1254 585 1292 630 eo
1316 564 1388 648 ipso
1413 564 1494 647 quod

173 651 258 717 serio
282 651 324 717 ad
347 652 488 717 duellum
518 662 703 738 provocant,
735 658 911 735 antequam
935 657 1125 736 acceptetur
1148 653 1202 718 vel
1232 673 1325 718 arma
1349 654 1494 735 aliaeque

174 740 378 806 condiciones
401 741 601 808 constitutae
624 741 762 816 suarium
794 742 828 824 3)
851 741 888 820 ii,
917 742 972 825 qui
995 750 1157 828 acceptent
1180 740 1266 806 serie
1289 743 1495 825 provocatio·

174 851 257 905 nem,
282 851 320 895 eo
344 829 415 913 ipso
439 830 524 912 quod
548 831 803 914 acceptaverint.
838 831 954 913 Neque
978 830 1010 894 hi
1034 837 1210 915 propterea
1233 851 1253 895 a
1277 852 1418 897 censura
1440 853 1494 897 ex·

174 924 346 996 cusantur,
377 919 463 1000 quod
493 923 609 1002 postea
632 920 773 985 duellum
797 920 939 987 fortasse
967 941 1031 985 non
1054 924 1220 1002 sequatur.
1244 957 1290 967 —
1317 919 1384 984 Alii
1408 941 1494 997 vero,

173 1013 210 1074 ut
241 1007 435 1073 inductio
465 1012 644 1093 complices,
678 1030 849 1074 censuram
872 1009 1078 1075 incurrerunt
1101 1014 1170 1074 tum
1194 1009 1344 1087 demum,
1370 1011 1494 1091 quande

173 1098 316 1162 duellum
331 1116 368 1161 re
383 1117 464 1162 vera
479 1097 684 1162 commissum
702 1097 762 1175 sit;
786 1119 961 1164 acensura
976 1098 1136 1163 immunes
1159 1101 1245 1176 sunt,
1270 1099 1299 1162 si
1323 1102 1495 1181 utcumque

173 1185 316 1251 duellum
339 1185 543 1268 impediatur.
590 1186 638 1252 uf.
667 1188 724 1254 lb.
748 1209 789 1252 m.
813 1186 854 1265 ΙΙ,
880 1190 962 1262 949;
987 1187 1241 1265 Pennacchi‚
1269 1188 1440 1256 Commeat.
1462 1191 1494 1252 in

173 1277 292 1341 biellam·
315 1277 423 1359 Apoat.
448 1275 551 1341 Sedis.

261 1390 301 1454 R.
332 1391 362 1454 3.
420 1389 489 1471 ,Dc
518 1390 681 1455 *industria
710 1390 899 1475 spectantes“
933 1389 956 1453 ii
985 1393 1078 1468 suut,
1112 1390 1167 1472 qui
1196 1411 1239 1455 ex
1268 1389 1434 1457 industria
1462 1412 1494 1455 se

173 1479 215 1543 ad
247 1479 353 1543 locum
386 1477 555 1544 conflictus
587 1477 778 1555 conferunt,
814 1477 951 1544 consciis
983 1479 1222 1562 pugnantibus,
1256 1500 1321 1561 quo
1355 1479 1396 1544 iis
1428 1480 1493 1544 ani-

173 1589 245 1631 mus
278 1572 311 1633 et
344 1566 513 1632 conflictus
545 1567 698 1650 splendor
730 1568 889 1642 addatur:
928 1588 992 1631 non
1025 1566 1066 1643 ii,
1106 1567 1161 1649 qui
1192 1588 1270 1633 casu
1303 1568 1358 1632 vel
1392 1568 1494 1633 curio·

173 1656 282 1722 sitatis
312 1676 412 1721 causa
441 1655 619 1738 aspiciunt,
651 1677 723 1721 cum
753 1658 842 1721 nullo
872 1657 967 1721 modo
997 1657 1039 1721 ad
1071 1659 1249 1721 concitatum
1279 1658 1492 1741 pugnantium

173 1745 370 1828 pertineant.

265 1841 521 1923 ,Permittentes“
541 1844 593 1907 vel
613 1866 695 1924 ,non
715 1842 936 1927 probibentcs“
960 1842 982 1906 ii
1007 1848 1093 1920 sunt,
1119 1842 1173 1926 qui
1189 1842 1242 1907 vel
1262 1843 1491 1909 auctoritatem

173 1930 206 1996 in
237 1934 422 2014 pugnantes
451 1931 547 2013 potiti
578 1933 697 1998 debent
727 1931 899 2009 resistere,
932 1932 984 1997 vel
1016 1932 1070 2014 qui
1101 1932 1242 2015 positiva
1271 1933 1492 2015 permissione,

174 2041 205 2087 v.
230 2040 261 2101 g.
287 2018 495 2084 concessione
518 2019 580 2086 loci
603 2020 681 2103 apti,
707 2020 814 2085 duello
837 2021 983 2087 faveant.

95 2148 165 2202 1062
263 2135 302 2200 R.
327 2136 357 2203 4.
396 2133 533 2201 Praeter
555 2134 924 2200 excommunicationem
949 2155 992 2199 ex
1013 2134 1103 2199 bulla
1127 2137 1326 2220 Apostolicoc
1350 2137 1443 2201 Sedis
1464 2135 1492 2200 in

174 2224 288 2307 vigore
317 2223 547 2306 persistentem
578 2228 689 2290 exstat
719 2223 819 2289 etiarn
849 2244 892 2288 ex
924 2223 1031 2289 Trid.
1065 2244 1145 2289 sess.
1171 2225 1230 2300 25,
1254 2244 1282 2289 c.
1310 2226 1350 2289 19
1375 2226 1414 2289 de
1437 2226 1490 2307 ref.

170 2335 301 2400 poeno
325 2315 659 2398 irrepnloritntie
680 2313 713 2377 in
730 2312 912 2377 duellautes
936 2316 970 2378 et
992 2312 1149 2396 patrinos.
1190 2312 1350 2394 Reliquae
1373 2334 1492 2396 poenae

174 2401 301 2467 concilii
325 2401 412 2467 Trid.
444 2422 507 2466 non
532 2401 672 2484 amplius
700 2406 776 2468 sunt
803 2401 836 2466 in
861 2422 937 2478 usu3
968 2401 1027 2466 sed
1054 2422 1171 2484 perse
1195 2402 1383 2467 etiamnunc
1407 2402 1494 2486 viget

174 2490 240 2556 alia
264 2511 386 2574 poena,
418 2490 570 2557 videlicet
600 2491 772 2574 privantur
794 2490 909 2556 eccles.
933 2490 1103 2573 sepultura
1132 2493 1300 2555 moriones
1323 2495 1358 2556 in
1384 2492 1492 2571 duello,

175 2583 300 2713 etinmgr'
330 2587 403 2732 ont}
432 2579 548 2644 obitam
574 2581 720 2644 dederint
750 2582 843 2665 sipon
871 2582 1102 2666 paenitentiae:
1124 2579 1203 2644 Rit.
1230 2579 1335 2645 Rom.
1363 2580 1415 2647 tit.
1441 2581 1492 2657 Vl,

175 2691 245 2752 cap.
272 2712 301 2744 a,
326 2690 356 2733 n.
406 2720 412 2733 .

96 2814 165 2868 1063
263 2802 315 2866 An
339 2821 529 2876 onnasruuu
554 2803 591 2864 3¹²u
622 2800 660 2866 It.
689 2804 716 2866 1.
763 2801 901 2865 Dubium
927 2805 1081 2877 nonest,
1113 2801 1189 2882 quin
1220 2806 1254 2866 et
1278 2803 1443 2868 Antonius
1465 2807 1495 2867 et

175 2888 683 2955 Petrusexcommunicationem
707 2888 916 2968 incurrerint,
948 2890 1008 2955 etsi
1039 2894 1153 2972 postea
1176 2911 1287 2973 pugna
1311 2893 1494 2957 nullatenus

175 2981 227 3043 vel
251 2979 433 3044 simulando
463 2983 593 3043 tantum
624 2984 737 3043 secuta
763 2979 816 3044 sit,
863 2980 911 3043 Eo
935 2985 1063 3044 tantum
1088 3000 1165 3043 casu
1188 2979 1235 3042 illi
1259 2981 1313 3044 vel
1338 2981 1495 3046 alteruter

175 3090 285 3133 eorum
309 3067 460 3133 immunis
484 3071 587 3141 esset,
619 3068 645 3131 si
676 3069 882 3149 provocando
906 3068 959 3131 vel
984 3069 1184 3151 acceptando
1208 3068 1330 3132 serium
1354 3069 1494 3134 animum

175 3158 338 3221 duellandi
369 3179 433 3221 non
464 3157 647 3232 habuisset,
679 3157 736 3220 sed
767 3157 832 3221 iam
855 3162 923 3222 tum
949 3178 1058 3221 secum
1082 3157 1256 3222 statuisset
1286 3178 1432 3240 pugnam
1455 3160 1494 3223 si·

174 3246 327 3311 nrulandi.

264 3361 301 3425 n.
328 3363 357 3426 2.
405 3359 454 3436 Si,
487 3359 572 3440 quod
596 3359 787 3424 Bertramus
816 3359 850 3423 iu
874 3365 984 3425 mente
1014 3359 1144 3435 habuit,
1174 3380 1315 3425 revera
1346 3364 1494 3427 effectum

175 3455 241 3525 est,
269 3470 378 3525 neme,
407 3448 468 3512 nisi
493 3448 654 3513 Antonius
679 3453 712 3513 et
736 3448 853 3513 Petrus
876 3449 1051 3513 seeundum
1076 3449 1171 3513 modo
1195 3449 1299 3525 dicta,
1325 3472 1494 3516 censuram

176 3538 321 3604 incurrit.
362 3538 462 3601 lmmo
479 3538 669 3601 Bertramus
693 3557 735 3600 ex
759 3558 807 3615 eo,
832 3539 917 3618 quod
935 3559 1011 3602 vero
1032 3538 1138 3602 duello
1162 3538 1303 3603 noluerit
1326 3539 1494 3613 interesse,

176 3628 202 3691 si
227 3627 328 3704 forte,
360 3649 431 3691 cum
462 3630 613 3690 conatum
644 3626 839 3710 impediendi
864 3627 959 3691 duelli
991 3627 1184 3691 frustratum
1209 3627 1354 3705 videret,
1387 3631 1495 3694 eloco

176 3717 375 3791 recessisset,
401 3714 498 3781 etiam
524 3717 629 3780 duello
653 3721 766 3780 secuto
791 3736 960 3780 censuram
985 3738 1049 3780 uon
1072 3715 1272 3781 incurrisset.

265 3832 303 3896 a.
329 3834 358 3895 3.
402 3831 434 3895 Si
459 3831 599 3894 duellum
624 3852 659 3894 re
682 3830 754 3913 ipsa
777 3837 924 3895 secutum
948 3831 1000 3906 sit,
1025 3831 1145 3913 patrini
1170 3852 1309 3895 censura
1332 3836 1494 3907 tenentur,

177 3920 236 3985 nisi
263 3920 389 4002 egerint
412 3925 447 3984 ut
464 3920 654 3984 Bertramus
678 3920 710 3982 in
732 3920 953 4002 suppositione
970 3920 1129 4002 Responsi
1153 3920 1295 3985 secundi.
1337 3922 1496 3986 Videlicet

176 4012 238 4075 etsi
269 4009 468 4073 solummodo
493 4030 533 4071 ex
562 4009 712 4072 suasione
736 4009 897 4073 Bertrarni
929 4010 1037 4073 conati
1067 4009 1133 4073 sint
1157 4010 1298 4073 duellunr
1330 4010 1494 4093 impedire,

176 4100 203 4163 si
228 4107 336 4164 tamen
361 4103 435 4180 post
459 4102 610 4160 conatum
628 4100 829 4163 frustaneum
854 4120 987 4162 munere
1012 4099 1212 4180 patrinorum
1236 4100 1496 4164 renuntiaverint

176 4194 274 4269 atque
299 4211 315 4252 e
340 4188 410 4251 loco
435 4188 638 4262 recesserint,
665 4188 804 4251 duellum
830 4209 864 4250 re
888 4187 959 4270 ipsa
983 4193 1130 4251 secutum
1155 4209 1210 4251 eos
1235 4191 1493 4254 excommunica-

177 4278 264 4342 tione
289 4300 351 4340 nou
375 4276 530 4358 implicat.

99 4415 166 4466 1064
266 4393 303 4457 lt.
329 4395 358 4457 4.
412 4392 579 4473 Adolpbus
610 4395 698 4455 recte
727 4390 795 4471 egit
826 4412 981 4455 recusans
1010 4390 1209 4456 comitatum.
1257 4392 1344 4456 Nam
1372 4391 1493 4459 etiamsi

176 4480 208 4543 in
233 4481 339 4544 animo
364 4481 466 4543 solum
492 4478 658 4544 habuisset
682 4479 777 4543 citius
802 4501 894 4562 opern
920 4481 1015 4554 ferre,
1040 4480 1067 4542 si
1085 4481 1156 4560 quis
1173 4481 1367 4547 vulneratus
1391 4483 1493 4548 fuerit.

177 4591 218 4633 ex
254 4570 338 4635 decr.
375 4570 405 4634 S.
439 4569 586 4632 Officii
621 4569 650 4632 d.
682 4569 711 4632 d.
752 4571 792 4632 28
827 4569 903 4633 Maii
939 4571 1020 4633 1884
1055 4569 1384 4636 excommunicationi
1424 4573 1493 4636 sub-

177 4658 330 4721 iacnisset
355 4661 428 4740 post
452 4658 593 4721 duellum
617 4662 775 4722 secutum.
