<?xml version="1.0" encoding="UTF-8"?>
<!DOCTYPE html PUBLIC "-//W3C//DTD XHTML 1.0 Transitional//EN"
    "http://www.w3.org/TR/xhtml1/DTD/xhtml1-transitional.dtd">
<html xmlns="http://www.w3.org/1999/xhtml" xml:lang="en" lang="en">
 <head>
  <title>
</title>
<meta http-equiv="Content-Type" content="text/html;charset=utf-8" />
  <meta name='ocr-system' content='tesseract 3.04.00' />
  <meta name='ocr-capabilities' content='ocr_page ocr_carea ocr_par ocr_line ocrx_word'/>
</head>
<body>
  <div class='ocr_page' id='page_1' title='image "./casusconscienti01lehmgoog_0199.png"; bbox 0 0 3106 5168; ppageno 0'>
   <div class='ocr_carea' id='block_1_1' title="bbox 304 274 1381 349">
    <p class='ocr_par' dir='ltr' id='par_1_1' title="bbox 304 274 1381 349">
     <span class='ocr_line' id='line_1_1' title="bbox 304 274 1381 349; baseline 0.007 -18"><span class='ocrx_word' id='word_1_1' title='bbox 304 275 401 331; x_wconf 75' lang='lat' dir='ltr'><strong>Cultus</strong></span> <span class='ocrx_word' id='word_1_2' title='bbox 419 274 470 330; x_wconf 85' lang='lat' dir='ltr'><strong>Dei</strong></span> <span class='ocrx_word' id='word_1_3' title='bbox 488 275 626 347; x_wconf 86' lang='lat' dir='ltr'><strong>publicus:</strong></span> <span class='ocrx_word' id='word_1_4' title='bbox 646 276 732 330; x_wconf 83' lang='lat' dir='ltr'><strong>Missa</strong></span> <span class='ocrx_word' id='word_1_5' title='bbox 751 275 845 331; x_wconf 84' lang='lat' dir='ltr'><strong>diebus</strong></span> <span class='ocrx_word' id='word_1_6' title='bbox 864 277 973 333; x_wconf 82' lang='lat' dir='ltr'><strong>festivis</strong></span> <span class='ocrx_word' id='word_1_7' title='bbox 992 278 1135 334; x_wconf 83' lang='lat' dir='ltr'><strong>audienda.</strong></span> <span class='ocrx_word' id='word_1_8' title='bbox 1318 283 1381 349; x_wconf 87' lang='lat'><strong>183</strong></span> 
     </span>
    </p>
   </div>
   <div class='ocr_carea' id='block_1_2' title="bbox 56 453 1383 983">
    <p class='ocr_par' dir='ltr' id='par_1_2' title="bbox 56 453 1383 983">
     <span class='ocr_line' id='line_1_2' title="bbox 117 453 1382 536; baseline 0.002 -16"><span class='ocrx_word' id='word_1_9' title='bbox 117 456 271 536; x_wconf 79' lang='lat' dir='ltr'><strong>&#39;Quarta</strong></span> <span class='ocrx_word' id='word_1_10' title='bbox 300 453 385 520; x_wconf 91' lang='lat' dir='ltr'><strong>ratio</strong></span> <span class='ocrx_word' id='word_1_11' title='bbox 414 453 512 519; x_wconf 89' lang='lat' dir='ltr'><strong>timor</strong></span> <span class='ocrx_word' id='word_1_12' title='bbox 541 459 614 521; x_wconf 91' lang='lat' dir='ltr'><strong>erat</strong></span> <span class='ocrx_word' id='word_1_13' title='bbox 641 453 783 521; x_wconf 92' lang='lat' dir='ltr'><strong>insultus</strong></span> <span class='ocrx_word' id='word_1_14' title='bbox 812 453 979 520; x_wconf 88' lang='lat' dir='ltr'><strong>alasoivo</strong></span> <span class='ocrx_word' id='word_1_15' title='bbox 1003 455 1130 523; x_wconf 87' lang='lat' dir='ltr'><strong>iuvene.</strong></span> <span class='ocrx_word' id='word_1_16' title='bbox 1177 454 1210 522; x_wconf 82' lang='lat' dir='ltr'><strong>si</strong></span> <span class='ocrx_word' id='word_1_17' title='bbox 1242 475 1382 522; x_wconf 87' lang='lat' dir='ltr'><strong>revera</strong></span> 
     </span>
     <span class='ocr_line' id='line_1_3' title="bbox 56 542 1382 627; baseline 0.002 -19"><span class='ocrx_word' id='word_1_18' title='bbox 56 543 165 610; x_wconf 89' lang='lat' dir='ltr'><strong>Dalila</strong></span> <span class='ocrx_word' id='word_1_19' title='bbox 187 544 221 608; x_wconf 90' lang='lat' dir='ltr'><strong>iu</strong></span> <span class='ocrx_word' id='word_1_20' title='bbox 244 542 361 609; x_wconf 90' lang='lat' dir='ltr'><strong>itinere</strong></span> <span class='ocrx_word' id='word_1_21' title='bbox 376 542 517 610; x_wconf 92' lang='lat' dir='ltr'><strong>insultus</strong></span> <span class='ocrx_word' id='word_1_22' title='bbox 540 564 597 608; x_wconf 93' lang='lat' dir='ltr'><strong>seu</strong></span> <span class='ocrx_word' id='word_1_23' title='bbox 621 543 864 626; x_wconf 83' lang='lat' dir='ltr'><strong>aggressionem</strong></span> <span class='ocrx_word' id='word_1_24' title='bbox 888 542 922 608; x_wconf 93' lang='lat' dir='ltr'><strong>in</strong></span> <span class='ocrx_word' id='word_1_25' title='bbox 944 543 1133 626; x_wconf 81' lang='lat' dir='ltr'><strong>pudicitiam</strong></span> <span class='ocrx_word' id='word_1_26' title='bbox 1148 544 1253 624; x_wconf 90' lang='lat' dir='ltr'><strong>timet,</strong></span> <span class='ocrx_word' id='word_1_27' title='bbox 1277 566 1382 627; x_wconf 87' lang='lat' dir='ltr'><strong>neque</strong></span> 
     </span>
     <span class='ocr_line' id='line_1_4' title="bbox 56 630 1383 718; baseline 0.002 -20"><span class='ocrx_word' id='word_1_28' title='bbox 56 633 214 698; x_wconf 87' lang='lat' dir='ltr'><strong>comitatu</strong></span> <span class='ocrx_word' id='word_1_29' title='bbox 237 637 311 699; x_wconf 89' lang='lat' dir='ltr'><strong>tuto</strong></span> <span class='ocrx_word' id='word_1_30' title='bbox 335 654 374 698; x_wconf 90' lang='lat' dir='ltr'><strong>ea</strong></span> <span class='ocrx_word' id='word_1_31' title='bbox 397 638 507 715; x_wconf 86' lang='lat' dir='ltr'><strong>potest</strong></span> <span class='ocrx_word' id='word_1_32' title='bbox 530 653 742 716; x_wconf 87' lang='lat' dir='ltr'><strong>praecavere,</strong></span> <span class='ocrx_word' id='word_1_33' title='bbox 767 630 918 716; x_wconf 86' lang='lat' dir='ltr'><strong>propriae</strong></span> <span class='ocrx_word' id='word_1_34' title='bbox 941 632 1129 699; x_wconf 81' lang='lat' dir='ltr'><strong>securitatis</strong></span> <span class='ocrx_word' id='word_1_35' title='bbox 1152 654 1251 699; x_wconf 87' lang='lat' dir='ltr'><strong>causa</strong></span> <span class='ocrx_word' id='word_1_36' title='bbox 1273 635 1383 718; x_wconf 86' lang='lat' dir='ltr'><strong>potius</strong></span> 
     </span>
     <span class='ocr_line' id='line_1_5' title="bbox 56 721 1381 804; baseline 0.002 -17"><span class='ocrx_word' id='word_1_37' title='bbox 56 721 143 787; x_wconf 91' lang='lat' dir='ltr'><strong>domi</strong></span> <span class='ocrx_word' id='word_1_38' title='bbox 165 742 298 787; x_wconf 89' lang='lat' dir='ltr'><strong>manere</strong></span> <span class='ocrx_word' id='word_1_39' title='bbox 319 721 417 787; x_wconf 87' lang='lat' dir='ltr'><strong>debet</strong></span> <span class='ocrx_word' id='word_1_40' title='bbox 439 743 536 803; x_wconf 85' lang='lat' dir='ltr'><strong>quam</strong></span> <span class='ocrx_word' id='word_1_41' title='bbox 560 721 660 788; x_wconf 84' lang='lat' dir='ltr'><strong>exire.</strong></span> <span class='ocrx_word' id='word_1_42' title='bbox 701 721 734 787; x_wconf 88' lang='lat' dir='ltr'><strong>Si</strong></span> <span class='ocrx_word' id='word_1_43' title='bbox 757 725 869 787; x_wconf 86' lang='lat' dir='ltr'><strong>tamen</strong></span> <span class='ocrx_word' id='word_1_44' title='bbox 884 721 966 786; x_wconf 89' lang='lat' dir='ltr'><strong>haec</strong></span> <span class='ocrx_word' id='word_1_45' title='bbox 982 721 1171 804; x_wconf 86' lang='lat' dir='ltr'><strong>frequenter</strong></span> <span class='ocrx_word' id='word_1_46' title='bbox 1185 723 1381 800; x_wconf 89' lang='lat' dir='ltr'><strong>acciderent,</strong></span> 
     </span>
     <span class='ocr_line' id='line_1_6' title="bbox 56 809 1383 896; baseline 0.002 -20"><span class='ocrx_word' id='word_1_47' title='bbox 56 811 266 892; x_wconf 86' lang='lat' dir='ltr'><strong>cogitandum</strong></span> <span class='ocrx_word' id='word_1_48' title='bbox 290 811 402 892; x_wconf 88' lang='lat' dir='ltr'><strong>utique</strong></span> <span class='ocrx_word' id='word_1_49' title='bbox 426 815 522 888; x_wconf 87' lang='lat' dir='ltr'><strong>esset,</strong></span> <span class='ocrx_word' id='word_1_50' title='bbox 551 814 589 876; x_wconf 93' lang='lat' dir='ltr'><strong>ut</strong></span> <span class='ocrx_word' id='word_1_51' title='bbox 611 809 673 876; x_wconf 93' lang='lat' dir='ltr'><strong>hoc</strong></span> <span class='ocrx_word' id='word_1_52' title='bbox 695 809 962 894; x_wconf 88' lang='lat' dir='ltr'><strong>impedimentum</strong></span> <span class='ocrx_word' id='word_1_53' title='bbox 986 831 1045 894; x_wconf 91' lang='lat' dir='ltr'><strong>per</strong></span> <span class='ocrx_word' id='word_1_54' title='bbox 1067 812 1243 894; x_wconf 88' lang='lat' dir='ltr'><strong>parochum</strong></span> <span class='ocrx_word' id='word_1_55' title='bbox 1267 815 1302 878; x_wconf 91' lang='lat' dir='ltr'><strong>et</strong></span> <span class='ocrx_word' id='word_1_56' title='bbox 1324 834 1383 896; x_wconf 88' lang='lat' dir='ltr'><strong>per</strong></span> 
     </span>
     <span class='ocr_line' id='line_1_7' title="bbox 57 899 668 983; baseline 0.002 -19"><span class='ocrx_word' id='word_1_57' title='bbox 57 899 228 983; x_wconf 89' lang='lat' dir='ltr'><strong>policistas</strong></span> <span class='ocrx_word' id='word_1_58' title='bbox 251 899 463 964; x_wconf 88' lang='lat' dir='ltr'><strong>auferendum</strong></span> <span class='ocrx_word' id='word_1_59' title='bbox 488 904 668 965; x_wconf 86' lang='lat' dir='ltr'><strong>curaretur.</strong></span> 
     </span>
    </p>
   </div>
   <div class='ocr_carea' id='block_1_3' title="bbox 57 995 1383 1263">
    <p class='ocr_par' dir='ltr' id='par_1_3' title="bbox 57 995 1383 1263">
     <span class='ocr_line' id='line_1_8' title="bbox 146 995 1382 1083; baseline 0.002 -21"><span class='ocrx_word' id='word_1_60' title='bbox 146 998 284 1062; x_wconf 84' lang='lat' dir='ltr'><strong>Domum</strong></span> <span class='ocrx_word' id='word_1_61' title='bbox 308 1001 419 1083; x_wconf 77' lang='lat' dir='ltr'><strong>quinto</strong></span> <span class='ocrx_word' id='word_1_62' title='bbox 442 996 527 1063; x_wconf 89' lang='lat' dir='ltr'><strong>ratio</strong></span> <span class='ocrx_word' id='word_1_63' title='bbox 551 997 599 1062; x_wconf 88' lang='lat' dir='ltr'><strong>ita</strong></span> <span class='ocrx_word' id='word_1_64' title='bbox 622 995 811 1080; x_wconf 90' lang='lat' dir='ltr'><strong>accipienda</strong></span> <span class='ocrx_word' id='word_1_65' title='bbox 834 1000 901 1073; x_wconf 89' lang='lat' dir='ltr'><strong>est,</strong></span> <span class='ocrx_word' id='word_1_66' title='bbox 931 1001 970 1063; x_wconf 90' lang='lat' dir='ltr'><strong>ut</strong></span> <span class='ocrx_word' id='word_1_67' title='bbox 992 996 1102 1062; x_wconf 90' lang='lat' dir='ltr'><strong>Dalila</strong></span> <span class='ocrx_word' id='word_1_68' title='bbox 1126 995 1248 1076; x_wconf 88' lang='lat' dir='ltr'><strong>sciens,</strong></span> <span class='ocrx_word' id='word_1_69' title='bbox 1272 996 1382 1064; x_wconf 85' lang='lat' dir='ltr'><strong>deter-</strong></span> 
     </span>
     <span class='ocr_line' id='line_1_9' title="bbox 57 1084 1383 1169; baseline 0.002 -19"><span class='ocrx_word' id='word_1_70' title='bbox 57 1086 217 1152; x_wconf 88' lang='lat' dir='ltr'><strong>minatum</strong></span> <span class='ocrx_word' id='word_1_71' title='bbox 236 1085 396 1163; x_wconf 92' lang='lat' dir='ltr'><strong>iuvenem,</strong></span> <span class='ocrx_word' id='word_1_72' title='bbox 420 1084 522 1169; x_wconf 88' lang='lat' dir='ltr'><strong>ipsius</strong></span> <span class='ocrx_word' id='word_1_73' title='bbox 545 1106 656 1151; x_wconf 89' lang='lat' dir='ltr'><strong>amore</strong></span> <span class='ocrx_word' id='word_1_74' title='bbox 680 1089 822 1168; x_wconf 86' lang='lat' dir='ltr'><strong>captum,</strong></span> <span class='ocrx_word' id='word_1_75' title='bbox 846 1086 875 1150; x_wconf 90' lang='lat' dir='ltr'><strong>si</strong></span> <span class='ocrx_word' id='word_1_76' title='bbox 896 1085 969 1169; x_wconf 90' lang='lat' dir='ltr'><strong>ipsa</strong></span> <span class='ocrx_word' id='word_1_77' title='bbox 991 1106 1027 1151; x_wconf 92' lang='lat' dir='ltr'><strong>se</strong></span> <span class='ocrx_word' id='word_1_78' title='bbox 1051 1085 1200 1153; x_wconf 88' lang='lat' dir='ltr'><strong>conferat</strong></span> <span class='ocrx_word' id='word_1_79' title='bbox 1222 1086 1255 1151; x_wconf 94' lang='lat' dir='ltr'><strong>in</strong></span> <span class='ocrx_word' id='word_1_80' title='bbox 1279 1087 1383 1152; x_wconf 88' lang='lat' dir='ltr'><strong>eccle·</strong></span> 
     </span>
     <span class='ocr_line' id='line_1_10' title="bbox 58 1173 1383 1263; baseline 0 -23"><span class='ocrx_word' id='word_1_81' title='bbox 58 1175 150 1253; x_wconf 90' lang='lat' dir='ltr'><strong>siam,</strong></span> <span class='ocrx_word' id='word_1_82' title='bbox 167 1175 379 1242; x_wconf 87' lang='lat' dir='ltr'><strong>vehementer</strong></span> <span class='ocrx_word' id='word_1_83' title='bbox 394 1174 563 1240; x_wconf 89' lang='lat' dir='ltr'><strong>sollicitari</strong></span> <span class='ocrx_word' id='word_1_84' title='bbox 578 1173 690 1258; x_wconf 87' lang='lat' dir='ltr'><strong>pravis</strong></span> <span class='ocrx_word' id='word_1_85' title='bbox 706 1175 886 1252; x_wconf 87' lang='lat' dir='ltr'><strong>affectibus,</strong></span> <span class='ocrx_word' id='word_1_86' title='bbox 908 1179 1084 1259; x_wconf 88' lang='lat' dir='ltr'><strong>propterea</strong></span> <span class='ocrx_word' id='word_1_87' title='bbox 1102 1180 1192 1242; x_wconf 88' lang='lat' dir='ltr'><strong>recte</strong></span> <span class='ocrx_word' id='word_1_88' title='bbox 1208 1179 1383 1263; x_wconf 78' lang='lat' dir='ltr'><strong>aliquoties,</strong></span> 
     </span>
    </p>
   </div>
   <div class='ocr_carea' id='block_1_4' title="bbox 58 1262 1382 1436">
    <p class='ocr_par' dir='ltr' id='par_1_4' title="bbox 58 1262 1382 1436">
     <span class='ocr_line' id='line_1_11' title="bbox 58 1262 1382 1345; baseline 0.002 -16"><span class='ocrx_word' id='word_1_89' title='bbox 58 1286 122 1329; x_wconf 92' lang='lat' dir='ltr'><strong>non</strong></span> <span class='ocrx_word' id='word_1_90' title='bbox 146 1270 258 1330; x_wconf 89' lang='lat' dir='ltr'><strong>tamon</strong></span> <span class='ocrx_word' id='word_1_91' title='bbox 281 1263 501 1345; x_wconf 88' lang='lat' dir='ltr'><strong>frequentius,</strong></span> <span class='ocrx_word' id='word_1_92' title='bbox 532 1262 618 1329; x_wconf 91' lang='lat' dir='ltr'><strong>domi</strong></span> <span class='ocrx_word' id='word_1_93' title='bbox 647 1284 684 1329; x_wconf 88' lang='lat' dir='ltr'><strong>se</strong></span> <span class='ocrx_word' id='word_1_94' title='bbox 711 1263 893 1341; x_wconf 90' lang='lat' dir='ltr'><strong>contineat,</strong></span> <span class='ocrx_word' id='word_1_95' title='bbox 924 1263 1024 1330; x_wconf 88' lang='lat' dir='ltr'><strong>etiam</strong></span> <span class='ocrx_word' id='word_1_96' title='bbox 1047 1264 1149 1330; x_wconf 89' lang='lat' dir='ltr'><strong>Missa</strong></span> <span class='ocrx_word' id='word_1_97' title='bbox 1171 1285 1235 1329; x_wconf 92' lang='lat' dir='ltr'><strong>non</strong></span> <span class='ocrx_word' id='word_1_98' title='bbox 1260 1264 1382 1331; x_wconf 88' lang='lat' dir='ltr'><strong>audita.</strong></span> 
     </span>
     <span class='ocr_line' id='line_1_12' title="bbox 64 1352 1040 1436; baseline 0.003 -18"><span class='ocrx_word' id='word_1_99' title='bbox 64 1354 118 1419; x_wconf 81' lang='lat' dir='ltr'><strong>Tb.</strong></span> <span class='ocrx_word' id='word_1_100' title='bbox 143 1376 185 1419; x_wconf 88' lang='lat' dir='ltr'><strong>m.</strong></span> <span class='ocrx_word' id='word_1_101' title='bbox 210 1353 235 1428; x_wconf 91' lang='lat' dir='ltr'><strong>l,</strong></span> <span class='ocrx_word' id='word_1_102' title='bbox 260 1355 341 1428; x_wconf 84' lang='lat'>635;</span> <span class='ocrx_word' id='word_1_103' title='bbox 370 1353 540 1428; x_wconf 87' lang='lat' dir='ltr'><strong>Reuter,</strong></span> <span class='ocrx_word' id='word_1_104' title='bbox 570 1353 672 1420; x_wconf 83' lang='lat' dir='ltr'><strong>Theol.</strong></span> <span class='ocrx_word' id='word_1_105' title='bbox 696 1375 774 1419; x_wconf 85' lang='lat' dir='ltr'><strong>mor.</strong></span> <span class='ocrx_word' id='word_1_106' title='bbox 798 1374 829 1436; x_wconf 91' lang='lat' dir='ltr'><strong>p.</strong></span> <span class='ocrx_word' id='word_1_107' title='bbox 849 1352 891 1430; x_wconf 88' lang='grc' dir='ltr'><strong>ΙΙ,</strong></span> <span class='ocrx_word' id='word_1_108' title='bbox 915 1374 946 1419; x_wconf 94' lang='lat' dir='ltr'><strong>n.</strong></span> <span class='ocrx_word' id='word_1_109' title='bbox 967 1356 1040 1421; x_wconf 88' lang='grc'><strong>132.</strong></span> 
     </span>
    </p>
   </div>
   <div class='ocr_carea' id='block_1_5' title="bbox 59 1449 1445 2066">
    <p class='ocr_par' dir='ltr' id='par_1_5' title="bbox 59 1449 1445 2066">
     <span class='ocr_line' id='line_1_13' title="bbox 148 1449 1445 1533; baseline 0.002 -18"><span class='ocrx_word' id='word_1_110' title='bbox 148 1450 373 1516; x_wconf 84' lang='lat' dir='ltr'><strong>Confessarius</strong></span> <span class='ocrx_word' id='word_1_111' title='bbox 396 1449 498 1531; x_wconf 90' lang='lat' dir='ltr'><strong>igitur</strong></span> <span class='ocrx_word' id='word_1_112' title='bbox 520 1449 553 1514; x_wconf 94' lang='lat' dir='ltr'><strong>in</strong></span> <span class='ocrx_word' id='word_1_113' title='bbox 570 1449 698 1515; x_wconf 85' lang='lat' dir='ltr'><strong>casibus</strong></span> <span class='ocrx_word' id='word_1_114' title='bbox 718 1453 831 1515; x_wconf 87' lang='lat' dir='ltr'><strong>nostro</strong></span> <span class='ocrx_word' id='word_1_115' title='bbox 847 1449 1005 1515; x_wconf 88' lang='lat' dir='ltr'><strong>similibus</strong></span> <span class='ocrx_word' id='word_1_116' title='bbox 1028 1449 1208 1533; x_wconf 86' lang='lat' dir='ltr'><strong>paenitenti</strong></span> <span class='ocrx_word' id='word_1_117' title='bbox 1225 1450 1322 1526; x_wconf 89' lang='lat' dir='ltr'><strong>dicat,</strong></span> <span class='ocrx_word' id='word_1_118' title='bbox 1347 1455 1445 1518; x_wconf 77' lang='lat' dir='ltr'><strong>ut362</strong></span> 
     </span>
     <span class='ocr_line' id='line_1_14' title="bbox 59 1539 1382 1621; baseline -0.001 -17"><span class='ocrx_word' id='word_1_119' title='bbox 59 1540 192 1606; x_wconf 89' lang='lat' dir='ltr'><strong>studeat</strong></span> <span class='ocrx_word' id='word_1_120' title='bbox 208 1539 265 1605; x_wconf 83' lang='lat' dir='ltr'><strong>illa</strong></span> <span class='ocrx_word' id='word_1_121' title='bbox 281 1539 451 1604; x_wconf 78' lang='lat' dir='ltr'><strong>obstacula</strong></span> <span class='ocrx_word' id='word_1_122' title='bbox 466 1559 645 1614; x_wconf 86' lang='lat' dir='ltr'><strong>removere,</strong></span> <span class='ocrx_word' id='word_1_123' title='bbox 670 1539 839 1605; x_wconf 82' lang='lat' dir='ltr'><strong>ueletiam</strong></span> <span class='ocrx_word' id='word_1_124' title='bbox 863 1539 892 1604; x_wconf 93' lang='lat' dir='ltr'><strong>si</strong></span> <span class='ocrx_word' id='word_1_125' title='bbox 910 1539 1006 1604; x_wconf 91' lang='lat' dir='ltr'><strong>nimis</strong></span> <span class='ocrx_word' id='word_1_126' title='bbox 1021 1559 1124 1621; x_wconf 91' lang='lat' dir='ltr'><strong>grave</strong></span> <span class='ocrx_word' id='word_1_127' title='bbox 1142 1561 1206 1604; x_wconf 90' lang='lat' dir='ltr'><strong>non</strong></span> <span class='ocrx_word' id='word_1_128' title='bbox 1222 1540 1382 1615; x_wconf 87' lang='lat' dir='ltr'><strong>videatur,</strong></span> 
     </span>
     <span class='ocr_line' id='line_1_15' title="bbox 59 1626 1385 1712; baseline 0.001 -18"><span class='ocrx_word' id='word_1_129' title='bbox 59 1628 242 1712; x_wconf 89' lang='lat' dir='ltr'><strong>corporalia</strong></span> <span class='ocrx_word' id='word_1_130' title='bbox 271 1629 325 1693; x_wconf 91' lang='lat' dir='ltr'><strong>vel</strong></span> <span class='ocrx_word' id='word_1_131' title='bbox 354 1627 548 1711; x_wconf 87' lang='lat' dir='ltr'><strong>temporalia</strong></span> <span class='ocrx_word' id='word_1_132' title='bbox 578 1626 782 1693; x_wconf 90' lang='lat' dir='ltr'><strong>incommoda</strong></span> <span class='ocrx_word' id='word_1_133' title='bbox 812 1648 854 1693; x_wconf 85' lang='lat' dir='ltr'><strong>ex</strong></span> <span class='ocrx_word' id='word_1_134' title='bbox 877 1627 937 1693; x_wconf 90' lang='lat' dir='ltr'><strong>Dei</strong></span> <span class='ocrx_word' id='word_1_135' title='bbox 968 1649 1079 1695; x_wconf 88' lang='lat' dir='ltr'><strong>amore</strong></span> <span class='ocrx_word' id='word_1_136' title='bbox 1104 1627 1251 1705; x_wconf 82' lang='lat' dir='ltr'><strong>vincere3</strong></span> <span class='ocrx_word' id='word_1_137' title='bbox 1284 1628 1385 1695; x_wconf 90' lang='lat' dir='ltr'><strong>addat</strong></span> 
     </span>
     <span class='ocr_line' id='line_1_16' title="bbox 59 1715 1385 1801; baseline -0.001 -18"><span class='ocrx_word' id='word_1_138' title='bbox 59 1724 169 1784; x_wconf 85' lang='lat' dir='ltr'><strong>autem</strong></span> <span class='ocrx_word' id='word_1_139' title='bbox 194 1717 333 1794; x_wconf 89' lang='lat' dir='ltr'><strong>omnino,</strong></span> <span class='ocrx_word' id='word_1_140' title='bbox 357 1717 530 1799; x_wconf 89' lang='lat' dir='ltr'><strong>siquando</strong></span> <span class='ocrx_word' id='word_1_141' title='bbox 553 1717 610 1782; x_wconf 90' lang='lat' dir='ltr'><strong>illa</strong></span> <span class='ocrx_word' id='word_1_142' title='bbox 628 1715 832 1782; x_wconf 89' lang='lat' dir='ltr'><strong>incommoda</strong></span> <span class='ocrx_word' id='word_1_143' title='bbox 847 1717 972 1783; x_wconf 89' lang='lat' dir='ltr'><strong>maiora</strong></span> <span class='ocrx_word' id='word_1_144' title='bbox 988 1717 1161 1784; x_wconf 91' lang='lat' dir='ltr'><strong>videantur</strong></span> <span class='ocrx_word' id='word_1_145' title='bbox 1176 1718 1230 1782; x_wconf 89' lang='lat' dir='ltr'><strong>vel</strong></span> <span class='ocrx_word' id='word_1_146' title='bbox 1250 1716 1385 1801; x_wconf 87' lang='lat' dir='ltr'><strong>gravius</strong></span> 
     </span>
     <span class='ocr_line' id='line_1_17' title="bbox 60 1805 1385 1890; baseline -0.001 -18"><span class='ocrx_word' id='word_1_147' title='bbox 60 1807 224 1883; x_wconf 88' lang='lat' dir='ltr'><strong>ferantur,</strong></span> <span class='ocrx_word' id='word_1_148' title='bbox 248 1807 355 1890; x_wconf 87' lang='lat' dir='ltr'><strong>legem</strong></span> <span class='ocrx_word' id='word_1_149' title='bbox 378 1805 633 1871; x_wconf 88' lang='lat' dir='ltr'><strong>ecclesiasticam</strong></span> <span class='ocrx_word' id='word_1_150' title='bbox 657 1806 688 1870; x_wconf 93' lang='lat' dir='ltr'><strong>in</strong></span> <span class='ocrx_word' id='word_1_151' title='bbox 713 1805 850 1889; x_wconf 85' lang='lat' dir='ltr'><strong>siugulis</strong></span> <span class='ocrx_word' id='word_1_152' title='bbox 873 1806 1001 1871; x_wconf 88' lang='lat' dir='ltr'><strong>casibus</strong></span> <span class='ocrx_word' id='word_1_153' title='bbox 1024 1827 1089 1871; x_wconf 92' lang='lat' dir='ltr'><strong>non</strong></span> <span class='ocrx_word' id='word_1_154' title='bbox 1111 1827 1246 1888; x_wconf 85' lang='lat' dir='ltr'><strong>urgere;</strong></span> <span class='ocrx_word' id='word_1_155' title='bbox 1271 1806 1385 1889; x_wconf 90' lang='lat' dir='ltr'><strong>quodsi</strong></span> 
     </span>
     <span class='ocr_line' id='line_1_18' title="bbox 60 1895 1386 1976; baseline 0 -16"><span class='ocrx_word' id='word_1_156' title='bbox 60 1895 273 1962; x_wconf 84' lang='lat' dir='ltr'><strong>habitualitsr</strong></span> <span class='ocrx_word' id='word_1_157' title='bbox 302 1895 471 1961; x_wconf 87' lang='lat' dir='ltr'><strong>obstacula</strong></span> <span class='ocrx_word' id='word_1_158' title='bbox 501 1895 676 1960; x_wconf 90' lang='lat' dir='ltr'><strong>videantur</strong></span> <span class='ocrx_word' id='word_1_159' title='bbox 706 1895 840 1972; x_wconf 89' lang='lat' dir='ltr'><strong>adesse,</strong></span> <span class='ocrx_word' id='word_1_160' title='bbox 872 1895 1112 1960; x_wconf 88' lang='lat' dir='ltr'><strong>incommodum</strong></span> <span class='ocrx_word' id='word_1_161' title='bbox 1141 1916 1220 1961; x_wconf 86' lang='lat' dir='ltr'><strong>sane</strong></span> <span class='ocrx_word' id='word_1_162' title='bbox 1250 1895 1386 1976; x_wconf 83' lang='lat' dir='ltr'><strong>gravius</strong></span> 
     </span>
     <span class='ocr_line' id='line_1_19' title="bbox 60 1983 1339 2066; baseline 0.001 -17"><span class='ocrx_word' id='word_1_163' title='bbox 60 1986 179 2050; x_wconf 88' lang='lat' dir='ltr'><strong>debere</strong></span> <span class='ocrx_word' id='word_1_164' title='bbox 202 2005 283 2061; x_wconf 88' lang='lat' dir='ltr'><strong>esse,</strong></span> <span class='ocrx_word' id='word_1_165' title='bbox 308 2005 405 2066; x_wconf 87' lang='lat' dir='ltr'><strong>quam</strong></span> <span class='ocrx_word' id='word_1_166' title='bbox 428 1984 456 2048; x_wconf 90' lang='lat' dir='ltr'><strong>si</strong></span> <span class='ocrx_word' id='word_1_167' title='bbox 479 1988 599 2065; x_wconf 85' lang='lat' dir='ltr'><strong>agatur</strong></span> <span class='ocrx_word' id='word_1_168' title='bbox 615 1984 654 2048; x_wconf 90' lang='lat' dir='ltr'><strong>de</strong></span> <span class='ocrx_word' id='word_1_169' title='bbox 670 1983 772 2049; x_wconf 86' lang='lat' dir='ltr'><strong>Missa</strong></span> <span class='ocrx_word' id='word_1_170' title='bbox 794 2005 859 2049; x_wconf 91' lang='lat' dir='ltr'><strong>una</strong></span> <span class='ocrx_word' id='word_1_171' title='bbox 883 1984 1031 2051; x_wconf 86' lang='lat' dir='ltr'><strong>alterave</strong></span> <span class='ocrx_word' id='word_1_172' title='bbox 1055 1983 1126 2050; x_wconf 85' lang='lat' dir='ltr'><strong>vioe</strong></span> <span class='ocrx_word' id='word_1_173' title='bbox 1149 1984 1339 2052; x_wconf 91' lang='lat' dir='ltr'><strong>omittenda.</strong></span> 
     </span>
    </p>
   </div>
   <div class='ocr_carea' id='block_1_6' title="bbox 80 2226 1365 2310">
    <p class='ocr_par' dir='ltr' id='par_1_6' title="bbox 80 2226 1365 2310">
     <span class='ocr_line' id='line_1_20' title="bbox 80 2226 1365 2310; baseline 0.001 -16"><span class='ocrx_word' id='word_1_174' title='bbox 80 2231 110 2294; x_wconf 81' lang='lat' dir='ltr'>A</span> <span class='ocrx_word' id='word_1_175' title='bbox 133 2227 263 2294; x_wconf 83' lang='lat' dir='ltr'><strong>MISSA</strong></span> <span class='ocrx_word' id='word_1_176' title='bbox 286 2227 509 2294; x_wconf 84' lang='lat' dir='ltr'><strong>DOMINICIS</strong></span> <span class='ocrx_word' id='word_1_177' title='bbox 533 2227 589 2292; x_wconf 84' lang='grc' dir='ltr'><strong>ΕΤ</strong></span> <span class='ocrx_word' id='word_1_178' title='bbox 613 2226 760 2293; x_wconf 85' lang='lat' dir='ltr'>FESTIS</span> <span class='ocrx_word' id='word_1_179' title='bbox 784 2227 1003 2294; x_wconf 83' lang='lat' dir='ltr'>AUDIENDI</span> <span class='ocrx_word' id='word_1_180' title='bbox 1027 2227 1270 2295; x_wconf 81' lang='lat' dir='ltr'><strong>EXCUSATIO</strong></span> <span class='ocrx_word' id='word_1_181' title='bbox 1295 2227 1365 2310; x_wconf 87' lang='lat'><strong>(11).</strong></span> 
     </span>
    </p>
   </div>
   <div class='ocr_carea' id='block_1_7' title="bbox 625 2400 822 2475">
    <p class='ocr_par' dir='ltr' id='par_1_7' title="bbox 625 2400 822 2475">
     <span class='ocr_line' id='line_1_21' title="bbox 625 2400 822 2475; baseline -0.015 -10"><span class='ocrx_word' id='word_1_182' title='bbox 625 2400 736 2466; x_wconf 81' lang='lat' dir='ltr'><strong>Casus.</strong></span> <span class='ocrx_word' id='word_1_183' title='bbox 764 2406 822 2475; x_wconf 81' lang='lat'>(97)</span> 
     </span>
    </p>
   </div>
   <div class='ocr_carea' id='block_1_8' title="bbox 61 2557 1388 3437">
    <p class='ocr_par' dir='ltr' id='par_1_8' title="bbox 61 2557 1388 3437">
     <span class='ocr_line' id='line_1_22' title="bbox 151 2557 1386 2634; baseline 0.002 -18"><span class='ocrx_word' id='word_1_184' title='bbox 151 2557 318 2634; x_wconf 83' lang='lat' dir='ltr'><strong>Eutropius,</strong></span> <span class='ocrx_word' id='word_1_185' title='bbox 341 2563 503 2634; x_wconf 89' lang='lat' dir='ltr'><strong>occupatus</strong></span> <span class='ocrx_word' id='word_1_186' title='bbox 523 2557 554 2616; x_wconf 91' lang='lat' dir='ltr'><strong>in</strong></span> <span class='ocrx_word' id='word_1_187' title='bbox 568 2577 688 2617; x_wconf 90' lang='lat' dir='ltr'><strong>munere</strong></span> <span class='ocrx_word' id='word_1_188' title='bbox 709 2558 776 2618; x_wconf 84' lang='lat' dir='ltr'><strong>viae</strong></span> <span class='ocrx_word' id='word_1_189' title='bbox 791 2559 915 2628; x_wconf 88' lang='lat' dir='ltr'><strong>ferreae,</strong></span> <span class='ocrx_word' id='word_1_190' title='bbox 937 2577 990 2634; x_wconf 87' lang='lat' dir='ltr'><strong>per</strong></span> <span class='ocrx_word' id='word_1_191' title='bbox 1009 2563 1103 2618; x_wconf 87' lang='lat' dir='ltr'><strong>totum</strong></span> <span class='ocrx_word' id='word_1_192' title='bbox 1125 2579 1232 2618; x_wconf 90' lang='lat' dir='ltr'><strong>annum</strong></span> <span class='ocrx_word' id='word_1_193' title='bbox 1255 2559 1305 2618; x_wconf 82' lang='lat' dir='ltr'><strong>vix</strong></span> <span class='ocrx_word' id='word_1_194' title='bbox 1326 2579 1386 2619; x_wconf 90' lang='lat' dir='ltr'><strong>um·</strong></span> 
     </span>
     <span class='ocr_line' id='line_1_23' title="bbox 62 2638 1386 2715; baseline 0.002 -19"><span class='ocrx_word' id='word_1_195' title='bbox 62 2658 148 2714; x_wconf 89' lang='lat' dir='ltr'><strong>quam</strong></span> <span class='ocrx_word' id='word_1_196' title='bbox 170 2639 283 2696; x_wconf 87' lang='lat' dir='ltr'><strong>Missae</strong></span> <span class='ocrx_word' id='word_1_197' title='bbox 305 2639 447 2697; x_wconf 77' lang='lat' dir='ltr'><strong>assistere</strong></span> <span class='ocrx_word' id='word_1_198' title='bbox 468 2643 575 2714; x_wconf 89' lang='lat' dir='ltr'><strong>potest.</strong></span> <span class='ocrx_word' id='word_1_199' title='bbox 611 2639 744 2698; x_wconf 84' lang='lat' dir='ltr'><strong>Alternis</strong></span> <span class='ocrx_word' id='word_1_200' title='bbox 765 2639 881 2715; x_wconf 90' lang='lat' dir='ltr'><strong>quidem</strong></span> <span class='ocrx_word' id='word_1_201' title='bbox 903 2638 1057 2698; x_wconf 89' lang='lat' dir='ltr'><strong>dominicis</strong></span> <span class='ocrx_word' id='word_1_202' title='bbox 1078 2640 1153 2699; x_wconf 86' lang='lat' dir='ltr'><strong>liber</strong></span> <span class='ocrx_word' id='word_1_203' title='bbox 1174 2645 1229 2709; x_wconf 89' lang='lat' dir='ltr'><strong>est,</strong></span> <span class='ocrx_word' id='word_1_204' title='bbox 1252 2641 1386 2699; x_wconf 87' lang='lat' dir='ltr'><strong>sedtum</strong></span> 
     </span>
     <span class='ocr_line' id='line_1_24' title="bbox 62 2718 1387 2796; baseline 0.002 -20"><span class='ocrx_word' id='word_1_205' title='bbox 62 2738 186 2795; x_wconf 84' lang='lat' dir='ltr'><strong>vespere</strong></span> <span class='ocrx_word' id='word_1_206' title='bbox 208 2719 325 2778; x_wconf 89' lang='lat' dir='ltr'><strong>sabbati</strong></span> <span class='ocrx_word' id='word_1_207' title='bbox 346 2739 379 2778; x_wconf 92' lang='lat' dir='ltr'><strong>se</strong></span> <span class='ocrx_word' id='word_1_208' title='bbox 401 2718 516 2778; x_wconf 89' lang='lat' dir='ltr'><strong>domum</strong></span> <span class='ocrx_word' id='word_1_209' title='bbox 537 2719 651 2777; x_wconf 89' lang='lat' dir='ltr'><strong>confert</strong></span> <span class='ocrx_word' id='word_1_210' title='bbox 679 2719 709 2777; x_wconf 93' lang='lat' dir='ltr'><strong>in</strong></span> <span class='ocrx_word' id='word_1_211' title='bbox 737 2739 845 2796; x_wconf 88' lang='lat' dir='ltr'><strong>pagum</strong></span> <span class='ocrx_word' id='word_1_212' title='bbox 866 2721 951 2779; x_wconf 87' lang='lat' dir='ltr'><strong>leuca</strong></span> <span class='ocrx_word' id='word_1_213' title='bbox 973 2739 1039 2779; x_wconf 87' lang='lat' dir='ltr'><strong>cum</strong></span> <span class='ocrx_word' id='word_1_214' title='bbox 1060 2720 1180 2779; x_wconf 89' lang='lat' dir='ltr'><strong>dimidia</strong></span> <span class='ocrx_word' id='word_1_215' title='bbox 1202 2723 1239 2780; x_wconf 95' lang='lat' dir='ltr'><strong>ab</strong></span> <span class='ocrx_word' id='word_1_216' title='bbox 1260 2720 1387 2780; x_wconf 87' lang='lat' dir='ltr'><strong>ecclesia</strong></span> 
     </span>
     <span class='ocr_line' id='line_1_25' title="bbox 63 2799 1388 2877; baseline 0.002 -20"><span class='ocrx_word' id='word_1_217' title='bbox 63 2800 290 2870; x_wconf 73' lang='lat' dir='ltr'><strong>distantemue</strong></span> <span class='ocrx_word' id='word_1_218' title='bbox 311 2805 452 2875; x_wconf 88' lang='lat' dir='ltr'><strong>perpetuo</strong></span> <span class='ocrx_word' id='word_1_219' title='bbox 468 2799 695 2857; x_wconf 84' lang='lat' dir='ltr'><strong>conversatione</strong></span> <span class='ocrx_word' id='word_1_220' title='bbox 716 2818 782 2858; x_wconf 88' lang='lat' dir='ltr'><strong>cum</strong></span> <span class='ocrx_word' id='word_1_221' title='bbox 803 2800 916 2859; x_wconf 88' lang='lat' dir='ltr'><strong>familia</strong></span> <span class='ocrx_word' id='word_1_222' title='bbox 937 2820 992 2859; x_wconf 92' lang='lat' dir='ltr'><strong>sua</strong></span> <span class='ocrx_word' id='word_1_223' title='bbox 1006 2819 1108 2860; x_wconf 87' lang='lat' dir='ltr'><strong>carere</strong></span> <span class='ocrx_word' id='word_1_224' title='bbox 1124 2801 1244 2873; x_wconf 88' lang='lat' dir='ltr'><strong>debeat;</strong></span> <span class='ocrx_word' id='word_1_225' title='bbox 1266 2801 1388 2877; x_wconf 89' lang='lat' dir='ltr'><strong>insuper</strong></span> 
     </span>
     <span class='ocr_line' id='line_1_26' title="bbox 61 2878 1387 2951; baseline 0.002 -14"><span class='ocrx_word' id='word_1_226' title='bbox 61 2879 115 2939; x_wconf 84' lang='lat' dir='ltr'><strong>tali</strong></span> <span class='ocrx_word' id='word_1_227' title='bbox 137 2886 252 2938; x_wconf 85' lang='lat' dir='ltr'><strong>tantum</strong></span> <span class='ocrx_word' id='word_1_228' title='bbox 274 2879 359 2938; x_wconf 92' lang='lat' dir='ltr'><strong>modo</strong></span> <span class='ocrx_word' id='word_1_229' title='bbox 382 2899 456 2937; x_wconf 86' lang='lat' dir='ltr'><strong>uxor</strong></span> <span class='ocrx_word' id='word_1_230' title='bbox 478 2878 651 2936; x_wconf 87' lang='lat' dir='ltr'><strong>facultatem</strong></span> <span class='ocrx_word' id='word_1_231' title='bbox 674 2879 765 2941; x_wconf 89' lang='lat' dir='ltr'><strong>habet</strong></span> <span class='ocrx_word' id='word_1_232' title='bbox 785 2880 938 2939; x_wconf 85' lang='lat' dir='ltr'><strong>adeundae</strong></span> <span class='ocrx_word' id='word_1_233' title='bbox 960 2880 1120 2951; x_wconf 87' lang='lat' dir='ltr'><strong>ecclesiae,</strong></span> <span class='ocrx_word' id='word_1_234' title='bbox 1149 2900 1214 2941; x_wconf 90' lang='lat' dir='ltr'><strong>cum</strong></span> <span class='ocrx_word' id='word_1_235' title='bbox 1244 2882 1387 2940; x_wconf 86' lang='lat' dir='ltr'><strong>alteruter</strong></span> 
     </span>
     <span class='ocr_line' id='line_1_27' title="bbox 63 2959 1386 3029; baseline 0.001 -11"><span class='ocrx_word' id='word_1_236' title='bbox 63 2960 139 3019; x_wconf 89' lang='lat' dir='ltr'><strong>domi</strong></span> <span class='ocrx_word' id='word_1_237' title='bbox 158 2979 277 3018; x_wconf 88' lang='lat' dir='ltr'><strong>manere</strong></span> <span class='ocrx_word' id='word_1_238' title='bbox 292 2959 413 3029; x_wconf 77' lang='lat' dir='ltr'><strong>debeat,</strong></span> <span class='ocrx_word' id='word_1_239' title='bbox 436 2959 548 3016; x_wconf 88' lang='lat' dir='ltr'><strong>mavult</strong></span> <span class='ocrx_word' id='word_1_240' title='bbox 563 2963 660 3017; x_wconf 85' lang='lat' dir='ltr'><strong>autem</strong></span> <span class='ocrx_word' id='word_1_241' title='bbox 676 2959 761 3017; x_wconf 85' lang='lat' dir='ltr'><strong>uxori</strong></span> <span class='ocrx_word' id='word_1_242' title='bbox 783 2959 921 3018; x_wconf 90' lang='lat' dir='ltr'><strong>solatium</strong></span> <span class='ocrx_word' id='word_1_243' title='bbox 942 2960 1014 3019; x_wconf 93' lang='lat' dir='ltr'><strong>illud</strong></span> <span class='ocrx_word' id='word_1_244' title='bbox 1029 2961 1199 3021; x_wconf 85' lang='lat' dir='ltr'><strong>concedere.</strong></span> <span class='ocrx_word' id='word_1_245' title='bbox 1216 2995 1250 3004; x_wconf 77' lang='lat'><em>—</em></span> <span class='ocrx_word' id='word_1_246' title='bbox 1275 2961 1386 3020; x_wconf 87' lang='lat' dir='ltr'><strong>Diebus</strong></span> 
     </span>
     <span class='ocr_line' id='line_1_28' title="bbox 62 3038 1386 3116; baseline 0.002 -19"><span class='ocrx_word' id='word_1_247' title='bbox 62 3040 216 3099; x_wconf 88' lang='lat' dir='ltr'><strong>ferialibus</strong></span> <span class='ocrx_word' id='word_1_248' title='bbox 231 3040 387 3115; x_wconf 87' lang='lat' dir='ltr'><strong>aliquando</strong></span> <span class='ocrx_word' id='word_1_249' title='bbox 403 3038 557 3114; x_wconf 85' lang='lat' dir='ltr'><strong>contingit,</strong></span> <span class='ocrx_word' id='word_1_250' title='bbox 580 3045 613 3097; x_wconf 92' lang='lat' dir='ltr'><strong>ut</strong></span> <span class='ocrx_word' id='word_1_251' title='bbox 627 3039 792 3098; x_wconf 84' lang='lat' dir='ltr'><strong>consistere</strong></span> <span class='ocrx_word' id='word_1_252' title='bbox 807 3040 913 3098; x_wconf 83' lang='lat' dir='ltr'><strong>debeat</strong></span> <span class='ocrx_word' id='word_1_253' title='bbox 927 3040 976 3098; x_wconf 89' lang='lat' dir='ltr'><strong>diu</strong></span> <span class='ocrx_word' id='word_1_254' title='bbox 997 3040 1027 3098; x_wconf 93' lang='lat' dir='ltr'><strong>in</strong></span> <span class='ocrx_word' id='word_1_255' title='bbox 1043 3047 1124 3099; x_wconf 88' lang='lat' dir='ltr'><strong>certa</strong></span> <span class='ocrx_word' id='word_1_256' title='bbox 1143 3041 1242 3116; x_wconf 90' lang='lat' dir='ltr'><strong>aliqua</strong></span> <span class='ocrx_word' id='word_1_257' title='bbox 1258 3040 1386 3099; x_wconf 87' lang='lat' dir='ltr'><strong>statione</strong></span> 
     </span>
     <span class='ocr_line' id='line_1_29' title="bbox 63 3119 1386 3197; baseline 0.001 -19"><span class='ocrx_word' id='word_1_258' title='bbox 63 3121 119 3179; x_wconf 90' lang='lat' dir='ltr'><strong>sibi</strong></span> <span class='ocrx_word' id='word_1_259' title='bbox 141 3120 279 3190; x_wconf 66' lang='lat' dir='ltr'><strong>relictum</strong></span> <span class='ocrx_word' id='word_1_260' title='bbox 302 3120 353 3178; x_wconf 91' lang='lat' dir='ltr'><strong>sed</strong></span> <span class='ocrx_word' id='word_1_261' title='bbox 376 3139 441 3178; x_wconf 88' lang='lat' dir='ltr'><strong>cum</strong></span> <span class='ocrx_word' id='word_1_262' title='bbox 456 3120 584 3178; x_wconf 88' lang='lat' dir='ltr'><strong>ecclesia</strong></span> <span class='ocrx_word' id='word_1_263' title='bbox 599 3119 746 3178; x_wconf 87' lang='lat' dir='ltr'><strong>catholica</strong></span> <span class='ocrx_word' id='word_1_264' title='bbox 766 3139 825 3178; x_wconf 93' lang='lat' dir='ltr'><strong>non</strong></span> <span class='ocrx_word' id='word_1_265' title='bbox 841 3119 927 3188; x_wconf 86' lang='lat' dir='ltr'><strong>adsit,</strong></span> <span class='ocrx_word' id='word_1_266' title='bbox 949 3119 1036 3178; x_wconf 92' lang='lat' dir='ltr'><strong>debet</strong></span> <span class='ocrx_word' id='word_1_267' title='bbox 1056 3140 1109 3197; x_wconf 92' lang='lat' dir='ltr'><strong>pro</strong></span> <span class='ocrx_word' id='word_1_268' title='bbox 1131 3120 1221 3179; x_wconf 87' lang='lat' dir='ltr'><strong>Sacro</strong></span> <span class='ocrx_word' id='word_1_269' title='bbox 1241 3120 1386 3179; x_wconf 91' lang='lat' dir='ltr'><strong>audiendo</strong></span> 
     </span>
     <span class='ocr_line' id='line_1_30' title="bbox 63 3199 1386 3276; baseline 0.001 -18"><span class='ocrx_word' id='word_1_270' title='bbox 63 3200 210 3258; x_wconf 82' lang='lat' dir='ltr'><strong>adoliam</strong></span> <span class='ocrx_word' id='word_1_271' title='bbox 233 3200 390 3258; x_wconf 88' lang='lat' dir='ltr'><strong>stationem</strong></span> <span class='ocrx_word' id='word_1_272' title='bbox 412 3200 496 3271; x_wconf 89' lang='lat' dir='ltr'><strong>vehi,</strong></span> <span class='ocrx_word' id='word_1_273' title='bbox 525 3201 617 3274; x_wconf 90' lang='lat' dir='ltr'><strong>quod,</strong></span> <span class='ocrx_word' id='word_1_274' title='bbox 646 3218 711 3258; x_wconf 89' lang='lat' dir='ltr'><strong>cum</strong></span> <span class='ocrx_word' id='word_1_275' title='bbox 739 3200 801 3259; x_wconf 91' lang='lat' dir='ltr'><strong>suis</strong></span> <span class='ocrx_word' id='word_1_276' title='bbox 829 3199 970 3276; x_wconf 90' lang='lat' dir='ltr'><strong>impensis</strong></span> <span class='ocrx_word' id='word_1_277' title='bbox 992 3201 1091 3259; x_wconf 88' lang='lat' dir='ltr'><strong>facere</strong></span> <span class='ocrx_word' id='word_1_278' title='bbox 1115 3200 1172 3259; x_wconf 88' lang='lat' dir='ltr'><strong>sibi</strong></span> <span class='ocrx_word' id='word_1_279' title='bbox 1193 3200 1315 3275; x_wconf 75' lang='lat' dir='ltr'><strong>grarim</strong></span> <span class='ocrx_word' id='word_1_280' title='bbox 1337 3200 1386 3271; x_wconf 84' lang='lat' dir='ltr'><strong>sit,</strong></span> 
     </span>
     <span class='ocr_line' id='line_1_31' title="bbox 62 3279 1387 3355; baseline 0.002 -18"><span class='ocrx_word' id='word_1_281' title='bbox 62 3280 158 3355; x_wconf 87' lang='lat' dir='ltr'><strong>gratis</strong></span> <span class='ocrx_word' id='word_1_282' title='bbox 178 3282 278 3338; x_wconf 87' lang='lat' dir='ltr'><strong>facere</strong></span> <span class='ocrx_word' id='word_1_283' title='bbox 299 3300 357 3339; x_wconf 93' lang='lat' dir='ltr'><strong>non</strong></span> <span class='ocrx_word' id='word_1_284' title='bbox 380 3280 484 3350; x_wconf 87' lang='lat' dir='ltr'><strong>audet,</strong></span> <span class='ocrx_word' id='word_1_285' title='bbox 513 3280 658 3355; x_wconf 90' lang='lat' dir='ltr'><strong>quiahoc</strong></span> <span class='ocrx_word' id='word_1_286' title='bbox 679 3280 735 3338; x_wconf 85' lang='lat' dir='ltr'><strong>sibi</strong></span> <span class='ocrx_word' id='word_1_287' title='bbox 757 3299 816 3339; x_wconf 89' lang='lat' dir='ltr'><strong>non</strong></span> <span class='ocrx_word' id='word_1_288' title='bbox 837 3279 908 3339; x_wconf 86' lang='lat' dir='ltr'><strong>licet</strong></span> <span class='ocrx_word' id='word_1_289' title='bbox 927 3279 986 3339; x_wconf 89' lang='lat' dir='ltr'><strong>nisi</strong></span> <span class='ocrx_word' id='word_1_290' title='bbox 1014 3281 1044 3339; x_wconf 87' lang='lat' dir='ltr'><strong>in</strong></span> <span class='ocrx_word' id='word_1_291' title='bbox 1065 3282 1153 3340; x_wconf 86' lang='lat' dir='ltr'><strong>rebus</strong></span> <span class='ocrx_word' id='word_1_292' title='bbox 1174 3281 1212 3339; x_wconf 88' lang='lat' dir='ltr'><strong>ad</strong></span> <span class='ocrx_word' id='word_1_293' title='bbox 1233 3280 1387 3341; x_wconf 69' lang='lat' dir='ltr'><strong>serru&#39;tium</strong></span> 
     </span>
     <span class='ocr_line' id='line_1_32' title="bbox 63 3361 276 3437; baseline 0.014 -20"><span class='ocrx_word' id='word_1_294' title='bbox 63 3361 276 3437; x_wconf 87' lang='lat' dir='ltr'><strong>spectantibus.</strong></span> 
     </span>
    </p>
   </div>
   <div class='ocr_carea' id='block_1_9' title="bbox 63 3472 1387 3651">
    <p class='ocr_par' dir='ltr' id='par_1_9' title="bbox 63 3472 1387 3651">
     <span class='ocr_line' id='line_1_33' title="bbox 63 3472 1387 3553; baseline 0.001 -19"><span class='ocrx_word' id='word_1_295' title='bbox 63 3474 240 3544; x_wconf 77' lang='lat' dir='ltr'><strong>Qusnnrrun</strong></span> <span class='ocrx_word' id='word_1_296' title='bbox 262 3476 291 3533; x_wconf 79' lang='lat'><strong>1⁰</strong></span> <span class='ocrx_word' id='word_1_297' title='bbox 317 3473 394 3533; x_wconf 90' lang='lat' dir='ltr'><strong>sitne</strong></span> <span class='ocrx_word' id='word_1_298' title='bbox 409 3473 568 3550; x_wconf 85' lang='lat' dir='ltr'><strong>Eutropius</strong></span> <span class='ocrx_word' id='word_1_299' title='bbox 582 3478 742 3533; x_wconf 85' lang='lat' dir='ltr'><strong>excusatus</strong></span> <span class='ocrx_word' id='word_1_300' title='bbox 764 3476 801 3533; x_wconf 88' lang='lat' dir='ltr'><strong>ab</strong></span> <span class='ocrx_word' id='word_1_301' title='bbox 816 3472 962 3533; x_wconf 86' lang='lat' dir='ltr'><strong>audienda</strong></span> <span class='ocrx_word' id='word_1_302' title='bbox 976 3474 1070 3533; x_wconf 90' lang='lat' dir='ltr'><strong>Missa</strong></span> <span class='ocrx_word' id='word_1_303' title='bbox 1085 3473 1188 3534; x_wconf 91' lang='lat' dir='ltr'><strong>diebus</strong></span> <span class='ocrx_word' id='word_1_304' title='bbox 1209 3475 1387 3553; x_wconf 85' lang='lat' dir='ltr'><strong>praeceptis.</strong></span> 
     </span>
     <span class='ocr_line' id='line_1_34' title="bbox 261 3571 1232 3651; baseline 0.002 -21"><span class='ocrx_word' id='word_1_305' title='bbox 261 3574 292 3630; x_wconf 81' lang='lat'><strong>2⁰</strong></span> <span class='ocrx_word' id='word_1_306' title='bbox 318 3573 462 3630; x_wconf 86' lang='lat' dir='ltr'><strong>debeatne</strong></span> <span class='ocrx_word' id='word_1_307' title='bbox 484 3571 587 3630; x_wconf 91' lang='lat' dir='ltr'><strong>diebus</strong></span> <span class='ocrx_word' id='word_1_308' title='bbox 607 3571 760 3631; x_wconf 83' lang='lat' dir='ltr'><strong>ferialibus</strong></span> <span class='ocrx_word' id='word_1_309' title='bbox 782 3572 921 3632; x_wconf 90' lang='lat' dir='ltr'><strong>omissam</strong></span> <span class='ocrx_word' id='word_1_310' title='bbox 942 3573 1065 3632; x_wconf 85' lang='lat' dir='ltr'><strong>Missam</strong></span> <span class='ocrx_word' id='word_1_311' title='bbox 1086 3574 1232 3651; x_wconf 88' lang='lat' dir='ltr'><strong>supplere.</strong></span> 
     </span>
    </p>
   </div>
   <div class='ocr_carea' id='block_1_10' title="bbox 657 3762 793 3831">
    <p class='ocr_par' dir='ltr' id='par_1_10' title="bbox 657 3762 793 3831">
     <span class='ocr_line' id='line_1_35' title="bbox 657 3762 793 3831; baseline 0.015 -2"><span class='ocrx_word' id='word_1_312' title='bbox 657 3762 793 3831; x_wconf 83' lang='lat' dir='ltr'><strong>Salutio.</strong></span> 
     </span>
    </p>
   </div>
   <div class='ocr_carea' id='block_1_11' title="bbox 62 3919 1450 4702">
    <p class='ocr_par' dir='ltr' id='par_1_11' title="bbox 62 3919 1450 4702">
     <span class='ocr_line' id='line_1_36' title="bbox 153 3919 1450 4004; baseline 0.001 -17"><span class='ocrx_word' id='word_1_313' title='bbox 153 3922 206 3987; x_wconf 83' lang='lat' dir='ltr'><strong>Ao</strong></span> <span class='ocrx_word' id='word_1_314' title='bbox 233 3941 424 3996; x_wconf 76' lang='lat' dir='ltr'><strong>ouaasrruu</strong></span> <span class='ocrx_word' id='word_1_315' title='bbox 454 3923 491 3985; x_wconf 70' lang='lat'><strong>1¹⁰</strong></span> <span class='ocrx_word' id='word_1_316' title='bbox 520 3919 559 3986; x_wconf 82' lang='lat' dir='ltr'><strong>a.</strong></span> <span class='ocrx_word' id='word_1_317' title='bbox 586 3922 614 3986; x_wconf 90' lang='lat'><strong>1.</strong></span> <span class='ocrx_word' id='word_1_318' title='bbox 671 3920 799 3987; x_wconf 89' lang='lat' dir='ltr'><strong>Debent</strong></span> <span class='ocrx_word' id='word_1_319' title='bbox 833 3921 962 4004; x_wconf 89' lang='lat' dir='ltr'><strong>quidem</strong></span> <span class='ocrx_word' id='word_1_320' title='bbox 996 3922 1280 3988; x_wconf 86' lang='lat' dir='ltr'><strong>administratores</strong></span> <span class='ocrx_word' id='word_1_321' title='bbox 1314 3923 1388 3988; x_wconf 87' lang='lat' dir='ltr'><strong>viae</strong></span> <span class='ocrx_word' id='word_1_322' title='bbox 1398 3935 1450 3990; x_wconf 85' lang='lat'><strong>363</strong></span> 
     </span>
     <span class='ocr_line' id='line_1_37' title="bbox 62 4008 1387 4092; baseline 0 -15"><span class='ocrx_word' id='word_1_323' title='bbox 62 4013 192 4078; x_wconf 87' lang='lat' dir='ltr'><strong>ferreae</strong></span> <span class='ocrx_word' id='word_1_324' title='bbox 215 4031 338 4085; x_wconf 87' lang='lat' dir='ltr'><strong>curare,</strong></span> <span class='ocrx_word' id='word_1_325' title='bbox 364 4014 520 4091; x_wconf 90' lang='lat' dir='ltr'><strong>quantum</strong></span> <span class='ocrx_word' id='word_1_326' title='bbox 543 4008 697 4092; x_wconf 89' lang='lat' dir='ltr'><strong>possibile</strong></span> <span class='ocrx_word' id='word_1_327' title='bbox 721 4014 781 4087; x_wconf 91' lang='lat' dir='ltr'><strong>est,</strong></span> <span class='ocrx_word' id='word_1_328' title='bbox 806 4011 905 4076; x_wconf 91' lang='lat' dir='ltr'><strong>etiam</strong></span> <span class='ocrx_word' id='word_1_329' title='bbox 926 4015 1023 4077; x_wconf 88' lang='lat' dir='ltr'><strong>aucto</strong></span> <span class='ocrx_word' id='word_1_330' title='bbox 1044 4032 1178 4077; x_wconf 88' lang='lat' dir='ltr'><strong>numero</strong></span> <span class='ocrx_word' id='word_1_331' title='bbox 1200 4011 1387 4077; x_wconf 85' lang='lat' dir='ltr'><strong>officialium</strong></span> 
     </span>
     <span class='ocr_line' id='line_1_38' title="bbox 63 4098 1387 4183; baseline 0 -18"><span class='ocrx_word' id='word_1_332' title='bbox 63 4103 118 4166; x_wconf 91' lang='lat' dir='ltr'><strong>vel</strong></span> <span class='ocrx_word' id='word_1_333' title='bbox 140 4099 372 4175; x_wconf 90' lang='lat' dir='ltr'><strong>ministrorum,</strong></span> <span class='ocrx_word' id='word_1_334' title='bbox 397 4103 433 4164; x_wconf 89' lang='lat' dir='ltr'><strong>ut</strong></span> <span class='ocrx_word' id='word_1_335' title='bbox 457 4098 589 4164; x_wconf 87' lang='lat' dir='ltr'><strong>cuilibet</strong></span> <span class='ocrx_word' id='word_1_336' title='bbox 612 4099 809 4182; x_wconf 87' lang='lat' dir='ltr'><strong>praebeatur</strong></span> <span class='ocrx_word' id='word_1_337' title='bbox 832 4101 1058 4183; x_wconf 86' lang='lat' dir='ltr'><strong>opportunitas</strong></span> <span class='ocrx_word' id='word_1_338' title='bbox 1074 4101 1225 4167; x_wconf 89' lang='lat' dir='ltr'><strong>audiendi</strong></span> <span class='ocrx_word' id='word_1_339' title='bbox 1242 4102 1387 4178; x_wconf 88' lang='lat' dir='ltr'><strong>Sacrum,</strong></span> 
     </span>
     <span class='ocr_line' id='line_1_39' title="bbox 63 4187 1389 4274; baseline -0.001 -19"><span class='ocrx_word' id='word_1_340' title='bbox 63 4191 90 4255; x_wconf 92' lang='lat' dir='ltr'><strong>si</strong></span> <span class='ocrx_word' id='word_1_341' title='bbox 116 4189 209 4274; x_wconf 89' lang='lat' dir='ltr'><strong>plura</strong></span> <span class='ocrx_word' id='word_1_342' title='bbox 233 4189 334 4255; x_wconf 89' lang='lat' dir='ltr'><strong>Sacra</strong></span> <span class='ocrx_word' id='word_1_343' title='bbox 357 4188 389 4252; x_wconf 93' lang='lat' dir='ltr'><strong>in</strong></span> <span class='ocrx_word' id='word_1_344' title='bbox 413 4188 483 4253; x_wconf 90' lang='lat' dir='ltr'><strong>loco</strong></span> <span class='ocrx_word' id='word_1_345' title='bbox 508 4188 731 4264; x_wconf 75' lang='lat' dir='ltr'><strong>celebrantur,</strong></span> <span class='ocrx_word' id='word_1_346' title='bbox 759 4188 813 4253; x_wconf 92' lang='lat' dir='ltr'><strong>vel</strong></span> <span class='ocrx_word' id='word_1_347' title='bbox 836 4187 1029 4255; x_wconf 86' lang='lat' dir='ltr'><strong>facultatem</strong></span> <span class='ocrx_word' id='word_1_348' title='bbox 1052 4190 1130 4255; x_wconf 88' lang='lat' dir='ltr'><strong>dare</strong></span> <span class='ocrx_word' id='word_1_349' title='bbox 1152 4189 1326 4266; x_wconf 84' lang='lat' dir='ltr'><strong>ministris,</strong></span> <span class='ocrx_word' id='word_1_350' title='bbox 1351 4193 1389 4254; x_wconf 86' lang='lat' dir='ltr'><strong>ut</strong></span> 
     </span>
     <span class='ocr_line' id='line_1_40' title="bbox 63 4276 1387 4362; baseline -0.001 -19"><span class='ocrx_word' id='word_1_351' title='bbox 63 4300 122 4362; x_wconf 90' lang='lat' dir='ltr'><strong>pro</strong></span> <span class='ocrx_word' id='word_1_352' title='bbox 146 4278 239 4344; x_wconf 90' lang='lat' dir='ltr'><strong>brevi</strong></span> <span class='ocrx_word' id='word_1_353' title='bbox 262 4278 317 4343; x_wconf 91' lang='lat' dir='ltr'><strong>illo</strong></span> <span class='ocrx_word' id='word_1_354' title='bbox 341 4282 489 4361; x_wconf 88' lang='lat' dir='ltr'><strong>tempore</strong></span> <span class='ocrx_word' id='word_1_355' title='bbox 512 4276 653 4342; x_wconf 89' lang='lat' dir='ltr'><strong>vicarios</strong></span> <span class='ocrx_word' id='word_1_356' title='bbox 676 4277 737 4342; x_wconf 91' lang='lat' dir='ltr'><strong>sibi</strong></span> <span class='ocrx_word' id='word_1_357' title='bbox 760 4277 888 4360; x_wconf 91' lang='lat' dir='ltr'><strong>possint</strong></span> <span class='ocrx_word' id='word_1_358' title='bbox 910 4278 1118 4345; x_wconf 88' lang='lat' dir='ltr'><strong>constituere.</strong></span> <span class='ocrx_word' id='word_1_359' title='bbox 1142 4317 1187 4326; x_wconf 90' lang='lat'>—</span> <span class='ocrx_word' id='word_1_360' title='bbox 1219 4278 1254 4345; x_wconf 81' lang='lat' dir='ltr'><strong>Si</strong></span> <span class='ocrx_word' id='word_1_361' title='bbox 1277 4282 1387 4344; x_wconf 85' lang='lat' dir='ltr'><strong>autem</strong></span> 
     </span>
     <span class='ocr_line' id='line_1_41' title="bbox 63 4366 1387 4451; baseline -0.003 -17"><span class='ocrx_word' id='word_1_362' title='bbox 63 4389 106 4434; x_wconf 86' lang='lat' dir='ltr'><strong>ex</strong></span> <span class='ocrx_word' id='word_1_363' title='bbox 132 4368 194 4434; x_wconf 87' lang='lat' dir='ltr'><strong>hac</strong></span> <span class='ocrx_word' id='word_1_364' title='bbox 224 4372 319 4451; x_wconf 89' lang='lat' dir='ltr'><strong>parte</strong></span> <span class='ocrx_word' id='word_1_365' title='bbox 349 4367 489 4433; x_wconf 83' lang='lat' dir='ltr'><strong>officium</strong></span> <span class='ocrx_word' id='word_1_366' title='bbox 513 4367 708 4449; x_wconf 83' lang='lat' dir='ltr'><strong>neglegitur,</strong></span> <span class='ocrx_word' id='word_1_367' title='bbox 739 4366 896 4431; x_wconf 85' lang='lat' dir='ltr'><strong>officiales</strong></span> <span class='ocrx_word' id='word_1_368' title='bbox 925 4366 972 4431; x_wconf 93' lang='lat' dir='ltr'><strong>illi</strong></span> <span class='ocrx_word' id='word_1_369' title='bbox 1002 4370 1036 4432; x_wconf 88' lang='lat' dir='ltr'><strong>et</strong></span> <span class='ocrx_word' id='word_1_370' title='bbox 1064 4367 1204 4433; x_wconf 89' lang='lat' dir='ltr'><strong>ministri</strong></span> <span class='ocrx_word' id='word_1_371' title='bbox 1233 4366 1387 4449; x_wconf 85' lang='lat' dir='ltr'><strong>gregarii,</strong></span> 
     </span>
     <span class='ocr_line' id='line_1_42' title="bbox 64 4455 1387 4540; baseline -0.002 -18"><span class='ocrx_word' id='word_1_372' title='bbox 64 4479 137 4523; x_wconf 88' lang='lat' dir='ltr'><strong>cum</strong></span> <span class='ocrx_word' id='word_1_373' title='bbox 160 4457 218 4522; x_wconf 86' lang='lat' dir='ltr'><strong>vix</strong></span> <span class='ocrx_word' id='word_1_374' title='bbox 241 4457 369 4540; x_wconf 91' lang='lat' dir='ltr'><strong>possint</strong></span> <span class='ocrx_word' id='word_1_375' title='bbox 391 4457 468 4521; x_wconf 87' lang='lat' dir='ltr'><strong>alibi</strong></span> <span class='ocrx_word' id='word_1_376' title='bbox 491 4455 638 4522; x_wconf 87' lang='lat' dir='ltr'><strong>invenire</strong></span> <span class='ocrx_word' id='word_1_377' title='bbox 661 4455 745 4520; x_wconf 88' lang='lat' dir='ltr'><strong>unde</strong></span> <span class='ocrx_word' id='word_1_378' title='bbox 769 4476 804 4521; x_wconf 92' lang='lat' dir='ltr'><strong>se</strong></span> <span class='ocrx_word' id='word_1_379' title='bbox 827 4475 968 4537; x_wconf 88' lang='lat' dir='ltr'><strong>suosque</strong></span> <span class='ocrx_word' id='word_1_380' title='bbox 986 4460 1180 4534; x_wconf 89' lang='lat' dir='ltr'><strong>sustentent,</strong></span> <span class='ocrx_word' id='word_1_381' title='bbox 1206 4455 1387 4538; x_wconf 86' lang='lat' dir='ltr'><strong>generatim</strong></span> 
     </span>
     <span class='ocr_line' id='line_1_43' title="bbox 64 4544 1388 4628; baseline -0.002 -16"><span class='ocrx_word' id='word_1_382' title='bbox 64 4550 272 4623; x_wconf 85' lang='lat' dir='ltr'><strong>excusantur,</strong></span> <span class='ocrx_word' id='word_1_383' title='bbox 298 4545 426 4627; x_wconf 90' lang='lat' dir='ltr'><strong>quando</strong></span> <span class='ocrx_word' id='word_1_384' title='bbox 447 4544 627 4610; x_wconf 89' lang='lat' dir='ltr'><strong>ministerio</strong></span> <span class='ocrx_word' id='word_1_385' title='bbox 644 4565 702 4609; x_wconf 93' lang='lat' dir='ltr'><strong>suo</strong></span> <span class='ocrx_word' id='word_1_386' title='bbox 718 4544 945 4628; x_wconf 89' lang='lat' dir='ltr'><strong>impediuntur,</strong></span> <span class='ocrx_word' id='word_1_387' title='bbox 971 4565 1012 4609; x_wconf 94' lang='lat' dir='ltr'><strong>ne</strong></span> <span class='ocrx_word' id='word_1_388' title='bbox 1028 4545 1143 4626; x_wconf 68' lang='lat' dir='ltr'><strong>quasis</strong></span> <span class='ocrx_word' id='word_1_389' title='bbox 1160 4545 1211 4609; x_wconf 90' lang='lat' dir='ltr'><strong>die</strong></span> <span class='ocrx_word' id='word_1_390' title='bbox 1227 4544 1388 4610; x_wconf 86' lang='lat' dir='ltr'><strong>dominica</strong></span> 
     </span>
     <span class='ocr_line' id='line_1_44' title="bbox 64 4635 367 4702; baseline 0.003 -2"><span class='ocrx_word' id='word_1_391' title='bbox 64 4636 197 4702; x_wconf 85' lang='lat' dir='ltr'><strong>Missam</strong></span> <span class='ocrx_word' id='word_1_392' title='bbox 222 4635 367 4701; x_wconf 88' lang='lat' dir='ltr'><strong>audiant.</strong></span> 
     </span>
    </p>
   </div>
   <div class='ocr_carea' id='block_1_12' title="bbox 0 0 1568 5168">
    <p class='ocr_par' dir='ltr' id='par_1_12' title="bbox 0 0 1568 5168">
     <span class='ocr_line' id='line_1_45' title="bbox 0 0 1568 5168; baseline 0 0"><span class='ocrx_word' id='word_1_393' title='bbox 0 0 1568 5168; x_wconf 95' lang='lat' dir='ltr'><strong> </strong></span> 
     </span>
    </p>
   </div>
  </div>
 </body>
</html>
