3106 5168
303 291 457 346 Translatio
476 292 526 346 iur.
544 309 571 362 p.
590 295 753 346 contractus.
773 321 808 329 -
826 294 944 346 Persona
964 295 1130 348 contrahens.
1311 297 1373 361 401

145 468 199 532 An
216 489 406 544 aurasiensi
423 472 461 533 2¹³
485 469 523 534 lt.
544 471 571 534 1.
620 466 723 531 Guido
746 467 846 532 solvit
869 467 1070 550 horologium
1095 489 1136 533 ex
1159 468 1198 534 iis
1222 469 1376 552 pecuniis,
1387 481 1439 534 794

55 577 141 638 quae
165 557 206 622 ad
230 558 365 623 liberam
382 557 625 641 dispositionem
649 560 785 639 epatre
809 556 862 620 vel
885 577 923 621 ao
947 558 1170 623 consentiente
1195 564 1377 642 acceperat.

55 646 165 722 Quare
194 645 226 710 in
258 647 432 713 Germania
461 647 579 713 saltem
611 644 755 712 venditio
788 650 935 728 epatre
966 645 1121 711 (luidonis
1150 647 1289 712 rescindi
1320 669 1378 713 ne·

56 735 145 816 quit;
176 756 281 816 neque
311 736 354 800 ibi
379 735 483 801 Guido
513 736 546 800 in
576 755 654 800 casu
683 735 785 800 allato
815 737 982 800 laesionem
1012 735 1227 817 praetendere
1257 740 1377 821 potest,

56 845 130 887 cum
160 828 272 889 tantus
303 846 367 889 non
397 825 456 902 sit,
487 826 515 889 si
547 844 623 888 vere
653 827 720 902 est,
752 823 849 907 pretii
879 845 1043 890 excessus.
1069 861 1111 870 —
1140 825 1178 889 In
1202 825 1275 890 aliis
1298 826 1378 892 locis

58 912 161 977 videri
185 912 295 991 debet,
321 935 396 978 num
420 914 506 978 forte
530 913 723 978 admittatur
746 911 832 977 actio
856 917 970 978 contra
993 913 1150 978 artificem
1174 913 1207 978 in
1231 914 1377 980 favorem

58 1001 215 1066 Guidonis
239 1012 273 1066 et
296 1005 392 1067 laesi:
416 1024 498 1085 quae
522 1003 549 1066 si
574 1001 770 1078 conceditur,
795 1022 867 1066 eam
891 1001 990 1067 etiam
1014 1001 1047 1066 in
1065 1002 1137 1067 foro
1161 1003 1378 1070 conscientiae

56 1090 134 1155 licet
158 1090 329 1157 instruere.

150 1197 186 1262 R.
213 1199 242 1262 2.
289 1197 382 1262 Felix
406 1197 484 1261 emit
507 1217 571 1260 non
595 1217 654 1261 sua
677 1196 814 1279 pecunia
837 1195 895 1261 sed
918 1197 1038 1279 patris:
1070 1219 1170 1279 quare
1197 1198 1378 1281 praestatio

56 1287 149 1350 facta
180 1306 243 1350 non
274 1290 325 1352 est
356 1307 397 1350 ex
427 1286 482 1361 iis,
514 1286 553 1350 de
577 1286 692 1367 quibus
716 1285 769 1350 vel
799 1284 840 1349 ad
868 1285 952 1350 hunc
975 1287 1070 1350 finem
1094 1287 1148 1351 vel
1172 1287 1254 1353 alias
1277 1288 1379 1353 libere

57 1374 204 1457 potuerit
235 1374 415 1456 disponere.
471 1374 579 1450 Quare
611 1378 799 1440 contractus
831 1395 850 1439 a
882 1379 977 1457 patre
1008 1374 1125 1440 Felicis
1158 1397 1237 1441 sane
1269 1381 1379 1459 potest
1430 1399 1433 1406 ·

58 1463 215 1539 rescindi;
240 1484 344 1545 neque
360 1463 490 1528 videtur
506 1464 535 1527 ei
551 1463 683 1528 difficile
702 1484 773 1527 esse
793 1465 932 1547 probare
954 1463 1150 1546 emptionem
1167 1465 1289 1530 factam
1306 1485 1379 1530 esse

57 1575 78 1617 a
101 1552 168 1617 filio
191 1573 256 1616 non
279 1552 434 1634 legitime.

148 1659 186 1724 R.
205 1662 234 1725 3.
271 1658 362 1735 Quod
384 1679 469 1723 nunc
490 1656 611 1724 artifex
628 1662 782 1723 causatur
804 1658 980 1739 horologiis
1001 1659 1065 1724 iam
1082 1659 1235 1724 damnum
1250 1659 1378 1726 illatum

58 1769 132 1812 esse
149 1748 244 1831 culpa
260 1753 459 1831 emptorum:
483 1746 515 1810 id
539 1747 629 1810 illum
654 1747 766 1811 iuvare
783 1747 910 1828 quidem
934 1752 1044 1831 potest
1067 1753 1183 1813 contra
1200 1749 1379 1814 Guidonem

57 1837 193 1918 eiusque
216 1841 353 1919 patrem,
379 1858 441 1900 non
459 1857 536 1900 vero
561 1842 674 1900 contra
697 1841 824 1918 patrem
841 1836 975 1913 Felicis;
1000 1857 1114 1919 neque,
1139 1838 1167 1901 si
1184 1858 1298 1902 verum
1317 1844 1378 1916 est,

58 1947 79 1990 a
103 1925 211 1990 Felice
233 1925 480 1990 indemnitatem
503 1929 613 2008 potest
636 1926 789 2007 recipere.
836 1925 951 2007 Neque
974 1929 1090 2008 postea
1114 1926 1264 2004 Felicem,
1289 1931 1380 2009 post·

58 2036 156 2097 quam
181 2015 284 2079 maior
305 2014 413 2080 iactus
437 2014 545 2091 fuerit,
569 2018 648 2097 puto
672 2013 704 2077 in
724 2013 922 2079 conscientia
946 2014 987 2077 ad
1004 2014 1179 2096 quidquam
1201 2015 1316 2093 teneri,
1342 2036 1380 2080 eo

58 2104 145 2185 quod
170 2103 307 2187 supponi
330 2110 472 2185 nequeat
494 2123 629 2185 gravem
654 2103 695 2166 ab
720 2123 757 2166 eo
782 2103 908 2186 culpam
933 2123 1005 2166 esse
1029 2103 1243 2169 commissam.

149 2226 202 2292 Ao
218 2248 408 2304 nunesrruu
425 2231 463 2291 3²¹¹
487 2228 525 2292 R.
546 2231 574 2293 1.
613 2227 701 2303 Quae
724 2226 859 2292 iuvenes
882 2226 928 2290 illi
952 2227 1059 2292 soluta
1079 2226 1216 2310 pecunia
1232 2230 1381 2292 emerunt
1390 2238 1442 2319 705

58 2321 94 2382 et
118 2322 404 2400 consumpserunt,
437 2317 476 2380 de
505 2316 555 2380 his
580 2320 769 2381 contractus
798 2337 861 2381 non
892 2315 1101 2388 rescinditur;
1132 2315 1190 2380 sed
1214 2337 1317 2399 caupo
1341 2336 1380 2380 ea
1430 2329 1435 2340 ·

58 2405 129 2469 iure
152 2427 211 2469 suo
234 2406 371 2482 retinet,
403 2409 477 2470 utut
507 2405 592 2470 forte
621 2404 808 2488 peccaverit
837 2404 902 2469 illis
928 2404 1098 2470 iuvenibus
1122 2403 1323 2470 connivendo
1347 2406 1379 2469 iu

58 2495 258 2560 excessibus

149 2600 188 2666 lt.
207 2602 236 2666 2.
276 2600 364 2677 Quae
389 2621 466 2665 vero
489 2601 599 2665 debita
621 2600 712 2666 facta
735 2606 811 2666 sunt
835 2600 921 2683 apud
946 2621 1124 2684 cauponem
1148 2600 1218 2666 sive
1240 2599 1380 2669 bibendo

59 2689 130 2753 sive
160 2688 314 2771 pecunias
343 2689 375 2753 in
401 2694 548 2754 mutuum
571 2696 724 2773 acceptas
748 2689 971 2773 dilapidando:
1002 2690 1083 2755 haec
1113 2689 1196 2755 solvi
1219 2711 1239 2754 a
1262 2710 1381 2772 paren-

58 2778 147 2843 tibus
171 2784 260 2843 certe
283 2799 347 2842 non
369 2779 497 2855 debent,
522 2800 626 2861 neque
651 2800 692 2843 ex
715 2779 782 2843 suis
806 2779 899 2842 bonis
922 2800 1026 2861 neque
1050 2800 1092 2844 ex
1116 2779 1207 2843 bonis
1230 2778 1379 2855 filiorum,

59 2867 88 2932 si
112 2887 195 2948 quae
218 2867 350 2951 propria
373 2867 494 2933 habent
517 2868 576 2931 sub
601 2867 881 2933 administratione
905 2871 1085 2951 parentum.

149 2973 188 3038 R.
206 2976 236 3039 3.
277 2973 422 3055 Siquam
446 2974 615 3056 pecuniam
638 2973 671 3037 in
687 2976 834 3038 mutuum
852 2977 1020 3055 acceptam
1044 2973 1179 3038 iuvenes
1201 2971 1248 3036 illi
1265 2973 1380 3037 etiam·

59 3083 145 3126 nuuc
169 3062 327 3138 retinent,
360 3063 442 3127 hanc
473 3067 561 3136 carte
592 3063 727 3127 reddere
751 3062 871 3127 debent
894 3061 1047 3145 cauponi;
1077 3061 1175 3125 immo
1199 3060 1298 3127 etiam
1321 3083 1380 3143 pro

59 3151 213 3234 expensis
244 3153 362 3215 utiliter
389 3152 486 3233 sartis
516 3151 635 3216 debent
664 3152 809 3226 solvere,
840 3150 910 3214 sive
942 3157 1095 3233 parentes
1125 3149 1195 3213 sive
1218 3149 1275 3213 filii
1308 3150 1379 3233 ipsi,

58 3240 167 3321 idque,
192 3239 219 3304 si
242 3246 396 3324 parentes
421 3261 483 3304 non
508 3240 660 3316 fecerint,
687 3239 744 3303 filii
768 3239 867 3303 etiam
891 3242 1005 3322 postea
1028 3238 1168 3304 maiores
1191 3237 1281 3303 facti.
1328 3238 1381 3302 Ad

60 3350 142 3412 quas
166 3349 328 3412 expensas
353 3329 476 3394 utiliter
498 3328 606 3395 factas
630 3329 729 3394 ctiam
752 3328 924 3392 referenda
948 3349 986 3392 ea
1010 3348 1081 3392 esse
1104 3331 1200 3410 puto,
1232 3347 1315 3407 quae
1338 3328 1381 3393 ad

59 3421 221 3483 lwrrestcm
237 3418 473 3483 recreationem
488 3417 664 3482 secundum
682 3417 932 3498 uniuscuiusque
955 3420 1079 3482 statum
1103 3421 1136 3482 et
1160 3415 1381 3481 condicionem

58 3507 237 3591 pertinent.

151 3612 187 3679 R.
206 3616 236 3678 4.
276 3613 369 3677 Circa
393 3614 458 3678 alia
483 3634 560 3677 vero
577 3613 687 3678 debita
711 3611 881 3678 inhoneste
905 3614 1084 3687 contracta,
1109 3610 1142 3675 in
1159 3610 1274 3692 quibus
1290 3610 1381 3677 fraus

58 3702 112 3767 val
131 3702 224 3767 dolus
247 3723 267 3766 3
290 3701 461 3766 iuvenibus
478 3703 668 3766 commissus
691 3723 754 3765 non
779 3702 832 3774 sit,
858 3722 898 3764 ne
919 3704 1035 3783 postea
1051 3699 1190 3782 quidem,
1215 3721 1288 3765 cum
1311 3723 1382 3766 ma·

58 3792 145 3856 iores
161 3790 241 3856 facti
258 3791 388 3868 fuerint,
413 3791 547 3855 iuvenes
570 3791 617 3856 illi
641 3791 755 3856 stricte
776 3795 930 3857 tenentur
952 3811 995 3853 ex
1010 3789 1079 3854 iure
1096 3789 1259 3863 Roman03
1284 3811 1381 3871 quam

58 3880 303 3964 dispositionem
326 3879 443 3961 ubique
466 3879 499 3943 in
516 3880 713 3946 conscientia
730 3879 841 3944 valere
859 3900 955 3962 posse
971 3883 1060 3962 puto,
1084 3878 1145 3942 nisi
1169 3879 1224 3943 lex
1239 3879 1382 3959 regionis

58 3973 146 4035 clare
169 3968 414 4035 contradixerit.
461 3970 507 4034 Cf.
538 3970 593 4035 Te.
617 3993 657 4034 aa
683 3969 707 4047 I,
734 3972 836 4044 1055;
861 3968 971 4032 Marc
994 3967 1015 4032 1,
1040 3989 1067 4033 c.
1093 3989 1122 4032 n.
1150 3969 1245 4034 1040.

252 4195 535 4261 CONTRACTUS
559 4196 617 4258 AB
640 4194 792 4262 UXORE
817 4195 941 4260 FACTI
965 4194 1189 4260 RESCISSIO.

615 4353 725 4418 Casus.
753 4361 829 4428 (245)

149 4491 301 4552 Celerinus
316 4512 408 4566 agens
424 4513 488 4551 cum
504 4495 592 4550 Anna
607 4511 699 4550 uxore
715 4492 868 4561 Bernardi,
890 4511 976 4566 quam
992 4493 1116 4567 putabat
1134 4491 1243 4547 habere
1257 4489 1380 4547 liberam

57 4592 156 4633 rerum
172 4592 289 4632 suarum
306 4573 598 4642 administrationem,
622 4573 647 4630 ei
663 4572 793 4629 vendidit
808 4572 916 4630 villam.
953 4571 1016 4639 Qua
1037 4570 1227 4646 stipulatione
1249 4574 1379 4644 peracta,

57 4655 102 4714 illi
123 4655 287 4714 offeruntur
315 4673 368 4730 pro
390 4653 490 4711 eadem
512 4654 584 4711 villa
608 4653 683 4710 1000
704 4671 759 4710 mc.
781 4652 922 4727 amplius;
951 4670 1037 4726 quam
1059 4651 1239 4708 oblationem
1261 4648 1381 4708 dimittit

112 4757 280 4806 Lehmkuhl‚
294 4757 367 4798 Casus
381 4757 539 4799 conscientiae.
567 4757 584 4797 1.
1135 4748 1168 4799 ‘26
