3106 5168
61 287 212 343 lurislaesi
221 288 357 359 reparatio
368 317 400 326 -
415 305 449 342 ex
459 287 565 342 actione
575 288 767 343 damnificanto
776 306 837 344 com
847 291 926 358 culpo
935 290 1078 359 theologica
1088 299 1136 343 aut
1145 291 1273 344 iuos‘dico.
1323 293 1387 358 335

60 463 291 546 qualicumque
314 463 533 546 invigilantia,
558 465 710 530 damnum
735 464 942 530 nihilominus
965 469 1118 532 exortum
1140 471 1244 545 essct;
1272 487 1388 532 secun·

61 554 139 618 dum
155 553 189 620 C.
206 552 310 620 Gall.
328 574 357 619 a.
377 555 462 620 1384
485 555 541 620 ille
564 554 619 636 qui
642 553 780 620 alterius
803 574 914 619 curam
938 554 1048 632 habet,
1073 555 1171 622 debet
1193 557 1333 640 probare
1356 578 1388 623 oe

61 664 125 708 non
148 646 288 728 miricae
309 642 433 709 factum
458 643 736 709 damnificativum
758 643 924 727 impedire.

151 756 190 823 R.
221 760 253 824 4.
300 757 389 835 Quae
420 758 549 840 quidem
579 757 689 824 damni
719 757 893 842 reparandi
923 757 1079 841 obligatio
1108 758 1258 843 perfecta
1286 760 1326 826 fit
1354 759 1388 824 in

59 845 261 912 conscientia
284 850 360 930 post
383 847 581 913 sententiam
603 846 734 924 iudicis;
759 851 858 914 antea
882 851 989 912 utrum
1014 847 1102 914 adsit
1123 868 1242 925 necne,
1267 849 1389 932 pendet

60 935 103 1001 ab
128 955 183 1011 eo,
215 940 325 1002 utrum
348 935 492 1002 adfuerit
515 937 612 1020 culpa
640 937 753 1020 gravis
782 936 969 1019 theologica
992 941 1107 1003 contra
1137 937 1313 1017 iustitiam,
1345 959 1387 1002 an

60 1025 158 1109 culpa
183 1026 326 1090 iuridico
348 1033 482 1092 tantum.

150 1147 204 1212 An
227 1168 418 1224 ousasrruu
442 1151 482 1214 2²¹¹
504 1149 543 1215 R.
563 1152 591 1215 1.
627 1148 880 1214 Adulescentem
905 1151 947 1214 20
967 1168 1127 1213 annorum
1150 1170 1245 1214 nemo
1267 1148 1388 1216 dixerit
1397 1164 1447 1218 ool

58 1235 163 1301 subici
180 1237 298 1303 debere
315 1238 488 1304 continuae
511 1242 683 1322 parentum
707 1237 934 1320 invigilantiae
955 1237 1088 1316 actuali,
1111 1237 1197 1304 sicut
1219 1238 1387 1304 subiacere

63 1325 162 1392 debet
192 1326 301 1392 infans
330 1348 391 1392 usu
421 1327 558 1393 rationis
588 1348 713 1394 carens.
760 1325 908 1393 Pertinet
936 1329 1049 1392 tamen
1076 1326 1118 1392 ad
1148 1326 1387 1410 invigilantium

59 1414 222 1493 debitam,
253 1422 291 1482 ut
319 1421 474 1500 parentes
504 1416 533 1480 si
556 1416 698 1481 viderint
720 1415 821 1480 filiurn
844 1415 1087 1482 adulescentem
1111 1415 1263 1482 meditari
1289 1417 1386 1495 mala,

59 1504 143 1569 haec
167 1505 197 1570 ei
220 1504 415 1589 prohibeant
438 1525 585 1588 eumque,
610 1508 767 1587 quantum
791 1503 905 1588 possit,
930 1524 950 1569 a
973 1504 1059 1569 malo
1084 1509 1229 1571 arceant.

151 1618 190 1684 R.
207 1620 237 1684 2.
276 1616 395 1682 Inutile
412 1616 515 1682 viden'
538 1617 661 1701 poterit
679 1616 776 1682 alicui
793 1637 960 1698 quaerere,
984 1620 1094 1682 utrum
1117 1621 1214 1701 pater
1237 1639 1279 1684 an
1302 1619 1388 1684 filius

59 1707 236 1772 restituere
256 1707 384 1783 debeat,
408 1706 441 1771 in
466 1728 503 1771 eo
527 1706 645 1772 saltem
669 1727 757 1783 casu,
782 1727 856 1787 quo,
880 1705 973 1771 utin
996 1710 1120 1783 nostro,
1145 1707 1230 1772 filius
1251 1711 1388 1793 proprio

59 1797 162 1873 bona,
194 1796 375 1878 exquibus
399 1796 575 1862 rest'tuere
597 1794 718 1879 possit,
748 1816 813 1859 non
837 1795 952 1874 habet,
983 1795 1041 1861 sed
1068 1797 1172 1861 solum
1196 1817 1237 1862 ea
1260 1817 1343 1880 quae
1366 1819 1388 1863 a

59 1889 156 1968 patre
180 1905 215 1949 se
238 1889 448 1968 accepturum
471 1889 593 1968 sperat.
626 1883 844 1950 Nihilominus
867 1888 995 1968 patrem
1017 1889 1051 1950 et
1074 1885 1175 1951 filium
1191 1884 1385 1964 discernere,

59 1995 125 2038 non
149 1977 201 2039 est
222 1972 347 2039 inutile.
395 1973 482 2039 Nam
512 1973 540 2038 si
568 1973 655 2058 patri
686 1993 803 2057 perse
827 1972 983 2056 obligatio
1007 1974 1181 2057 reparandi
1204 1975 1314 2040 damni
1336 1976 1387 2041 in-

60 2061 197 2138 cumbit,
221 2060 374 2145 ipse‘sibi
398 2063 564 2147 imponere
588 2063 685 2128 debet
708 2082 926 2146 expensarum
948 2062 1216 2140 moderationem,
1241 2085 1305 2147 quo
1328 2066 1387 2131 ha·

60 2153 139 2216 bere
162 2151 267 2234 possit
289 2156 326 2216 ut
348 2157 454 2218 totam
477 2173 637 2218 summam
661 2152 787 2228 solvat3
818 2150 846 2215 si
869 2151 955 2216 filius
978 2151 1159 2234 obligatur,
1187 2157 1283 2236 pater
1306 2153 1386 2219 illud

59 2240 299 2306 incommodum
315 2240 402 2306 ferre
426 2262 490 2306 non
513 2246 655 2319 tenetur,
680 2240 737 2305 sed
761 2262 922 2305 summurn
939 2262 978 2306 ea
993 2261 1070 2324 pars
1093 2242 1251 2308 bonorum
1274 2247 1386 2326 pater-

59 2351 176 2394 norum
200 2329 241 2395 ad
264 2331 483 2413 reparandum
499 2330 651 2396 damnum
666 2327 810 2413 impendi
825 2328 932 2406 debet,
957 2351 1041 2412 quae
1057 2331 1237 2397 constituat
1256 2337 1384 2416 partem

59 2418 254 2484 hereditatis
277 2440 336 2502 pro
352 2419 418 2484 filio
437 2418 628 2502 legitimam,
652 2439 757 2501 neque
774 2418 857 2483 hacc
873 2418 1002 2500 quidem
1024 2440 1102 2502 pars
1118 2420 1252 2486 vivente
1275 2425 1384 2505 patre;

59 2529 135 2574 narn
166 2512 239 2574 tota
269 2507 425 2590 obligatio
455 2508 618 2573 curandae
648 2507 867 2591 reparationis
897 2507 1006 2573 damni
1035 2507 1101 2574 filio
1131 2508 1299 2589 inhaeret,
1330 2510 1387 2592 qui

58 2598 171 2663 labore
194 2619 253 2662 suo
277 2597 399 2675 videat,
423 2597 499 2680 quid
523 2596 627 2681 possit
650 2597 813 2679 colligere.

149 2703 188 2769 R.
206 2705 236 2769 3.
276 2704 340 2769 Sed
363 2703 395 2768 in
419 2707 532 2769 nostro
557 2724 636 2768 casu
659 2703 779 2770 solutio
803 2703 912 2769 danda
934 2724 998 2767 non
1022 2707 1074 2768 est
1096 2703 1274 2769 secundum
1298 2715 1447 2770 com-662

57 2813 174 2856 munes
204 2793 336 2875 regulas
366 2792 541 2876 reparandi
565 2792 674 2857 damni
701 2813 721 2858 a
743 2791 818 2857 filiis
845 2792 1024 2857 minoribus
1053 2791 1146 2858 illati.
1194 2792 1386 2877 Repetenda

58 2880 144 2946 enim
175 2885 228 2947 est
255 2881 413 2965 imprimis
444 2903 487 2947 ex
516 2885 687 2947 contractu
717 2881 988 2959 assecurationis,
1019 2880 1074 2964 qui
1101 2883 1316 2947 communiter
1339 2882 1386 2947 sic

59 2970 251 3053 concipitur,
276 2977 313 3037 ut
336 2970 476 3037 societas
492 2970 745 3036 assecurationis
761 2991 880 3036 cavere
896 2970 1024 3053 quidem
1041 2970 1161 3036 debeat
1182 2992 1241 3054 pro
1258 2971 1386 3036 damnis

58 3063 270 3125 assecuratae
293 3060 340 3124 rei
363 3059 475 3137 illatis,
500 3060 647 3143 exceptis
669 3058 710 3124 iis
733 3059 870 3135 domnia,
895 3080 978 3141 quae
1003 3063 1076 3125 orta
1098 3059 1200 3124 fuerit
1223 3079 1265 3123 ex
1289 3060 1386 3143 culpa

59 3149 113 3212 vel
138 3149 328 3225 assecurati‚
353 3151 405 3213 vel
429 3149 498 3214 eius
522 3149 643 3226 uxoris,
668 3149 721 3214 vel
745 3148 814 3213 eius
837 3148 986 3214 filiorum.
1023 3147 1229 3232 Quapropter
1252 3148 1284 3212 vi
1308 3169 1385 3213 con·

57 3240 186 3302 tractus
216 3243 311 3321 pater
333 3237 446 3303 Aiacis
476 3238 660 3305 excluditur
683 3238 724 3302 ab
748 3237 834 3302 omni
864 3238 934 3302 iure
957 3237 1133 3320 recipiendi
1162 3237 1302 3320 pretium
1327 3237 1385 3302 do·

58 3327 231 3392 munculae
261 3326 429 3405 incensae,
464 3327 592 3408 quando
623 3327 828 3404 constiterit,
862 3327 996 3392 Aiacem
1026 3346 1062 3391 re
1092 3347 1173 3392 vera
1200 3325 1384 3392 incendium

59 3415 242 3492 excitasse;
267 3415 403 3499 ideoque
426 3416 566 3500 pretium
591 3420 761 3499 acceptum
786 3415 960 3481 restituere
983 3415 1089 3481 debet.

148 3539 201 3603 An
224 3559 415 3614 Qunusrrurr
439 3542 479 3604 3ιιι
503 3539 541 3605 R.
569 3543 597 3605 1.
645 3539 681 3604 ln
712 3538 778 3604 alia
807 3538 865 3603 illa
895 3537 1078 3621 sumptione
1103 3535 1306 3620 (111131113κ
1330 3558 1445 3613 reesa

57 3648 138 3692 vera
160 3627 272 3693 Aiacis
295 3631 390 3711 pater
413 3649 567 3712 reparare
591 3629 744 3694 damnum
769 3627 879 3704 debet,
903 3626 931 3691 ei
954 3626 1123 3692 consilium
1145 3626 1258 3692 Aiacis
1281 3627 1384 3693 tacite

56 3716 492 3890 ppprplppplelplrltmbAttamen
507 3719 620 3796 verba,
637 3717 753 3800 quibus
769 3738 847 3781 usus
863 3719 924 3793 est,
942 3715 1098 3781 eiusmodi
1114 3716 1383 3800 approbationem

147 3911 187 3977 R.
212 3914 242 3977 2.
288 3910 409 3989 Quodsi
438 3915 535 3995 pater
564 3910 732 3977 consilium
760 3909 871 3975 Aiacis
900 3930 966 3975 non
994 3909 1175 3988 intellexit,
1206 3931 1311 3992 neque
1342 3912 1383 3978 de

57 4000 239 4067 tentamine
263 4000 437 4083 quidquam
468 3999 717 4076 animadvertit,
748 4020 790 4065 ne
820 4000 960 4082 legalem
984 3999 1112 4082 quidem
1141 4000 1270 4084 culpam
1294 4022 1382 4066 com·

56 4090 147 4155 misit
163 4111 205 4156 ex
220 4090 350 4156 defectu
373 4089 609 4172 invigilantiae,
633 4110 738 4172 neque
762 4109 804 4153 ex
826 4089 896 4153 iure
916 4088 1043 4155 Germ.
1069 4089 1109 4154 ad
1126 4088 1301 4171 quidquam
1325 4089 1382 4155 ob·

56 4179 154 4262 ligari
177 4183 289 4263 posset
312 4178 544 4262 reparandum:
573 4179 600 4243 si
623 4200 701 4243 vero
725 4178 810 4243 aliae
832 4178 924 4260 leges
948 4179 1132 4244 cautionem
1155 4177 1260 4261 patris
1283 4178 1382 4243 latius

57 4269 242 4335 extendunt
264 4269 313 4351 (et
335 4289 414 4334 sane
437 4268 529 4350 leges
545 4268 647 4334 Gall.
671 4267 834 4332 difficilius
856 4271 985 4350 patrem
1009 4289 1029 4333 a
1053 4265 1203 4331 cautione
1226 4266 1380 4347 solvent),

56 4359 90 4424 id
113 4379 178 4423 non
202 4357 327 4424 inducit
349 4356 523 4441 reparandi
546 4357 655 4422 damni
679 4357 911 4439 obligationem
934 4356 967 4420 in
987 4354 1195 4431 conscientia,
1220 4354 1281 4417 nisi
1305 4359 1381 4437 post

56 4447 256 4514 sententiam
279 4446 403 4513 iudicis.

147 4555 186 4621 R.
211 4557 240 4621 3.
289 4553 322 4620 Si
346 4557 441 4637 pater
464 4552 750 4630 animadverterit,
778 4553 880 4618 filium
903 4550 1086 4616 incendium
1110 4549 1215 4613 moliri
1239 4547 1379 4614 veliam

55 4648 226 4711 tentamen
249 4643 374 4719 facere,
406 4662 511 4724 neque
534 4642 756 4725 impediverit,
782 4663 855 4707 cum
878 4640 1038 4723 potuerit:
1069 4637 1245 4703 secundum
1269 4658 1381 4703 omnes
