<?xml version="1.0" encoding="UTF-8"?>
<!DOCTYPE html PUBLIC "-//W3C//DTD XHTML 1.0 Transitional//EN"
    "http://www.w3.org/TR/xhtml1/DTD/xhtml1-transitional.dtd">
<html xmlns="http://www.w3.org/1999/xhtml" xml:lang="en" lang="en">
 <head>
  <title>
</title>
<meta http-equiv="Content-Type" content="text/html;charset=utf-8" />
  <meta name='ocr-system' content='tesseract 3.04.00' />
  <meta name='ocr-capabilities' content='ocr_page ocr_carea ocr_par ocr_line ocrx_word'/>
</head>
<body>
  <div class='ocr_page' id='page_1' title='image "./casusconscienti01lehmgoog_0412.png"; bbox 0 0 3106 5168; ppageno 0'>
   <div class='ocr_carea' id='block_1_1' title="bbox 163 279 1345 353">
    <p class='ocr_par' dir='ltr' id='par_1_1' title="bbox 163 279 1345 353">
     <span class='ocr_line' id='line_1_1' title="bbox 163 279 1345 353; baseline -0.003 -15"><span class='ocrx_word' id='word_1_1' title='bbox 163 290 227 353; x_wconf 83' lang='grc'>396</span> <span class='ocrx_word' id='word_1_2' title='bbox 299 284 339 338; x_wconf 92' lang='lat' dir='ltr'>De</span> <span class='ocrx_word' id='word_1_3' title='bbox 358 284 506 338; x_wconf 86' lang='lat' dir='ltr'>virtutibus</span> <span class='ocrx_word' id='word_1_4' title='bbox 524 286 553 338; x_wconf 86' lang='lat' dir='ltr'>et</span> <span class='ocrx_word' id='word_1_5' title='bbox 570 282 668 338; x_wconf 84' lang='lat' dir='ltr'>officiis</span> <span class='ocrx_word' id='word_1_6' title='bbox 686 300 751 351; x_wconf 85' lang='lat' dir='ltr'>erga</span> <span class='ocrx_word' id='word_1_7' title='bbox 769 281 899 336; x_wconf 88' lang='lat' dir='ltr'>homines.</span> <span class='ocrx_word' id='word_1_8' title='bbox 920 314 952 322; x_wconf 95' lang='lat'>-</span> <span class='ocrx_word' id='word_1_9' title='bbox 973 279 1024 335; x_wconf 81' lang='lat' dir='ltr'>off.</span> <span class='ocrx_word' id='word_1_10' title='bbox 1043 281 1116 336; x_wconf 85' lang='lat' dir='ltr'>circa</span> <span class='ocrx_word' id='word_1_11' title='bbox 1134 281 1204 335; x_wconf 83' lang='lat' dir='ltr'>bona</span> <span class='ocrx_word' id='word_1_12' title='bbox 1222 285 1345 336; x_wconf 83' lang='lat' dir='ltr'>externa.</span> 
     </span>
    </p>
   </div>
   <div class='ocr_carea' id='block_1_2' title="bbox 101 456 1487 899">
    <p class='ocr_par' dir='ltr' id='par_1_2' title="bbox 101 456 1487 899">
     <span class='ocr_line' id='line_1_2' title="bbox 101 456 1485 542; baseline -0.004 -16"><span class='ocrx_word' id='word_1_13' title='bbox 101 473 152 526; x_wconf 78' lang='grc'>785</span> <span class='ocrx_word' id='word_1_14' title='bbox 253 459 305 524; x_wconf 82' lang='lat' dir='ltr'>Au</span> <span class='ocrx_word' id='word_1_15' title='bbox 328 480 519 535; x_wconf 76' lang='lat' dir='ltr'>ouansrruu</span> <span class='ocrx_word' id='word_1_16' title='bbox 543 461 582 522; x_wconf 81' lang='lat'><strong>2¹¹·</strong></span> <span class='ocrx_word' id='word_1_17' title='bbox 605 458 643 524; x_wconf 81' lang='lat' dir='ltr'>a.</span> <span class='ocrx_word' id='word_1_18' title='bbox 671 461 699 524; x_wconf 89' lang='lat'>1.</span> <span class='ocrx_word' id='word_1_19' title='bbox 746 459 836 539; x_wconf 81' lang='lat' dir='ltr'>Erga</span> <span class='ocrx_word' id='word_1_20' title='bbox 858 462 998 523; x_wconf 89' lang='lat' dir='ltr'>matrem</span> <span class='ocrx_word' id='word_1_21' title='bbox 1021 457 1231 542; x_wconf 83' lang='lat' dir='ltr'>superstitem</span> <span class='ocrx_word' id='word_1_22' title='bbox 1255 456 1415 539; x_wconf 78' lang='lat' dir='ltr'>obligatio</span> <span class='ocrx_word' id='word_1_23' title='bbox 1437 456 1485 521; x_wconf 92' lang='lat' dir='ltr'>iu·</span> 
     </span>
     <span class='ocr_line' id='line_1_3' title="bbox 163 548 1485 628; baseline -0.002 -14"><span class='ocrx_word' id='word_1_24' title='bbox 163 549 274 617; x_wconf 89' lang='lat' dir='ltr'>stitiae</span> <span class='ocrx_word' id='word_1_25' title='bbox 290 549 469 614; x_wconf 74' lang='lat' dir='ltr'>immediate</span> <span class='ocrx_word' id='word_1_26' title='bbox 486 552 657 613; x_wconf 87' lang='lat' dir='ltr'>contracta</span> <span class='ocrx_word' id='word_1_27' title='bbox 673 569 737 612; x_wconf 92' lang='lat' dir='ltr'>non</span> <span class='ocrx_word' id='word_1_28' title='bbox 754 553 815 625; x_wconf 88' lang='lat' dir='ltr'>est,</span> <span class='ocrx_word' id='word_1_29' title='bbox 835 548 893 612; x_wconf 90' lang='lat' dir='ltr'>sed</span> <span class='ocrx_word' id='word_1_30' title='bbox 910 552 1046 613; x_wconf 88' lang='lat' dir='ltr'>eatenus</span> <span class='ocrx_word' id='word_1_31' title='bbox 1061 551 1202 624; x_wconf 88' lang='lat' dir='ltr'>tantum,</span> <span class='ocrx_word' id='word_1_32' title='bbox 1219 551 1383 628; x_wconf 88' lang='lat' dir='ltr'>quatenus</span> <span class='ocrx_word' id='word_1_33' title='bbox 1399 567 1485 611; x_wconf 91' lang='lat' dir='ltr'>com·</span> 
     </span>
     <span class='ocr_line' id='line_1_4' title="bbox 162 634 1486 719; baseline -0.004 -15"><span class='ocrx_word' id='word_1_34' title='bbox 162 639 263 704; x_wconf 88' lang='lat' dir='ltr'>missa</span> <span class='ocrx_word' id='word_1_35' title='bbox 279 641 330 703; x_wconf 91' lang='lat' dir='ltr'>est</span> <span class='ocrx_word' id='word_1_36' title='bbox 353 637 470 702; x_wconf 89' lang='lat' dir='ltr'>iniuria</span> <span class='ocrx_word' id='word_1_37' title='bbox 493 657 551 701; x_wconf 90' lang='lat' dir='ltr'>seu</span> <span class='ocrx_word' id='word_1_38' title='bbox 574 636 734 703; x_wconf 89' lang='lat' dir='ltr'>iniustitia</span> <span class='ocrx_word' id='word_1_39' title='bbox 757 639 872 702; x_wconf 88' lang='lat' dir='ltr'>eontra</span> <span class='ocrx_word' id='word_1_40' title='bbox 888 635 1063 713; x_wconf 81' lang='lat' dir='ltr'>Tiberium,</span> <span class='ocrx_word' id='word_1_41' title='bbox 1087 657 1161 701; x_wconf 92' lang='lat' dir='ltr'>eum</span> <span class='ocrx_word' id='word_1_42' title='bbox 1183 634 1390 719; x_wconf 88' lang='lat' dir='ltr'>impediendo</span> <span class='ocrx_word' id='word_1_43' title='bbox 1408 656 1486 717; x_wconf 93' lang='lat' dir='ltr'>quo-</span> 
     </span>
     <span class='ocr_line' id='line_1_5' title="bbox 163 724 1487 808; baseline -0.002 -16"><span class='ocrx_word' id='word_1_44' title='bbox 163 727 268 792; x_wconf 86' lang='lat' dir='ltr'>minus</span> <span class='ocrx_word' id='word_1_45' title='bbox 292 732 430 792; x_wconf 83' lang='lat' dir='ltr'>matrem</span> <span class='ocrx_word' id='word_1_46' title='bbox 446 747 542 808; x_wconf 91' lang='lat' dir='ltr'>quam</span> <span class='ocrx_word' id='word_1_47' title='bbox 560 726 703 792; x_wconf 89' lang='lat' dir='ltr'>voluerit</span> <span class='ocrx_word' id='word_1_48' title='bbox 724 728 912 791; x_wconf 90' lang='lat' dir='ltr'>sustentare</span> <span class='ocrx_word' id='word_1_49' title='bbox 935 725 1088 808; x_wconf 89' lang='lat' dir='ltr'>potuerit.</span> <span class='ocrx_word' id='word_1_50' title='bbox 1127 724 1236 790; x_wconf 81' lang='lat' dir='ltr'>Aliter</span> <span class='ocrx_word' id='word_1_51' title='bbox 1252 745 1293 789; x_wconf 89' lang='lat' dir='ltr'>ex</span> <span class='ocrx_word' id='word_1_52' title='bbox 1318 724 1487 806; x_wconf 88' lang='lat' dir='ltr'>aequitate</span> 
     </span>
     <span class='ocr_line' id='line_1_6' title="bbox 163 813 1486 899; baseline -0.002 -18"><span class='ocrx_word' id='word_1_53' title='bbox 163 816 292 899; x_wconf 88' lang='lat' dir='ltr'>quidem</span> <span class='ocrx_word' id='word_1_54' title='bbox 304 815 414 896; x_wconf 88' lang='lat' dir='ltr'>urgeri</span> <span class='ocrx_word' id='word_1_55' title='bbox 430 819 550 898; x_wconf 88' lang='lat' dir='ltr'>potest,</span> <span class='ocrx_word' id='word_1_56' title='bbox 568 819 605 880; x_wconf 91' lang='lat' dir='ltr'>ut</span> <span class='ocrx_word' id='word_1_57' title='bbox 620 814 666 878; x_wconf 92' lang='lat' dir='ltr'>illi</span> <span class='ocrx_word' id='word_1_58' title='bbox 678 814 902 892; x_wconf 80' lang='lat' dir='ltr'>subveniatur,</span> <span class='ocrx_word' id='word_1_59' title='bbox 919 813 1078 897; x_wconf 88' lang='lat' dir='ltr'>postulari</span> <span class='ocrx_word' id='word_1_60' title='bbox 1091 835 1133 879; x_wconf 88' lang='lat' dir='ltr'>ex</span> <span class='ocrx_word' id='word_1_61' title='bbox 1149 813 1276 880; x_wconf 91' lang='lat' dir='ltr'>iustitia</span> <span class='ocrx_word' id='word_1_62' title='bbox 1286 835 1352 879; x_wconf 93' lang='lat' dir='ltr'>non</span> <span class='ocrx_word' id='word_1_63' title='bbox 1365 817 1486 897; x_wconf 91' lang='lat' dir='ltr'>potest.</span> 
     </span>
    </p>
   </div>
   <div class='ocr_carea' id='block_1_3' title="bbox 162 919 1487 1626">
    <p class='ocr_par' dir='ltr' id='par_1_3' title="bbox 162 919 1487 1626">
     <span class='ocr_line' id='line_1_7' title="bbox 252 919 1487 1004; baseline 0.002 -19"><span class='ocrx_word' id='word_1_64' title='bbox 252 921 291 987; x_wconf 87' lang='lat' dir='ltr'>R.</span> <span class='ocrx_word' id='word_1_65' title='bbox 317 924 347 987; x_wconf 83' lang='grc'>2.</span> <span class='ocrx_word' id='word_1_66' title='bbox 394 920 457 986; x_wconf 85' lang='lat' dir='ltr'>Sed</span> <span class='ocrx_word' id='word_1_67' title='bbox 481 924 642 1002; x_wconf 91' lang='lat' dir='ltr'>quatenus</span> <span class='ocrx_word' id='word_1_68' title='bbox 673 924 779 986; x_wconf 89' lang='lat' dir='ltr'>mater</span> <span class='ocrx_word' id='word_1_69' title='bbox 802 925 970 1004; x_wconf 88' lang='lat' dir='ltr'>superstes</span> <span class='ocrx_word' id='word_1_70' title='bbox 992 920 1088 984; x_wconf 88' lang='lat' dir='ltr'>heres</span> <span class='ocrx_word' id='word_1_71' title='bbox 1111 924 1162 986; x_wconf 91' lang='lat' dir='ltr'>est</span> <span class='ocrx_word' id='word_1_72' title='bbox 1185 919 1307 985; x_wconf 85' lang='lat' dir='ltr'>Tiberii</span> <span class='ocrx_word' id='word_1_73' title='bbox 1330 920 1487 999; x_wconf 81' lang='lat' dir='ltr'>defuncti,</span> 
     </span>
     <span class='ocr_line' id='line_1_8' title="bbox 163 1008 1486 1091; baseline 0 -17"><span class='ocrx_word' id='word_1_74' title='bbox 163 1010 267 1075; x_wconf 89' lang='lat' dir='ltr'>intrat</span> <span class='ocrx_word' id='word_1_75' title='bbox 296 1010 329 1074; x_wconf 93' lang='lat' dir='ltr'>in</span> <span class='ocrx_word' id='word_1_76' title='bbox 354 1009 423 1074; x_wconf 88' lang='lat' dir='ltr'>eius</span> <span class='ocrx_word' id='word_1_77' title='bbox 450 1009 522 1075; x_wconf 90' lang='lat' dir='ltr'>iura</span> <span class='ocrx_word' id='word_1_78' title='bbox 545 1009 658 1074; x_wconf 89' lang='lat' dir='ltr'>realia.</span> <span class='ocrx_word' id='word_1_79' title='bbox 705 1009 812 1086; x_wconf 85' lang='lat' dir='ltr'>Quare</span> <span class='ocrx_word' id='word_1_80' title='bbox 836 1009 985 1091; x_wconf 82' lang='lat' dir='ltr'>quaestio</span> <span class='ocrx_word' id='word_1_81' title='bbox 1009 1013 1121 1074; x_wconf 90' lang='lat' dir='ltr'>manet</span> <span class='ocrx_word' id='word_1_82' title='bbox 1143 1008 1230 1074; x_wconf 89' lang='lat' dir='ltr'>circa</span> <span class='ocrx_word' id='word_1_83' title='bbox 1253 1009 1486 1091; x_wconf 78' lang='lat' dir='ltr'>obligationem</span> 
     </span>
     <span class='ocr_line' id='line_1_9' title="bbox 162 1098 1487 1182; baseline 0.001 -19"><span class='ocrx_word' id='word_1_84' title='bbox 162 1099 339 1164; x_wconf 89' lang='lat' dir='ltr'>solvendae</span> <span class='ocrx_word' id='word_1_85' title='bbox 363 1119 509 1164; x_wconf 91' lang='lat' dir='ltr'>summae</span> <span class='ocrx_word' id='word_1_86' title='bbox 532 1098 723 1182; x_wconf 90' lang='lat' dir='ltr'>promissae.</span> <span class='ocrx_word' id='word_1_87' title='bbox 758 1098 848 1176; x_wconf 84' lang='lat' dir='ltr'>Quae</span> <span class='ocrx_word' id='word_1_88' title='bbox 872 1098 1029 1180; x_wconf 85' lang='lat' dir='ltr'>obligatio</span> <span class='ocrx_word' id='word_1_89' title='bbox 1045 1098 1176 1164; x_wconf 89' lang='lat' dir='ltr'>videtur</span> <span class='ocrx_word' id='word_1_90' title='bbox 1199 1099 1391 1164; x_wconf 87' lang='lat' dir='ltr'>sustinenda</span> <span class='ocrx_word' id='word_1_91' title='bbox 1415 1120 1487 1164; x_wconf 89' lang='lat' dir='ltr'>esse</span> 
     </span>
     <span class='ocr_line' id='line_1_10' title="bbox 162 1186 1486 1270; baseline 0.001 -17"><span class='ocrx_word' id='word_1_92' title='bbox 162 1192 232 1254; x_wconf 88' lang='lat' dir='ltr'>tum</span> <span class='ocrx_word' id='word_1_93' title='bbox 264 1209 308 1253; x_wconf 91' lang='lat' dir='ltr'>ex</span> <span class='ocrx_word' id='word_1_94' title='bbox 338 1187 379 1253; x_wconf 91' lang='lat' dir='ltr'>iis</span> <span class='ocrx_word' id='word_1_95' title='bbox 409 1209 493 1269; x_wconf 90' lang='lat' dir='ltr'>quae</span> <span class='ocrx_word' id='word_1_96' title='bbox 523 1209 623 1270; x_wconf 90' lang='lat' dir='ltr'>supra</span> <span class='ocrx_word' id='word_1_97' title='bbox 646 1187 733 1253; x_wconf 88' lang='lat' dir='ltr'>dicta</span> <span class='ocrx_word' id='word_1_98' title='bbox 763 1191 840 1253; x_wconf 89' lang='lat' dir='ltr'>sunt</span> <span class='ocrx_word' id='word_1_99' title='bbox 863 1187 903 1252; x_wconf 91' lang='lat' dir='ltr'>de</span> <span class='ocrx_word' id='word_1_100' title='bbox 926 1186 1167 1270; x_wconf 88' lang='lat' dir='ltr'>appretiatione</span> <span class='ocrx_word' id='word_1_101' title='bbox 1191 1187 1255 1266; x_wconf 89' lang='lat' dir='ltr'>rei,</span> <span class='ocrx_word' id='word_1_102' title='bbox 1286 1193 1357 1254; x_wconf 90' lang='lat' dir='ltr'>tum</span> <span class='ocrx_word' id='word_1_103' title='bbox 1381 1209 1486 1254; x_wconf 91' lang='lat' dir='ltr'>exeo</span> 
     </span>
     <span class='ocr_line' id='line_1_11' title="bbox 162 1276 1487 1360; baseline 0.002 -19"><span class='ocrx_word' id='word_1_104' title='bbox 162 1276 248 1359; x_wconf 90' lang='lat' dir='ltr'>quod</span> <span class='ocrx_word' id='word_1_105' title='bbox 272 1276 358 1342; x_wconf 87' lang='lat' dir='ltr'>actio</span> <span class='ocrx_word' id='word_1_106' title='bbox 382 1276 439 1340; x_wconf 91' lang='lat' dir='ltr'>illa</span> <span class='ocrx_word' id='word_1_107' title='bbox 455 1276 669 1358; x_wconf 87' lang='lat' dir='ltr'>gravissimas</span> <span class='ocrx_word' id='word_1_108' title='bbox 685 1276 806 1342; x_wconf 87' lang='lat' dir='ltr'>habeat</span> <span class='ocrx_word' id='word_1_109' title='bbox 820 1277 981 1358; x_wconf 83' lang='lat' dir='ltr'>sequelae,</span> <span class='ocrx_word' id='word_1_110' title='bbox 1006 1276 1159 1341; x_wconf 91' lang='lat' dir='ltr'>videlicet</span> <span class='ocrx_word' id='word_1_111' title='bbox 1175 1276 1328 1341; x_wconf 88' lang='lat' dir='ltr'>damnum</span> <span class='ocrx_word' id='word_1_112' title='bbox 1345 1283 1380 1343; x_wconf 93' lang='lat' dir='ltr'>et</span> <span class='ocrx_word' id='word_1_113' title='bbox 1400 1277 1487 1360; x_wconf 88' lang='lat' dir='ltr'>peri-</span> 
     </span>
     <span class='ocr_line' id='line_1_12' title="bbox 162 1364 1486 1448; baseline 0.001 -18"><span class='ocrx_word' id='word_1_114' title='bbox 162 1367 270 1431; x_wconf 91' lang='lat' dir='ltr'>culum</span> <span class='ocrx_word' id='word_1_115' title='bbox 298 1386 458 1430; x_wconf 89' lang='lat' dir='ltr'>summum</span> <span class='ocrx_word' id='word_1_116' title='bbox 489 1365 693 1447; x_wconf 88' lang='lat' dir='ltr'>praevisum,</span> <span class='ocrx_word' id='word_1_117' title='bbox 725 1365 767 1430; x_wconf 89' lang='lat' dir='ltr'>ad</span> <span class='ocrx_word' id='word_1_118' title='bbox 791 1365 876 1448; x_wconf 91' lang='lat' dir='ltr'>quod</span> <span class='ocrx_word' id='word_1_119' title='bbox 906 1365 1108 1431; x_wconf 87' lang='lat' dir='ltr'>subeundum</span> <span class='ocrx_word' id='word_1_120' title='bbox 1133 1364 1299 1443; x_wconf 77' lang='lat' dir='ltr'>TiberiuS,</span> <span class='ocrx_word' id='word_1_121' title='bbox 1332 1365 1396 1431; x_wconf 90' lang='lat' dir='ltr'>nisi</span> <span class='ocrx_word' id='word_1_122' title='bbox 1426 1366 1486 1431; x_wconf 89' lang='lat' dir='ltr'>sibi</span> 
     </span>
     <span class='ocr_line' id='line_1_13' title="bbox 163 1453 1486 1536; baseline 0.001 -17"><span class='ocrx_word' id='word_1_123' title='bbox 163 1455 321 1533; x_wconf 89' lang='lat' dir='ltr'>solvatur,</span> <span class='ocrx_word' id='word_1_124' title='bbox 338 1454 455 1519; x_wconf 86' lang='lat' dir='ltr'>fraude</span> <span class='ocrx_word' id='word_1_125' title='bbox 471 1458 505 1519; x_wconf 91' lang='lat' dir='ltr'>et</span> <span class='ocrx_word' id='word_1_126' title='bbox 521 1453 798 1519; x_wconf 80' lang='lat' dir='ltr'>circumventione</span> <span class='ocrx_word' id='word_1_127' title='bbox 814 1454 965 1519; x_wconf 86' lang='lat' dir='ltr'>inductus</span> <span class='ocrx_word' id='word_1_128' title='bbox 982 1459 1042 1532; x_wconf 90' lang='lat' dir='ltr'>est,</span> <span class='ocrx_word' id='word_1_129' title='bbox 1060 1454 1206 1536; x_wconf 90' lang='lat' dir='ltr'>adeoque</span> <span class='ocrx_word' id='word_1_130' title='bbox 1222 1453 1354 1531; x_wconf 81' lang='lat' dir='ltr'>iniuria3</span> <span class='ocrx_word' id='word_1_131' title='bbox 1372 1477 1486 1520; x_wconf 90' lang='lat' dir='ltr'>verum</span> 
     </span>
     <span class='ocr_line' id='line_1_14' title="bbox 164 1542 1485 1626; baseline 0.002 -18"><span class='ocrx_word' id='word_1_132' title='bbox 164 1544 327 1621; x_wconf 90' lang='lat' dir='ltr'>damnum,</span> <span class='ocrx_word' id='word_1_133' title='bbox 351 1542 467 1607; x_wconf 86' lang='lat' dir='ltr'>fraude</span> <span class='ocrx_word' id='word_1_134' title='bbox 491 1548 670 1620; x_wconf 88' lang='lat' dir='ltr'>causatum,</span> <span class='ocrx_word' id='word_1_135' title='bbox 695 1543 737 1608; x_wconf 90' lang='lat' dir='ltr'>ab</span> <span class='ocrx_word' id='word_1_136' title='bbox 759 1543 799 1608; x_wconf 90' lang='lat' dir='ltr'>iis</span> <span class='ocrx_word' id='word_1_137' title='bbox 823 1543 901 1608; x_wconf 90' lang='lat' dir='ltr'>ferri</span> <span class='ocrx_word' id='word_1_138' title='bbox 925 1544 1022 1609; x_wconf 91' lang='lat' dir='ltr'>debet</span> <span class='ocrx_word' id='word_1_139' title='bbox 1045 1543 1099 1626; x_wconf 94' lang='lat' dir='ltr'>qui</span> <span class='ocrx_word' id='word_1_140' title='bbox 1123 1543 1270 1608; x_wconf 88' lang='lat' dir='ltr'>fraudem</span> <span class='ocrx_word' id='word_1_141' title='bbox 1293 1543 1485 1610; x_wconf 84' lang='lat' dir='ltr'>intulerunt.</span> 
     </span>
    </p>
   </div>
   <div class='ocr_carea' id='block_1_4' title="bbox 102 1647 1486 2621">
    <p class='ocr_par' dir='ltr' id='par_1_4' title="bbox 102 1647 1486 2087">
     <span class='ocr_line' id='line_1_15' title="bbox 102 1647 1486 1733; baseline 0.003 -22"><span class='ocrx_word' id='word_1_142' title='bbox 102 1657 154 1712; x_wconf 81' lang='grc'>786</span> <span class='ocrx_word' id='word_1_143' title='bbox 252 1647 291 1713; x_wconf 87' lang='lat' dir='ltr'>R.</span> <span class='ocrx_word' id='word_1_144' title='bbox 323 1651 353 1714; x_wconf 88' lang='lat'>3.</span> <span class='ocrx_word' id='word_1_145' title='bbox 400 1647 618 1712; x_wconf 90' lang='lat' dir='ltr'>Nihilominus</span> <span class='ocrx_word' id='word_1_146' title='bbox 650 1648 735 1730; x_wconf 91' lang='lat' dir='ltr'>quod</span> <span class='ocrx_word' id='word_1_147' title='bbox 767 1648 809 1713; x_wconf 92' lang='lat' dir='ltr'>ad</span> <span class='ocrx_word' id='word_1_148' title='bbox 841 1648 982 1732; x_wconf 91' lang='lat' dir='ltr'>priorem</span> <span class='ocrx_word' id='word_1_149' title='bbox 1015 1649 1193 1726; x_wconf 89' lang='lat' dir='ltr'>rationem,</span> <span class='ocrx_word' id='word_1_150' title='bbox 1225 1648 1274 1714; x_wconf 91' lang='lat' dir='ltr'>rei</span> <span class='ocrx_word' id='word_1_151' title='bbox 1305 1650 1486 1733; x_wconf 82' lang='lat' dir='ltr'>praestitae</span> 
     </span>
     <span class='ocr_line' id='line_1_16' title="bbox 164 1736 1486 1822; baseline 0.002 -20"><span class='ocrx_word' id='word_1_152' title='bbox 164 1736 458 1821; x_wconf 86' lang='lat' dir='ltr'>appretiationem,</span> <span class='ocrx_word' id='word_1_153' title='bbox 489 1736 626 1813; x_wconf 87' lang='lat' dir='ltr'>attinet,</span> <span class='ocrx_word' id='word_1_154' title='bbox 659 1738 828 1803; x_wconf 87' lang='lat' dir='ltr'>innostro</span> <span class='ocrx_word' id='word_1_155' title='bbox 856 1759 934 1803; x_wconf 88' lang='lat' dir='ltr'>casu</span> <span class='ocrx_word' id='word_1_156' title='bbox 957 1737 1020 1803; x_wconf 91' lang='lat' dir='ltr'>dici</span> <span class='ocrx_word' id='word_1_157' title='bbox 1043 1737 1256 1822; x_wconf 90' lang='lat' dir='ltr'>probabiliter</span> <span class='ocrx_word' id='word_1_158' title='bbox 1279 1742 1392 1821; x_wconf 92' lang='lat' dir='ltr'>potest</span> <span class='ocrx_word' id='word_1_159' title='bbox 1416 1759 1486 1804; x_wconf 89' lang='lat' dir='ltr'>eam</span> 
     </span>
     <span class='ocr_line' id='line_1_17' title="bbox 164 1825 1486 1909; baseline 0.002 -18"><span class='ocrx_word' id='word_1_160' title='bbox 164 1827 237 1908; x_wconf 87' lang='lat' dir='ltr'>lege</span> <span class='ocrx_word' id='word_1_161' title='bbox 259 1825 402 1909; x_wconf 90' lang='lat' dir='ltr'>positiva</span> <span class='ocrx_word' id='word_1_162' title='bbox 426 1826 528 1903; x_wconf 92' lang='lat' dir='ltr'>eludi,</span> <span class='ocrx_word' id='word_1_163' title='bbox 561 1846 599 1891; x_wconf 94' lang='lat' dir='ltr'>eo</span> <span class='ocrx_word' id='word_1_164' title='bbox 623 1826 708 1908; x_wconf 93' lang='lat' dir='ltr'>quod</span> <span class='ocrx_word' id='word_1_165' title='bbox 732 1826 895 1891; x_wconf 89' lang='lat' dir='ltr'>actionem</span> <span class='ocrx_word' id='word_1_166' title='bbox 918 1826 1091 1904; x_wconf 89' lang='lat' dir='ltr'>homicidii,</span> <span class='ocrx_word' id='word_1_167' title='bbox 1122 1828 1208 1909; x_wconf 91' lang='lat' dir='ltr'>quod</span> <span class='ocrx_word' id='word_1_168' title='bbox 1231 1827 1334 1893; x_wconf 90' lang='lat' dir='ltr'>libere</span> <span class='ocrx_word' id='word_1_169' title='bbox 1358 1828 1486 1893; x_wconf 89' lang='lat' dir='ltr'>demum</span> 
     </span>
     <span class='ocr_line' id='line_1_18' title="bbox 164 1914 1486 2000; baseline 0.003 -22"><span class='ocrx_word' id='word_1_170' title='bbox 164 1914 313 1979; x_wconf 83' lang='lat' dir='ltr'>Tiberius</span> <span class='ocrx_word' id='word_1_171' title='bbox 336 1915 499 1999; x_wconf 90' lang='lat' dir='ltr'>patravit,</span> <span class='ocrx_word' id='word_1_172' title='bbox 531 1915 586 1979; x_wconf 89' lang='lat' dir='ltr'>lex</span> <span class='ocrx_word' id='word_1_173' title='bbox 609 1915 752 1998; x_wconf 89' lang='lat' dir='ltr'>positiva</span> <span class='ocrx_word' id='word_1_174' title='bbox 775 1937 902 1980; x_wconf 91' lang='lat' dir='ltr'>summa</span> <span class='ocrx_word' id='word_1_175' title='bbox 925 1937 1031 1999; x_wconf 88' lang='lat' dir='ltr'>poena</span> <span class='ocrx_word' id='word_1_176' title='bbox 1054 1917 1185 2000; x_wconf 89' lang='lat' dir='ltr'>puniat,</span> <span class='ocrx_word' id='word_1_177' title='bbox 1218 1937 1302 1998; x_wconf 91' lang='lat' dir='ltr'>quae</span> <span class='ocrx_word' id='word_1_178' title='bbox 1327 1917 1486 1982; x_wconf 88' lang='lat' dir='ltr'>mercedis</span> 
     </span>
     <span class='ocr_line' id='line_1_19' title="bbox 165 2003 940 2087; baseline 0.003 -19"><span class='ocrx_word' id='word_1_179' title='bbox 165 2003 336 2071; x_wconf 90' lang='lat' dir='ltr'>cuiuslibet</span> <span class='ocrx_word' id='word_1_180' title='bbox 360 2004 568 2087; x_wconf 89' lang='lat' dir='ltr'>accipiendae</span> <span class='ocrx_word' id='word_1_181' title='bbox 590 2003 641 2068; x_wconf 86' lang='lat' dir='ltr'>ius</span> <span class='ocrx_word' id='word_1_182' title='bbox 664 2025 774 2069; x_wconf 92' lang='lat' dir='ltr'>seeum</span> <span class='ocrx_word' id='word_1_183' title='bbox 799 2004 940 2071; x_wconf 88' lang='lat' dir='ltr'>auferat.</span> 
     </span>
    </p>

    <p class='ocr_par' dir='ltr' id='par_1_5' title="bbox 163 2093 1486 2621">
     <span class='ocr_line' id='line_1_20' title="bbox 253 2093 1486 2177; baseline 0.002 -20"><span class='ocrx_word' id='word_1_184' title='bbox 253 2093 375 2158; x_wconf 88' lang='lat' dir='ltr'>Verum</span> <span class='ocrx_word' id='word_1_185' title='bbox 405 2098 555 2170; x_wconf 87' lang='lat' dir='ltr'>remanet</span> <span class='ocrx_word' id='word_1_186' title='bbox 584 2093 703 2157; x_wconf 88' lang='lat' dir='ltr'>saltem</span> <span class='ocrx_word' id='word_1_187' title='bbox 733 2094 841 2159; x_wconf 88' lang='lat' dir='ltr'>altera</span> <span class='ocrx_word' id='word_1_188' title='bbox 870 2093 954 2159; x_wconf 89' lang='lat' dir='ltr'>ratio</span> <span class='ocrx_word' id='word_1_189' title='bbox 984 2093 1110 2159; x_wconf 88' lang='lat' dir='ltr'>fraudis</span> <span class='ocrx_word' id='word_1_190' title='bbox 1136 2093 1329 2159; x_wconf 87' lang='lat' dir='ltr'>commissae</span> <span class='ocrx_word' id='word_1_191' title='bbox 1353 2093 1486 2177; x_wconf 91' lang='lat' dir='ltr'>eiusque</span> 
     </span>
     <span class='ocr_line' id='line_1_21' title="bbox 164 2181 1484 2266; baseline 0.001 -19"><span class='ocrx_word' id='word_1_192' title='bbox 164 2183 349 2248; x_wconf 88' lang='lat' dir='ltr'>damnosae.</span> <span class='ocrx_word' id='word_1_193' title='bbox 390 2181 596 2266; x_wconf 86' lang='lat' dir='ltr'>Quapropter</span> <span class='ocrx_word' id='word_1_194' title='bbox 611 2182 764 2248; x_wconf 88' lang='lat' dir='ltr'>existimo</span> <span class='ocrx_word' id='word_1_195' title='bbox 788 2203 830 2247; x_wconf 90' lang='lat' dir='ltr'>ex</span> <span class='ocrx_word' id='word_1_196' title='bbox 853 2183 914 2248; x_wconf 90' lang='lat' dir='ltr'>hec</span> <span class='ocrx_word' id='word_1_197' title='bbox 937 2182 1065 2248; x_wconf 91' lang='lat' dir='ltr'>ratione</span> <span class='ocrx_word' id='word_1_198' title='bbox 1088 2203 1152 2246; x_wconf 93' lang='lat' dir='ltr'>non</span> <span class='ocrx_word' id='word_1_199' title='bbox 1180 2182 1341 2249; x_wconf 86' lang='lat' dir='ltr'>exsistere</span> <span class='ocrx_word' id='word_1_200' title='bbox 1357 2182 1484 2266; x_wconf 90' lang='lat' dir='ltr'>quidem</span> 
     </span>
     <span class='ocr_line' id='line_1_22' title="bbox 163 2270 1485 2356; baseline 0.003 -22"><span class='ocrx_word' id='word_1_201' title='bbox 163 2271 347 2338; x_wconf 81' lang='lat' dir='ltr'>formaliter</span> <span class='ocrx_word' id='word_1_202' title='bbox 375 2270 426 2335; x_wconf 91' lang='lat' dir='ltr'>ius</span> <span class='ocrx_word' id='word_1_203' title='bbox 457 2271 498 2336; x_wconf 91' lang='lat' dir='ltr'>ad</span> <span class='ocrx_word' id='word_1_204' title='bbox 528 2273 698 2336; x_wconf 82' lang='lat' dir='ltr'>mercedem</span> <span class='ocrx_word' id='word_1_205' title='bbox 729 2272 938 2354; x_wconf 84' lang='lat' dir='ltr'>promissam,</span> <span class='ocrx_word' id='word_1_206' title='bbox 971 2273 1026 2336; x_wconf 86' lang='lat' dir='ltr'>sed</span> <span class='ocrx_word' id='word_1_207' title='bbox 1052 2272 1094 2337; x_wconf 88' lang='lat' dir='ltr'>ad</span> <span class='ocrx_word' id='word_1_208' title='bbox 1118 2271 1368 2337; x_wconf 84' lang='lat' dir='ltr'>indemnitatem</span> <span class='ocrx_word' id='word_1_209' title='bbox 1392 2294 1485 2356; x_wconf 91' lang='lat' dir='ltr'>prae-</span> 
     </span>
     <span class='ocr_line' id='line_1_23' title="bbox 164 2359 1485 2446; baseline 0.004 -23"><span class='ocrx_word' id='word_1_210' title='bbox 164 2359 316 2425; x_wconf 89' lang='lat' dir='ltr'>standam</span> <span class='ocrx_word' id='word_1_211' title='bbox 340 2381 398 2442; x_wconf 92' lang='lat' dir='ltr'>pro</span> <span class='ocrx_word' id='word_1_212' title='bbox 422 2361 540 2425; x_wconf 90' lang='lat' dir='ltr'>damno</span> <span class='ocrx_word' id='word_1_213' title='bbox 565 2365 716 2426; x_wconf 86' lang='lat' dir='ltr'>causato:</span> <span class='ocrx_word' id='word_1_214' title='bbox 744 2381 827 2441; x_wconf 90' lang='lat' dir='ltr'>quae</span> <span class='ocrx_word' id='word_1_215' title='bbox 850 2360 1047 2428; x_wconf 89' lang='lat' dir='ltr'>indemnitas</span> <span class='ocrx_word' id='word_1_216' title='bbox 1071 2359 1199 2426; x_wconf 86' lang='lat' dir='ltr'>Tiberio</span> <span class='ocrx_word' id='word_1_217' title='bbox 1223 2360 1372 2442; x_wconf 90' lang='lat' dir='ltr'>quidem,</span> <span class='ocrx_word' id='word_1_218' title='bbox 1396 2366 1485 2446; x_wconf 87' lang='lat' dir='ltr'>post-</span> 
     </span>
     <span class='ocr_line' id='line_1_24' title="bbox 164 2448 1485 2535; baseline 0.002 -23"><span class='ocrx_word' id='word_1_219' title='bbox 164 2470 262 2530; x_wconf 88' lang='lat' dir='ltr'>quam</span> <span class='ocrx_word' id='word_1_220' title='bbox 286 2449 393 2531; x_wconf 89' lang='lat' dir='ltr'>capite</span> <span class='ocrx_word' id='word_1_221' title='bbox 420 2449 537 2532; x_wconf 90' lang='lat' dir='ltr'>plexus</span> <span class='ocrx_word' id='word_1_222' title='bbox 561 2452 627 2526; x_wconf 88' lang='lat' dir='ltr'>est,</span> <span class='ocrx_word' id='word_1_223' title='bbox 659 2450 821 2533; x_wconf 90' lang='lat' dir='ltr'>praestari</span> <span class='ocrx_word' id='word_1_224' title='bbox 852 2450 990 2533; x_wconf 87' lang='lat' dir='ltr'>amplius</span> <span class='ocrx_word' id='word_1_225' title='bbox 1021 2448 1148 2532; x_wconf 90' lang='lat' dir='ltr'>nequit,</span> <span class='ocrx_word' id='word_1_226' title='bbox 1179 2451 1345 2535; x_wconf 88' lang='lat' dir='ltr'>praestari</span> <span class='ocrx_word' id='word_1_227' title='bbox 1375 2453 1485 2516; x_wconf 88' lang='lat' dir='ltr'>tamen</span> 
     </span>
     <span class='ocr_line' id='line_1_25' title="bbox 165 2537 1484 2621; baseline 0.002 -20"><span class='ocrx_word' id='word_1_228' title='bbox 165 2540 274 2620; x_wconf 89' lang='lat' dir='ltr'>potest</span> <span class='ocrx_word' id='word_1_229' title='bbox 305 2537 422 2614; x_wconf 88' lang='lat' dir='ltr'>matri,</span> <span class='ocrx_word' id='word_1_230' title='bbox 454 2541 523 2602; x_wconf 92' lang='lat' dir='ltr'>tum</span> <span class='ocrx_word' id='word_1_231' title='bbox 548 2538 633 2620; x_wconf 89' lang='lat' dir='ltr'>quod</span> <span class='ocrx_word' id='word_1_232' title='bbox 663 2539 757 2603; x_wconf 91' lang='lat' dir='ltr'>heres</span> <span class='ocrx_word' id='word_1_233' title='bbox 782 2538 825 2605; x_wconf 90' lang='lat' dir='ltr'>sit</span> <span class='ocrx_word' id='word_1_234' title='bbox 848 2540 904 2603; x_wconf 92' lang='lat' dir='ltr'>filii</span> <span class='ocrx_word' id='word_1_235' title='bbox 929 2538 1062 2621; x_wconf 92' lang='lat' dir='ltr'>eiusque</span> <span class='ocrx_word' id='word_1_236' title='bbox 1089 2538 1207 2603; x_wconf 92' lang='lat' dir='ltr'>iurium</span> <span class='ocrx_word' id='word_1_237' title='bbox 1230 2539 1386 2617; x_wconf 90' lang='lat' dir='ltr'>realium,</span> <span class='ocrx_word' id='word_1_238' title='bbox 1417 2544 1484 2606; x_wconf 88' lang='lat' dir='ltr'>tum</span> 
     </span>
    </p>
   </div>
   <div class='ocr_carea' id='block_1_5' title="bbox 164 2625 1484 3067">
    <p class='ocr_par' dir='ltr' id='par_1_6' title="bbox 164 2625 1484 2889">
     <span class='ocr_line' id='line_1_26' title="bbox 165 2625 1484 2711; baseline 0.002 -21"><span class='ocrx_word' id='word_1_239' title='bbox 165 2627 250 2708; x_wconf 91' lang='lat' dir='ltr'>quod</span> <span class='ocrx_word' id='word_1_240' title='bbox 281 2625 352 2709; x_wconf 91' lang='lat' dir='ltr'>ipsa</span> <span class='ocrx_word' id='word_1_241' title='bbox 380 2646 438 2708; x_wconf 91' lang='lat' dir='ltr'>per</span> <span class='ocrx_word' id='word_1_242' title='bbox 461 2647 497 2691; x_wconf 93' lang='lat' dir='ltr'>se</span> <span class='ocrx_word' id='word_1_243' title='bbox 521 2627 673 2691; x_wconf 90' lang='lat' dir='ltr'>damnum</span> <span class='ocrx_word' id='word_1_244' title='bbox 704 2649 803 2711; x_wconf 89' lang='lat' dir='ltr'>passa</span> <span class='ocrx_word' id='word_1_245' title='bbox 832 2627 876 2694; x_wconf 89' lang='lat' dir='ltr'>sit</span> <span class='ocrx_word' id='word_1_246' title='bbox 904 2649 964 2711; x_wconf 90' lang='lat' dir='ltr'>per</span> <span class='ocrx_word' id='word_1_247' title='bbox 986 2627 1299 2711; x_wconf 88' lang='lat' dir='ltr'>impossibilitatem,</span> <span class='ocrx_word' id='word_1_248' title='bbox 1331 2627 1365 2692; x_wconf 93' lang='lat' dir='ltr'>in</span> <span class='ocrx_word' id='word_1_249' title='bbox 1390 2650 1484 2711; x_wconf 90' lang='lat' dir='ltr'>quam</span> 
     </span>
     <span class='ocr_line' id='line_1_27' title="bbox 164 2714 1483 2793; baseline 0.002 -14"><span class='ocrx_word' id='word_1_250' title='bbox 164 2714 328 2779; x_wconf 79' lang='lat' dir='ltr'>&#39;liberium</span> <span class='ocrx_word' id='word_1_251' title='bbox 352 2715 444 2781; x_wconf 88' lang='lat' dir='ltr'>fraus</span> <span class='ocrx_word' id='word_1_252' title='bbox 467 2715 524 2780; x_wconf 89' lang='lat' dir='ltr'>illa</span> <span class='ocrx_word' id='word_1_253' title='bbox 548 2715 695 2793; x_wconf 85' lang='lat' dir='ltr'>induxit,</span> <span class='ocrx_word' id='word_1_254' title='bbox 720 2716 817 2782; x_wconf 90' lang='lat' dir='ltr'>matri</span> <span class='ocrx_word' id='word_1_255' title='bbox 841 2717 1063 2783; x_wconf 89' lang='lat' dir='ltr'>subveniendi.</span> <span class='ocrx_word' id='word_1_256' title='bbox 1110 2717 1199 2793; x_wconf 89' lang='lat' dir='ltr'>Quae</span> <span class='ocrx_word' id='word_1_257' title='bbox 1224 2717 1344 2782; x_wconf 89' lang='lat' dir='ltr'>damna</span> <span class='ocrx_word' id='word_1_258' title='bbox 1368 2718 1483 2784; x_wconf 90' lang='lat' dir='ltr'>saltem</span> 
     </span>
     <span class='ocr_line' id='line_1_28' title="bbox 165 2804 755 2889; baseline 0.003 -21"><span class='ocrx_word' id='word_1_259' title='bbox 165 2804 374 2885; x_wconf 87' lang='lat' dir='ltr'>aequivalent</span> <span class='ocrx_word' id='word_1_260' title='bbox 397 2825 543 2868; x_wconf 91' lang='lat' dir='ltr'>summae</span> <span class='ocrx_word' id='word_1_261' title='bbox 566 2805 755 2889; x_wconf 88' lang='lat' dir='ltr'>promissae.</span> 
     </span>
    </p>

    <p class='ocr_par' dir='ltr' id='par_1_7' title="bbox 164 2893 1483 3067">
     <span class='ocr_line' id='line_1_29' title="bbox 254 2893 1483 2969; baseline 0.001 -13"><span class='ocrx_word' id='word_1_262' title='bbox 254 2893 338 2958; x_wconf 89' lang='lat' dir='ltr'>Hinc</span> <span class='ocrx_word' id='word_1_263' title='bbox 362 2893 467 2959; x_wconf 90' lang='lat' dir='ltr'>sentio</span> <span class='ocrx_word' id='word_1_264' title='bbox 495 2915 538 2957; x_wconf 90' lang='lat' dir='ltr'>ex</span> <span class='ocrx_word' id='word_1_265' title='bbox 561 2893 686 2959; x_wconf 89' lang='lat' dir='ltr'>iustitia</span> <span class='ocrx_word' id='word_1_266' title='bbox 709 2893 829 2958; x_wconf 82' lang='lat' dir='ltr'>Tiberii</span> <span class='ocrx_word' id='word_1_267' title='bbox 862 2894 961 2959; x_wconf 88' lang='lat' dir='ltr'>matri</span> <span class='ocrx_word' id='word_1_268' title='bbox 993 2894 1248 2959; x_wconf 90' lang='lat' dir='ltr'>subveniendum</span> <span class='ocrx_word' id='word_1_269' title='bbox 1274 2915 1347 2960; x_wconf 90' lang='lat' dir='ltr'>esse</span> <span class='ocrx_word' id='word_1_270' title='bbox 1372 2895 1414 2959; x_wconf 89' lang='lat' dir='ltr'>ab</span> <span class='ocrx_word' id='word_1_271' title='bbox 1437 2893 1483 2969; x_wconf 88' lang='lat' dir='ltr'>iis,</span> 
     </span>
     <span class='ocr_line' id='line_1_30' title="bbox 164 2982 1482 3067; baseline 0.002 -22"><span class='ocrx_word' id='word_1_272' title='bbox 164 2982 218 3063; x_wconf 91' lang='lat' dir='ltr'>qui</span> <span class='ocrx_word' id='word_1_273' title='bbox 235 2982 399 3047; x_wconf 88' lang='lat' dir='ltr'>Tiberium</span> <span class='ocrx_word' id='word_1_274' title='bbox 415 2982 624 3049; x_wconf 87' lang='lat' dir='ltr'>fraudulenta</span> <span class='ocrx_word' id='word_1_275' title='bbox 640 2983 854 3065; x_wconf 88' lang='lat' dir='ltr'>promissione</span> <span class='ocrx_word' id='word_1_276' title='bbox 877 2983 919 3048; x_wconf 91' lang='lat' dir='ltr'>ad</span> <span class='ocrx_word' id='word_1_277' title='bbox 936 2983 1056 3048; x_wconf 88' lang='lat' dir='ltr'>crimen</span> <span class='ocrx_word' id='word_1_278' title='bbox 1074 2984 1216 3067; x_wconf 90' lang='lat' dir='ltr'>capitale</span> <span class='ocrx_word' id='word_1_279' title='bbox 1232 2983 1482 3065; x_wconf 85' lang='lat' dir='ltr'>instigaverunt.</span> 
     </span>
    </p>
   </div>
   <div class='ocr_carea' id='block_1_6' title="bbox 509 3199 1142 3424">
    <p class='ocr_par' dir='ltr' id='par_1_8' title="bbox 509 3199 1142 3424">
     <span class='ocr_line' id='line_1_31' title="bbox 509 3199 1142 3267; baseline 0.003 -2"><span class='ocrx_word' id='word_1_280' title='bbox 509 3200 568 3265; x_wconf 86' lang='lat' dir='ltr'>DE</span> <span class='ocrx_word' id='word_1_281' title='bbox 593 3199 776 3266; x_wconf 81' lang='lat' dir='ltr'>OBIECTO</span> <span class='ocrx_word' id='word_1_282' title='bbox 802 3200 1142 3267; x_wconf 82' lang='lat' dir='ltr'><strong>CONTRACTUUM.</strong></span> 
     </span>
     <span class='ocr_line' id='line_1_32' title="bbox 715 3350 934 3424; baseline -0.018 -10"><span class='ocrx_word' id='word_1_283' title='bbox 715 3350 824 3416; x_wconf 82' lang='lat' dir='ltr'>Casus.</span> <span class='ocrx_word' id='word_1_284' title='bbox 858 3358 934 3424; x_wconf 79' lang='lat'>(242)</span> 
     </span>
    </p>
   </div>
   <div class='ocr_carea' id='block_1_7' title="bbox 163 3481 1484 4517">
    <p class='ocr_par' dir='ltr' id='par_1_9' title="bbox 164 3481 1483 3638">
     <span class='ocr_line' id='line_1_33' title="bbox 253 3481 1483 3557; baseline 0 -16"><span class='ocrx_word' id='word_1_285' title='bbox 253 3481 391 3541; x_wconf 82' lang='lat' dir='ltr'>Claudius</span> <span class='ocrx_word' id='word_1_286' title='bbox 406 3481 612 3556; x_wconf 87' lang='lat' dir='ltr'>gravissimum</span> <span class='ocrx_word' id='word_1_287' title='bbox 632 3483 721 3540; x_wconf 90' lang='lat' dir='ltr'>habet</span> <span class='ocrx_word' id='word_1_288' title='bbox 742 3483 892 3557; x_wconf 81' lang='lat' dir='ltr'>negotium</span> <span class='ocrx_word' id='word_1_289' title='bbox 915 3502 1024 3557; x_wconf 86' lang='lat' dir='ltr'>urgens</span> <span class='ocrx_word' id='word_1_290' title='bbox 1045 3483 1075 3540; x_wconf 92' lang='lat' dir='ltr'>in</span> <span class='ocrx_word' id='word_1_291' title='bbox 1091 3482 1188 3557; x_wconf 90' lang='lat' dir='ltr'>aliquo</span> <span class='ocrx_word' id='word_1_292' title='bbox 1202 3482 1268 3542; x_wconf 90' lang='lat' dir='ltr'>vico</span> <span class='ocrx_word' id='word_1_293' title='bbox 1290 3484 1483 3551; x_wconf 87' lang='lat' dir='ltr'>tractandum,</span> 
     </span>
     <span class='ocr_line' id='line_1_34' title="bbox 164 3562 1236 3638; baseline 0.003 -20"><span class='ocrx_word' id='word_1_294' title='bbox 164 3581 201 3619; x_wconf 90' lang='lat' dir='ltr'>ex</span> <span class='ocrx_word' id='word_1_295' title='bbox 223 3581 279 3637; x_wconf 90' lang='lat' dir='ltr'>quo</span> <span class='ocrx_word' id='word_1_296' title='bbox 301 3562 430 3637; x_wconf 88' lang='lat' dir='ltr'>pendent</span> <span class='ocrx_word' id='word_1_297' title='bbox 449 3562 586 3636; x_wconf 86' lang='lat' dir='ltr'>ingentes</span> <span class='ocrx_word' id='word_1_298' title='bbox 607 3563 727 3621; x_wconf 85' lang='lat' dir='ltr'>divitiae</span> <span class='ocrx_word' id='word_1_299' title='bbox 749 3564 861 3638; x_wconf 90' lang='lat' dir='ltr'>aliquot</span> <span class='ocrx_word' id='word_1_300' title='bbox 881 3563 1042 3621; x_wconf 82' lang='lat' dir='ltr'>milliorum</span> <span class='ocrx_word' id='word_1_301' title='bbox 1064 3582 1236 3621; x_wconf 88' lang='lat' dir='ltr'>marcarum.</span> 
     </span>
    </p>

    <p class='ocr_par' dir='ltr' id='par_1_10' title="bbox 163 3642 1484 4517">
     <span class='ocr_line' id='line_1_35' title="bbox 254 3642 1483 3719; baseline 0.002 -21"><span class='ocrx_word' id='word_1_302' title='bbox 254 3644 382 3700; x_wconf 88' lang='lat' dir='ltr'>Aberrat</span> <span class='ocrx_word' id='word_1_303' title='bbox 403 3662 420 3698; x_wconf 91' lang='lat' dir='ltr'>a</span> <span class='ocrx_word' id='word_1_304' title='bbox 442 3642 506 3711; x_wconf 86' lang='lat' dir='ltr'>via,</span> <span class='ocrx_word' id='word_1_305' title='bbox 535 3643 662 3701; x_wconf 89' lang='lat' dir='ltr'>devertit</span> <span class='ocrx_word' id='word_1_306' title='bbox 688 3644 786 3701; x_wconf 89' lang='lat' dir='ltr'>fessus</span> <span class='ocrx_word' id='word_1_307' title='bbox 814 3643 844 3701; x_wconf 94' lang='lat' dir='ltr'>in</span> <span class='ocrx_word' id='word_1_308' title='bbox 872 3644 994 3719; x_wconf 89' lang='lat' dir='ltr'>primam</span> <span class='ocrx_word' id='word_1_309' title='bbox 1023 3662 1109 3717; x_wconf 90' lang='lat' dir='ltr'>quam</span> <span class='ocrx_word' id='word_1_310' title='bbox 1137 3644 1248 3718; x_wconf 84' lang='lat' dir='ltr'>reperit</span> <span class='ocrx_word' id='word_1_311' title='bbox 1273 3643 1483 3703; x_wconf 89' lang='lat' dir='ltr'>domunculam.</span> 
     </span>
     <span class='ocr_line' id='line_1_36' title="bbox 163 3722 1482 3798; baseline 0.002 -20"><span class='ocrx_word' id='word_1_312' title='bbox 163 3722 295 3796; x_wconf 86' lang='lat' dir='ltr'>Exponit</span> <span class='ocrx_word' id='word_1_313' title='bbox 316 3741 457 3779; x_wconf 86' lang='lat' dir='ltr'>summam</span> <span class='ocrx_word' id='word_1_314' title='bbox 478 3723 702 3794; x_wconf 88' lang='lat' dir='ltr'>necessitatem,</span> <span class='ocrx_word' id='word_1_315' title='bbox 731 3724 761 3780; x_wconf 94' lang='lat' dir='ltr'>in</span> <span class='ocrx_word' id='word_1_316' title='bbox 783 3742 840 3798; x_wconf 90' lang='lat' dir='ltr'>qua</span> <span class='ocrx_word' id='word_1_317' title='bbox 862 3724 916 3793; x_wconf 89' lang='lat' dir='ltr'>sit,</span> <span class='ocrx_word' id='word_1_318' title='bbox 946 3742 1032 3798; x_wconf 87' lang='lat' dir='ltr'>quam</span> <span class='ocrx_word' id='word_1_319' title='bbox 1058 3723 1208 3780; x_wconf 90' lang='lat' dir='ltr'>celerrime</span> <span class='ocrx_word' id='word_1_320' title='bbox 1236 3724 1429 3798; x_wconf 89' lang='lat' dir='ltr'>perveniendi</span> <span class='ocrx_word' id='word_1_321' title='bbox 1456 3726 1482 3782; x_wconf 92' lang='lat' dir='ltr'>in</span> 
     </span>
     <span class='ocr_line' id='line_1_37' title="bbox 164 3801 1483 3879; baseline 0.003 -21"><span class='ocrx_word' id='word_1_322' title='bbox 164 3801 252 3859; x_wconf 90' lang='lat' dir='ltr'>istum</span> <span class='ocrx_word' id='word_1_323' title='bbox 274 3801 378 3859; x_wconf 90' lang='lat' dir='ltr'>vicum.</span> <span class='ocrx_word' id='word_1_324' title='bbox 421 3802 500 3859; x_wconf 90' lang='lat' dir='ltr'>Petit</span> <span class='ocrx_word' id='word_1_325' title='bbox 520 3802 625 3877; x_wconf 87' lang='lat' dir='ltr'>igitur,</span> <span class='ocrx_word' id='word_1_326' title='bbox 654 3810 687 3861; x_wconf 90' lang='lat' dir='ltr'>ut</span> <span class='ocrx_word' id='word_1_327' title='bbox 708 3803 763 3861; x_wconf 91' lang='lat' dir='ltr'>sibi</span> <span class='ocrx_word' id='word_1_328' title='bbox 791 3824 844 3879; x_wconf 88' lang='lat' dir='ltr'>pro</span> <span class='ocrx_word' id='word_1_329' title='bbox 865 3804 998 3861; x_wconf 88' lang='lat' dir='ltr'>mercede</span> <span class='ocrx_word' id='word_1_330' title='bbox 1020 3804 1204 3878; x_wconf 86' lang='lat' dir='ltr'>quantalibet</span> <span class='ocrx_word' id='word_1_331' title='bbox 1224 3809 1347 3879; x_wconf 89' lang='lat' dir='ltr'>paretur</span> <span class='ocrx_word' id='word_1_332' title='bbox 1368 3824 1427 3879; x_wconf 87' lang='lat' dir='ltr'>qua</span> <span class='ocrx_word' id='word_1_333' title='bbox 1447 3806 1483 3862; x_wconf 93' lang='lat' dir='ltr'>in·</span> 
     </span>
     <span class='ocr_line' id='line_1_38' title="bbox 165 3881 1484 3957; baseline 0.002 -19"><span class='ocrx_word' id='word_1_334' title='bbox 165 3881 265 3955; x_wconf 87' lang='lat' dir='ltr'>digeat</span> <span class='ocrx_word' id='word_1_335' title='bbox 284 3901 367 3951; x_wconf 90' lang='lat' dir='ltr'>cena,</span> <span class='ocrx_word' id='word_1_336' title='bbox 390 3887 422 3938; x_wconf 88' lang='lat' dir='ltr'>ut</span> <span class='ocrx_word' id='word_1_337' title='bbox 443 3881 499 3940; x_wconf 89' lang='lat' dir='ltr'>sibi</span> <span class='ocrx_word' id='word_1_338' title='bbox 522 3883 720 3940; x_wconf 87' lang='lat' dir='ltr'>commodetur</span> <span class='ocrx_word' id='word_1_339' title='bbox 735 3903 836 3957; x_wconf 90' lang='lat' dir='ltr'>equus,</span> <span class='ocrx_word' id='word_1_340' title='bbox 858 3904 910 3941; x_wconf 90' lang='lat' dir='ltr'>suo</span> <span class='ocrx_word' id='word_1_341' title='bbox 926 3883 1043 3941; x_wconf 87' lang='lat' dir='ltr'>interim</span> <span class='ocrx_word' id='word_1_342' title='bbox 1064 3884 1104 3942; x_wconf 92' lang='lat' dir='ltr'>ibi</span> <span class='ocrx_word' id='word_1_343' title='bbox 1126 3883 1240 3950; x_wconf 85' lang='lat' dir='ltr'>relicte,</span> <span class='ocrx_word' id='word_1_344' title='bbox 1262 3889 1292 3941; x_wconf 88' lang='lat' dir='ltr'>et</span> <span class='ocrx_word' id='word_1_345' title='bbox 1313 3887 1484 3944; x_wconf 85' lang='lat' dir='ltr'>ostendatur</span> 
     </span>
     <span class='ocr_line' id='line_1_39' title="bbox 164 3961 1483 4034; baseline 0.002 -15"><span class='ocrx_word' id='word_1_346' title='bbox 164 3962 214 4019; x_wconf 91' lang='lat' dir='ltr'>via</span> <span class='ocrx_word' id='word_1_347' title='bbox 228 3968 310 4020; x_wconf 87' lang='lat' dir='ltr'>recta</span> <span class='ocrx_word' id='word_1_348' title='bbox 325 3962 361 4018; x_wconf 88' lang='lat' dir='ltr'>ad</span> <span class='ocrx_word' id='word_1_349' title='bbox 376 3961 481 4021; x_wconf 85' lang='lat' dir='ltr'>vicum.</span> <span class='ocrx_word' id='word_1_350' title='bbox 501 3997 533 4004; x_wconf 81' lang='lat'><em>-</em></span> <span class='ocrx_word' id='word_1_351' title='bbox 551 3964 649 4021; x_wconf 90' lang='lat' dir='ltr'>Herus</span> <span class='ocrx_word' id='word_1_352' title='bbox 665 3972 805 4021; x_wconf 87' lang='lat' dir='ltr'>causatur</span> <span class='ocrx_word' id='word_1_353' title='bbox 819 3965 873 4020; x_wconf 86' lang='lat' dir='ltr'>has</span> <span class='ocrx_word' id='word_1_354' title='bbox 889 3983 955 4020; x_wconf 85' lang='lat' dir='ltr'>esse</span> <span class='ocrx_word' id='word_1_355' title='bbox 970 3983 1018 4021; x_wconf 88' lang='lat' dir='ltr'>res</span> <span class='ocrx_word' id='word_1_356' title='bbox 1034 3964 1163 4021; x_wconf 87' lang='lat' dir='ltr'>sibinen</span> <span class='ocrx_word' id='word_1_357' title='bbox 1180 3970 1352 4034; x_wconf 89' lang='lat' dir='ltr'>consuetas;</span> <span class='ocrx_word' id='word_1_358' title='bbox 1376 3972 1409 4024; x_wconf 88' lang='lat' dir='ltr'>at</span> <span class='ocrx_word' id='word_1_359' title='bbox 1424 3985 1483 4023; x_wconf 87' lang='lat' dir='ltr'>cum</span> 
     </span>
     <span class='ocr_line' id='line_1_40' title="bbox 165 4042 1484 4122; baseline 0 -21"><span class='ocrx_word' id='word_1_360' title='bbox 165 4042 303 4101; x_wconf 87' lang='lat' dir='ltr'>Claudius</span> <span class='ocrx_word' id='word_1_361' title='bbox 324 4063 376 4118; x_wconf 92' lang='lat' dir='ltr'>pro</span> <span class='ocrx_word' id='word_1_362' title='bbox 399 4043 581 4116; x_wconf 88' lang='lat' dir='ltr'>quantolibet</span> <span class='ocrx_word' id='word_1_363' title='bbox 602 4044 696 4118; x_wconf 89' lang='lat' dir='ltr'>pretio</span> <span class='ocrx_word' id='word_1_364' title='bbox 720 4063 754 4100; x_wconf 88' lang='lat' dir='ltr'>ea</span> <span class='ocrx_word' id='word_1_365' title='bbox 776 4045 923 4119; x_wconf 85' lang='lat' dir='ltr'>postulet,</span> <span class='ocrx_word' id='word_1_366' title='bbox 946 4064 997 4117; x_wconf 88' lang='lat' dir='ltr'>pro</span> <span class='ocrx_word' id='word_1_367' title='bbox 1020 4064 1110 4118; x_wconf 86' lang='lat' dir='ltr'>parca</span> <span class='ocrx_word' id='word_1_368' title='bbox 1132 4063 1204 4101; x_wconf 89' lang='lat' dir='ltr'>cena</span> <span class='ocrx_word' id='word_1_369' title='bbox 1226 4044 1314 4101; x_wconf 89' lang='lat' dir='ltr'>herus</span> <span class='ocrx_word' id='word_1_370' title='bbox 1337 4052 1484 4122; x_wconf 85' lang='lat' dir='ltr'>computat</span> 
     </span>
     <span class='ocr_line' id='line_1_41' title="bbox 164 4123 1482 4200; baseline 0.003 -22"><span class='ocrx_word' id='word_1_371' title='bbox 164 4123 202 4181; x_wconf 81' lang='grc'>20</span> <span class='ocrx_word' id='word_1_372' title='bbox 224 4143 294 4192; x_wconf 82' lang='lat' dir='ltr'>mc,</span> <span class='ocrx_word' id='word_1_373' title='bbox 324 4142 376 4198; x_wconf 92' lang='lat' dir='ltr'>pro</span> <span class='ocrx_word' id='word_1_374' title='bbox 399 4123 608 4181; x_wconf 87' lang='lat' dir='ltr'>commodando</span> <span class='ocrx_word' id='word_1_375' title='bbox 630 4143 704 4198; x_wconf 90' lang='lat' dir='ltr'>equo</span> <span class='ocrx_word' id='word_1_376' title='bbox 725 4143 778 4198; x_wconf 89' lang='lat' dir='ltr'>per</span> <span class='ocrx_word' id='word_1_377' title='bbox 800 4124 875 4180; x_wconf 89' lang='lat' dir='ltr'>diem</span> <span class='ocrx_word' id='word_1_378' title='bbox 899 4125 955 4182; x_wconf 86' lang='grc'>100</span> <span class='ocrx_word' id='word_1_379' title='bbox 977 4145 1047 4193; x_wconf 83' lang='lat' dir='ltr'>mc,</span> <span class='ocrx_word' id='word_1_380' title='bbox 1072 4124 1168 4200; x_wconf 90' lang='lat' dir='ltr'>posita</span> <span class='ocrx_word' id='word_1_381' title='bbox 1191 4124 1363 4182; x_wconf 88' lang='lat' dir='ltr'>condicione</span> <span class='ocrx_word' id='word_1_382' title='bbox 1386 4135 1434 4197; x_wconf 91' lang='lat' dir='ltr'>ut,</span> <span class='ocrx_word' id='word_1_383' title='bbox 1461 4125 1482 4182; x_wconf 91' lang='lat' dir='ltr'>si</span> 
     </span>
     <span class='ocr_line' id='line_1_42' title="bbox 165 4203 1482 4279; baseline 0.002 -20"><span class='ocrx_word' id='word_1_384' title='bbox 165 4204 370 4261; x_wconf 81' lang='lat' dir='ltr'>detrimentum</span> <span class='ocrx_word' id='word_1_385' title='bbox 392 4203 499 4278; x_wconf 86' lang='lat' dir='ltr'>capiet,</span> <span class='ocrx_word' id='word_1_386' title='bbox 523 4204 578 4260; x_wconf 87' lang='lat' dir='ltr'>sibi</span> <span class='ocrx_word' id='word_1_387' title='bbox 599 4223 651 4277; x_wconf 90' lang='lat' dir='ltr'>pro</span> <span class='ocrx_word' id='word_1_388' title='bbox 674 4223 709 4260; x_wconf 91' lang='lat' dir='ltr'>eo</span> <span class='ocrx_word' id='word_1_389' title='bbox 732 4205 809 4260; x_wconf 73' lang='grc'>2000</span> <span class='ocrx_word' id='word_1_390' title='bbox 827 4223 879 4261; x_wconf 86' lang='lat' dir='ltr'>mc.</span> <span class='ocrx_word' id='word_1_391' title='bbox 902 4205 1070 4272; x_wconf 79' lang='lat' dir='ltr'>solvantur3</span> <span class='ocrx_word' id='word_1_392' title='bbox 1095 4205 1162 4261; x_wconf 88' lang='lat' dir='ltr'>item</span> <span class='ocrx_word' id='word_1_393' title='bbox 1184 4224 1237 4279; x_wconf 88' lang='lat' dir='ltr'>pro</span> <span class='ocrx_word' id='word_1_394' title='bbox 1259 4206 1382 4264; x_wconf 88' lang='lat' dir='ltr'>servitio</span> <span class='ocrx_word' id='word_1_395' title='bbox 1406 4206 1482 4264; x_wconf 77' lang='lat' dir='ltr'>smi-</span> 
     </span>
     <span class='ocr_line' id='line_1_43' title="bbox 163 4283 1482 4359; baseline 0.002 -20"><span class='ocrx_word' id='word_1_396' title='bbox 163 4295 315 4354; x_wconf 86' lang='lat' dir='ltr'>nntorum,</span> <span class='ocrx_word' id='word_1_397' title='bbox 345 4302 401 4358; x_wconf 89' lang='lat' dir='ltr'>quo</span> <span class='ocrx_word' id='word_1_398' title='bbox 422 4289 533 4340; x_wconf 88' lang='lat' dir='ltr'>rectam</span> <span class='ocrx_word' id='word_1_399' title='bbox 556 4283 633 4340; x_wconf 86' lang='lat' dir='ltr'>viem</span> <span class='ocrx_word' id='word_1_400' title='bbox 656 4290 685 4339; x_wconf 90' lang='lat' dir='ltr'>et</span> <span class='ocrx_word' id='word_1_401' title='bbox 706 4287 799 4340; x_wconf 88' lang='lat' dir='ltr'>tutam</span> <span class='ocrx_word' id='word_1_402' title='bbox 821 4283 946 4353; x_wconf 83' lang='lat' dir='ltr'>indicet,</span> <span class='ocrx_word' id='word_1_403' title='bbox 977 4287 1014 4341; x_wconf 83' lang='grc'>80</span> <span class='ocrx_word' id='word_1_404' title='bbox 1036 4303 1106 4354; x_wconf 84' lang='lat' dir='ltr'>mc,</span> <span class='ocrx_word' id='word_1_405' title='bbox 1136 4304 1310 4359; x_wconf 89' lang='lat' dir='ltr'>quamquam</span> <span class='ocrx_word' id='word_1_406' title='bbox 1333 4286 1409 4345; x_wconf 89' lang='lat' dir='ltr'>idem</span> <span class='ocrx_word' id='word_1_407' title='bbox 1431 4288 1482 4344; x_wconf 84' lang='lat' dir='ltr'>iter</span> 
     </span>
     <span class='ocr_line' id='line_1_44' title="bbox 164 4362 1482 4438; baseline 0.003 -20"><span class='ocrx_word' id='word_1_408' title='bbox 164 4362 227 4437; x_wconf 91' lang='lat' dir='ltr'>ipse</span> <span class='ocrx_word' id='word_1_409' title='bbox 250 4364 347 4421; x_wconf 90' lang='lat' dir='ltr'>facore</span> <span class='ocrx_word' id='word_1_410' title='bbox 370 4364 495 4421; x_wconf 89' lang='lat' dir='ltr'>debebat</span> <span class='ocrx_word' id='word_1_411' title='bbox 517 4363 552 4419; x_wconf 88' lang='lat' dir='ltr'>ad</span> <span class='ocrx_word' id='word_1_412' title='bbox 575 4363 694 4438; x_wconf 87' lang='lat' dir='ltr'>propria</span> <span class='ocrx_word' id='word_1_413' title='bbox 716 4363 830 4436; x_wconf 87' lang='lat' dir='ltr'>agenda</span> <span class='ocrx_word' id='word_1_414' title='bbox 852 4364 979 4438; x_wconf 88' lang='lat' dir='ltr'>negotia.</span> <span class='ocrx_word' id='word_1_415' title='bbox 1016 4363 1097 4431; x_wconf 84' lang='lat' dir='ltr'>Quae</span> <span class='ocrx_word' id='word_1_416' title='bbox 1120 4365 1217 4422; x_wconf 88' lang='lat' dir='ltr'>omnia</span> <span class='ocrx_word' id='word_1_417' title='bbox 1236 4364 1376 4423; x_wconf 73' lang='lat' dir='ltr'>Claudius</span> <span class='ocrx_word' id='word_1_418' title='bbox 1399 4367 1482 4425; x_wconf 90' lang='lat' dir='ltr'>nullis</span> 
     </span>
     <span class='ocr_line' id='line_1_45' title="bbox 165 4443 555 4517; baseline 0.003 -17"><span class='ocrx_word' id='word_1_419' title='bbox 165 4444 291 4517; x_wconf 87' lang='lat' dir='ltr'>querelis</span> <span class='ocrx_word' id='word_1_420' title='bbox 313 4443 436 4502; x_wconf 86' lang='lat' dir='ltr'>obiectis</span> <span class='ocrx_word' id='word_1_421' title='bbox 459 4443 555 4501; x_wconf 88' lang='lat' dir='ltr'>solvit.</span> 
     </span>
    </p>
   </div>
   <div class='ocr_carea' id='block_1_8' title="bbox 165 4546 1399 4697">
    <p class='ocr_par' dir='ltr' id='par_1_11' title="bbox 165 4546 1399 4697">
     <span class='ocr_line' id='line_1_46' title="bbox 165 4546 1399 4624; baseline 0.006 -21"><span class='ocrx_word' id='word_1_422' title='bbox 165 4546 341 4613; x_wconf 81' lang='lat' dir='ltr'>Qunanrrun</span> <span class='ocrx_word' id='word_1_423' title='bbox 363 4552 392 4607; x_wconf 87' lang='grc' dir='ltr'>1ο</span> <span class='ocrx_word' id='word_1_424' title='bbox 418 4567 491 4623; x_wconf 92' lang='lat' dir='ltr'>quae</span> <span class='ocrx_word' id='word_1_425' title='bbox 513 4548 573 4606; x_wconf 89' lang='lat' dir='ltr'>sint</span> <span class='ocrx_word' id='word_1_426' title='bbox 594 4548 755 4621; x_wconf 91' lang='lat' dir='ltr'>generatim</span> <span class='ocrx_word' id='word_1_427' title='bbox 778 4549 964 4608; x_wconf 89' lang='lat' dir='ltr'>condiciones</span> <span class='ocrx_word' id='word_1_428' title='bbox 986 4550 1038 4618; x_wconf 89' lang='lat' dir='ltr'>rei,</span> <span class='ocrx_word' id='word_1_429' title='bbox 1061 4551 1096 4607; x_wconf 81' lang='lat' dir='ltr'>&lt;le</span> <span class='ocrx_word' id='word_1_430' title='bbox 1118 4570 1175 4624; x_wconf 88' lang='lat' dir='ltr'>qua</span> <span class='ocrx_word' id='word_1_431' title='bbox 1197 4551 1399 4611; x_wconf 86' lang='lat' dir='ltr'>contrabatur.</span> 
     </span>
     <span class='ocr_line' id='line_1_47' title="bbox 362 4637 1231 4697; baseline 0.002 -3"><span class='ocrx_word' id='word_1_432' title='bbox 362 4638 391 4694; x_wconf 81' lang='lat'>2⁰</span> <span class='ocrx_word' id='word_1_433' title='bbox 417 4637 565 4695; x_wconf 85' lang='lat' dir='ltr'>fuerintne</span> <span class='ocrx_word' id='word_1_434' title='bbox 586 4637 629 4694; x_wconf 91' lang='lat' dir='ltr'>illi</span> <span class='ocrx_word' id='word_1_435' title='bbox 651 4643 822 4697; x_wconf 88' lang='lat' dir='ltr'>contractus</span> <span class='ocrx_word' id='word_1_436' title='bbox 843 4639 915 4696; x_wconf 90' lang='lat' dir='ltr'>iusti</span> <span class='ocrx_word' id='word_1_437' title='bbox 936 4645 966 4696; x_wconf 85' lang='lat' dir='ltr'>et</span> <span class='ocrx_word' id='word_1_438' title='bbox 986 4639 1076 4695; x_wconf 86' lang='lat' dir='ltr'>validi</span> <span class='ocrx_word' id='word_1_439' title='bbox 1099 4639 1129 4695; x_wconf 92' lang='lat' dir='ltr'>in</span> <span class='ocrx_word' id='word_1_440' title='bbox 1151 4658 1231 4696; x_wconf 80' lang='lat' dir='ltr'>casu.</span> 
     </span>
    </p>
   </div>
   <div class='ocr_carea' id='block_1_9' title="bbox 0 0 1558 5168">
    <p class='ocr_par' dir='ltr' id='par_1_12' title="bbox 0 0 1558 5168">
     <span class='ocr_line' id='line_1_48' title="bbox 0 0 1558 5168; baseline 0 0"><span class='ocrx_word' id='word_1_441' title='bbox 0 0 1558 5168; x_wconf 95' lang='lat' dir='ltr'> </span> 
     </span>
    </p>
   </div>
  </div>
 </body>
</html>
