3106 5168
151 279 193 342 32
570 273 611 329 De
628 273 724 343 regula
742 277 852 331 actuum
871 273 1058 329 humanorum.

151 473 215 517 non
244 451 308 518 rite
331 450 515 516 confessam
545 473 627 518 esse.
674 451 790 535 Neque
820 451 1038 518 confessarius
1068 451 1098 517 ei
1128 451 1267 536 amplius
1297 452 1374 534 quid
1403 474 1478 538 per-

151 540 274 607 mittat.
320 539 410 617 Quod
435 543 546 606 autem
568 542 733 624 integrum
756 541 900 606 libellum
923 539 1092 626 scripserit
1121 540 1208 607 circa
1238 546 1376 625 peccata
1408 564 1477 620 sua,

152 629 371 696 confessarius
405 629 533 713 potius,
569 651 666 713 quam
700 651 742 695 ex
775 651 813 696 eo
846 630 955 695 omnia
986 630 1049 696 sibi
1082 631 1193 712 legere
1225 630 1330 708 sinat,
1366 632 1479 698 iubeat

152 718 299 786 Flauiam
329 717 524 802 scripturam
555 719 679 796 delere,
709 723 809 801 atque
839 723 993 786 oretenus
1023 741 1079 798 ea,
1110 740 1246 801 quorum
1276 721 1478 797 recordetur,

152 807 315 887 confiteri,
347 807 501 890 iuvetque
524 808 612 892 aptis
636 808 963 891 interrogationibus:
995 809 1111 891 quibus
1135 807 1295 892 peractio,
1326 830 1368 875 ne
1391 810 1479 876 sinat

152 898 299 964 flaviam
315 896 455 980 amplius
471 897 618 981 aspicere
633 918 717 981 quae
733 898 920 981 scripserat,
939 898 997 963 sed
1012 887 1125 963 iubeat
1140 918 1213 963 eam
1229 918 1303 963 esse
1317 919 1477 966 securam.

153 988 240 1052 Deus
264 987 349 1051 enim
373 991 613 1053 sacramentum
632 986 854 1070 paenitentiae
877 987 924 1052 sic
947 986 1098 1064 instituit,
1123 992 1161 1052 ut
1183 987 1327 1052 sufficiat
1345 989 1479 1053 moralis

153 1074 383 1229 diligentiafiin
400 1076 607 1159 procuranda
629 1075 822 1158 integritate
844 1075 1067 1155 confessionis
1091 1097 1155 1141 non
1179 1080 1217 1143 ut
1243 1077 1287 1142 sit
1310 1077 1478 1143 conscien-

152 1172 218 1232 trae
242 1185 332 1230 carm
356 1185 438 1230 ema.

108 1278 142 1333 63
241 1270 280 1337 R.
305 1273 336 1338 2.
383 1271 418 1334 ln
443 1272 579 1335 secando
603 1291 682 1336 casu
704 1269 839 1335 Flaviae
867 1269 930 1335 dici
961 1270 1058 1335 debet
1088 1290 1177 1346 eam,
1208 1269 1236 1334 si
1266 1268 1479 1337 habitualiter

153 1360 252 1425 sitin
276 1379 316 1424 eo
339 1362 439 1436 statu,
465 1364 501 1424 ut
524 1358 632 1443 potius
656 1359 737 1424 mori
753 1379 851 1441 quam
872 1360 978 1424 Deum
994 1358 1157 1424 offendere
1175 1358 1266 1437 velit,
1290 1359 1480 1426 nullatenus

153 1449 229 1532 angi
246 1448 365 1514 debere
381 1447 483 1512 variis
498 1447 571 1513 istis
587 1448 834 1526 tentationibus,
858 1468 963 1530 neque
985 1447 1036 1526 iis,
1061 1469 1145 1530 quae
1161 1468 1263 1530 usque
1286 1448 1328 1513 ad
1346 1469 1479 1515 sensum

152 1537 290 1603 alicuius
312 1536 424 1619 gaudii
454 1542 488 1602 et
518 1536 754 1603 satisfactionis
777 1556 972 1621 progressae
1001 1536 1076 1604 sint.
1123 1537 1215 1602 Haec
1238 1537 1324 1602 enim
1347 1538 1479 1604 affectio

152 1627 272 1709 illeque
287 1646 403 1691 sensus
419 1626 560 1690 nondum
579 1630 631 1692 est
649 1626 853 1692 voluntarius
869 1647 1056 1704 consensus,
1079 1626 1112 1690 in
1136 1646 1200 1707 quo
1221 1627 1291 1691 solo
1307 1631 1480 1710 peccatum

153 1715 313 1781 consistit.
361 1713 446 1780 Fieri
479 1714 608 1796 quidem
638 1718 764 1799 potest,
800 1719 837 1782 ut
869 1714 1042 1798 aliquando
1075 1715 1235 1798 quaedam
1269 1716 1480 1798 neglegentia

153 1804 291 1870 venialis
321 1824 357 1868 se
385 1803 533 1886 ingerat;
564 1803 622 1869 sed
652 1804 734 1871 haec
764 1808 816 1871 est
846 1805 976 1871 miseria
1005 1805 1157 1883 humana,
1182 1825 1266 1887 quae
1290 1806 1479 1872 continuam

154 1892 371 1959 humilitatem
401 1897 436 1958 et
459 1892 664 1976 vigilantiam
688 1893 816 1973 doceat,
846 1914 911 1960 non
934 1893 1085 1959 timorem
1114 1896 1148 1959 et
1171 1894 1383 1961 anxietatem.
1430 1895 1478 1961 Of.

156 1985 214 2050 ula
239 2005 279 2048 oz.
304 1982 328 2060 I,
355 1984 419 2047 236
435 2002 484 2064 sq.

241 2088 280 2154 R.
306 2091 336 2155 3.
375 2087 468 2153 Circa
491 2087 724 2153 correctionem
745 2088 927 2154 fraternam
946 2088 1112 2154 rarissime
1135 2088 1231 2153 homo
1254 2108 1319 2152 non
1342 2109 1479 2172 scrupu-

152 2178 252 2255 losus,
277 2177 331 2259 qui
354 2198 418 2242 non
442 2177 486 2242 sit
509 2177 656 2260 superior
672 2176 898 2261 delinquentis,
923 2179 982 2243 sub
998 2177 1092 2260 gravi
1109 2179 1242 2243 tenetur
1260 2176 1335 2242 ilico
1356 2177 1477 2261 aliquid

152 2266 279 2342 facere;
304 2266 406 2331 multo
430 2265 537 2330 minus
559 2267 777 2350 scrupulosus.
824 2266 897 2331 Nisi
927 2266 1169 2332 evidentissime
1192 2265 1327 2331 Flaviae
1350 2272 1481 2335 constet

153 2377 189 2421 se
219 2355 396 2422 monitione
425 2375 486 2420 sua
515 2374 612 2438 posse
635 2354 814 2422 efficaciter
835 2376 939 2437 grave
962 2355 1115 2420 damnum
1145 2354 1285 2439 proximi
1314 2360 1479 2433 avertere,

153 2445 223 2510 eius
245 2443 483 2528 scrupulositas
506 2444 592 2510 ratio
615 2444 780 2510 sufficiens
803 2448 865 2522 est,
889 2465 973 2527 quae
996 2465 1069 2509 eam
1099 2444 1141 2509 ab
1171 2443 1288 2522 officio,
1312 2445 1401 2526 quod
1423 2446 1479 2512 alii

153 2535 322 2611 haberent,
346 2536 492 2599 excuset.
515 2569 559 2578 —
583 2533 620 2597 ln
644 2533 776 2616 reliquis
800 2533 983 2598 conformet
1005 2553 1040 2598 se
1064 2532 1201 2598 aliorum
1224 2531 1353 2617 piorum
1374 2533 1479 2599 homi·

153 2645 230 2688 num
246 2621 364 2706 agendi
379 2621 516 2696 rationi3
540 2623 626 2704 quod
649 2623 681 2686 bi
705 2645 764 2708 pro
780 2622 871 2688 licito
886 2621 1018 2701 habent,
1036 2622 1136 2688 etiam
1152 2621 1213 2687 sibi
1228 2621 1327 2687 licere
1343 2622 1478 2700 iudicet;

153 2712 251 2777 immo
281 2711 342 2776 nisi
372 2711 476 2795 primo
499 2710 621 2777 intuitu
651 2716 741 2777 certo
765 2711 894 2776 omnino
918 2711 1039 2788 videat,
1064 2712 1125 2776 hoc
1148 2712 1202 2776 vel
1225 2710 1305 2776 illud
1328 2710 1479 2778 illicitum

153 2821 235 2876 esse,
261 2801 418 2867 audacter
441 2803 530 2883 agat,
563 2821 628 2864 non
651 2805 838 2886 peccatura,
871 2800 933 2866 etsi
956 2800 1042 2867 forte
1066 2800 1240 2882 aliquando
1263 2800 1480 2868 materialiter

153 2894 252 2956 erret.
287 2889 381 2955 Neve
396 2895 572 2973 propterea
595 2911 631 2955 se
652 2910 806 2974 peccasse
821 2893 924 2973 putet,
949 2890 1035 2972 quod
1054 2889 1087 2953 in
1103 2889 1239 2972 singulis
1256 2889 1480 2956 occasionibus

152 2979 266 3046 timide
281 2978 478 3062 processerit
501 3000 561 3044 nec
584 2980 758 3046 recordata
780 2978 825 3044 sit
846 2978 990 3061 regulae,
1015 2978 1102 3061 quod
1125 3000 1198 3044 cum
1222 2977 1394 3044 formidine
1417 2980 1478 3044 sibi

153 3089 253 3151 agere
275 3068 384 3134 liceat.

110 3188 144 3242 64
241 3172 280 3239 R.
305 3177 336 3239 4.
375 3172 495 3250 Quodsi
512 3171 700 3255 ceteroquin
717 3177 768 3238 est
783 3193 923 3256 persona
946 3171 1001 3256 pia
1024 3177 1058 3239 et
1079 3172 1237 3238 timorata
1260 3175 1359 3255 atque
1378 3173 1479 3240 etiam

154 3265 305 3327 conatum
329 3265 445 3328 contra
468 3262 637 3346 scrupulos
660 3261 824 3341 adhibeat,
848 3283 954 3344 neque
969 3261 1052 3326 satis
1075 3260 1235 3344 proficiat,
1259 3261 1480 3328 confessarius

154 3373 226 3416 eam
257 3352 457 3417 consoletur:
489 3372 562 3417 esse
591 3351 765 3433 aliquando
795 3351 957 3416 occultam
988 3351 1150 3433 quandam
1180 3351 1382 3434 superbiam,
1413 3373 1478 3434 qua

155 3440 249 3505 homo
272 3440 306 3504 in
329 3461 408 3506 suae
433 3440 650 3506 conscientiae
673 3461 754 3524 pace
777 3440 932 3522 vitaeque
955 3438 1148 3522 integritate
1170 3438 1232 3505 sibi
1254 3440 1478 3524 potiusquam

155 3530 223 3594 Deo
239 3530 369 3612 placere
386 3530 483 3604 velit;
507 3531 591 3596 hanc
614 3529 799 3612 superbiam
823 3530 928 3594 Deum
951 3528 1037 3594 velle
1061 3530 1247 3602 destmere;
1272 3528 1300 3593 si
1323 3530 1413 3596 Deus
1431 3530 1480 3597 ita

155 3618 305 3695 voluerit,
335 3618 397 3702 ipsi
428 3618 543 3684 melius
573 3621 606 3684 et
635 3618 742 3702 magis
771 3617 972 3683 meritorium
997 3639 1080 3695 esse,
1110 3617 1144 3683 in
1165 3618 1311 3683 tenebris
1334 3639 1478 3697 manere,

155 3728 251 3789 quam
275 3707 394 3773 mentis
417 3728 499 3791 pace
522 3712 620 3790 atque
636 3707 708 3773 luce
723 3707 854 3788 integra
870 3707 943 3772 frui.
980 3707 1069 3783 Quod
1086 3711 1198 3773 tamen
1212 3728 1288 3773 raro
1304 3707 1479 3774 admodum

153 3798 202 3862 ita
224 3796 354 3862 omnino
378 3797 513 3863 obtinet.
