3106 5168
510 1040 585 1123 DE
614 1039 751 1123 ΙΕΒΕ
780 1040 852 1123 ΕΤ
882 1039 1134 1124 IUSTITIA

435 1179 651 1248 (ΡΕΑΕΟΙΡΕΕ
671 1180 718 1234 ΒΕ
737 1180 865 1236 Ducat.
884 1179 1011 1235 Panae.
1032 1179 1211 1248 SEPTIMO).

592 1347 847 1423 DOMINIUM
874 1349 933 1422 ΕΤ
962 1349 1053 1423 IUS.

541 1533 600 1598 DE
624 1531 813 1599 DOMINIO
837 1531 886 1598 IN
910 1531 1100 1597 GENERE.

716 1673 826 1739 Casus.
854 1681 931 1747 (164)

248 1795 365 1866 Suidas,
386 1794 475 1854 nixus
495 1795 559 1855 iure
574 1795 694 1855 dominii
715 1796 804 1873 pleni,
826 1796 901 1872 quod
922 1795 953 1855 in
974 1815 1023 1854 res
1045 1814 1115 1853 suas
1136 1794 1247 1853 habeat
1267 1800 1297 1854 et
1312 1796 1388 1871 quod
1411 1815 1487 1855 com·

157 1875 306 1951 plectatur
325 1876 372 1935 ius
393 1875 494 1935 utendi
515 1881 545 1935 55
566 1877 720 1946 abutendi,
742 1877 873 1935 incendit
894 1876 984 1935 uades
1005 1895 1084 1946 suas,
1107 1875 1252 1934 comburit
1272 1875 1375 1934 titulos
1397 1877 1486 1952 parti·

158 1955 317 2032 cipationis
331 1956 457 2016 alicuius
471 1956 601 2016 instituti
614 1956 808 2027 industrialis,
828 1962 916 2033 atque
929 1957 1093 2015 levimanu
1106 1975 1139 2015 se
1154 1956 1276 2032 exponit
1290 1956 1487 2031 gravissimae

158 2035 320 2112 suspicioni
342 2036 454 2096 atrocis
475 2037 615 2108 criminis,
638 2056 694 2113 quo
716 2044 747 2096 et
767 2037 824 2096 sibi
845 2043 875 2096 ct
895 2035 1027 2096 familiae
1048 2055 1120 2095 suae
1141 2035 1293 2094 infamiam
1314 2036 1415 2096 inurit.

158 2132 336 2203 Quaamrun
358 2135 386 2191 1⁰
411 2133 480 2210 quid
501 2133 540 2192 sit
561 2139 592 2193 et
611 2133 643 2192 in
663 2153 740 2210 5555
760 2153 793 2193 55
815 2132 957 2192 extendat
977 2132 1024 2192 ius
1046 2132 1165 2191 dominii
1186 2132 1314 2194 humani.

356 2223 386 2280 2ο
412 2223 557 2298 quomodo
579 2221 686 2282 Suidas
706 2221 887 2300 peccaverit.

754 2371 890 2439 Solutio.

97 2499 149 2555 553
247 2489 301 2554 Au
324 2511 515 2566 ouausmuu
541 2494 579 2555 1¹¹¹
602 2491 641 2557 R.
669 2495 697 2557 1.
744 2490 929 2556 Dominium
952 2492 1084 2576 plenum
1108 2494 1160 2557 est
1188 2489 1239 2554 ius
1263 2490 1405 2555 habendi
1429 2512 1486 2556 seu

157 2578 344 2663 possidendi
378 2601 447 2645 rem
477 2585 577 2662 55555
607 2580 647 2646 de
678 2601 717 2646 ea
747 2580 938 2664 disponendi
972 2581 1025 2645 vel
1056 2601 1096 2645 ea
1126 2579 1236 2645 utendi
1271 2585 1306 2644 ut
1338 2586 1484 2666 propriu.

157 2668 241 2734 Illud
259 2671 369 2734 autem
383 2672 560 2755 proprium,
586 2690 660 2734 seu:
684 2692 797 2754 ereum,
820 2677 919 2753 55555,
943 2692 1036 2735 auom
1052 2669 1132 2734 dicit
1156 2669 1256 2734 talam
1273 2669 1487 2735 conexionem

156 2757 205 2823 rei
229 2779 302 2822 cum
325 2779 364 2823 eo
388 2759 442 2840 551
472 2758 541 2823 5155
565 2763 703 2824 vocatur
726 2758 892 2835 dominus,
923 2763 960 2824 55
990 2759 1023 2822 15
1052 2779 1088 2823 re
1118 2757 1175 2823 illa
1205 2758 1355 2822 habenda
1386 2763 1485 2840 atque

156 2846 188 2912 15
214 2847 425 2930 dispositione
459 2848 498 2911 de
530 2868 570 2912 ea
602 2847 753 2913 facienda
784 2847 854 2931 ipse
886 2848 1035 2913 omnibus
1067 2847 1140 2912 aliis
1163 2847 1281 2914 debeat
1313 2847 1484 2931 praeferri.

157 2936 205 3002 ef.
229 2936 359 3018 Lugo,
387 2938 434 3001 De
456 2939 530 3002 inat.
555 2944 583 3003 et
605 2940 677 3002 iure
700 2937 730 3003 d.
757 2938 786 3015 1,
811 2959 843 3003 n.
868 2939 898 3004 5.

246 3033 285 3099 R.
304 3037 333 3100 2.
373 3033 455 3110 Quia
478 3034 579 3116 igitur
595 3034 743 3099 dominus
766 3034 800 3099 in
824 3055 883 3099 usu
907 3039 941 3100 55
958 3033 1169 3117 dispositione
1186 3032 1274 3098 circa
1296 3053 1366 3097 rem
1391 3055 1484 3099 suam

157 3122 306 3188 omnibus
329 3122 403 3188 aliis
426 3123 622 3207 praefertur,
647 3123 795 3206 sequitur
818 3145 891 3188 eum
915 3124 995 3188 nulli
1018 3122 1139 3187 homini
1163 3123 1324 3188 rationem
1348 3123 1485 3188 reddere

157 3212 275 3278 debere
300 3213 339 3277 de
363 3234 424 3277 usu
447 3213 494 3277 rei
518 3218 552 3279 55
575 3212 803 3296 dispositione;
834 3212 972 3293 relinqui
995 3216 1105 3278 tamen
1131 3212 1291 3278 rationem
1315 3212 1385 3277 Deo
1409 3213 1484 3277 red-

156 3301 305 3366 dendam.
353 3301 495 3368 Possunt
524 3305 636 3367 tamen
666 3303 757 3384 leges
781 3301 881 3367 etiam
904 3302 1065 3366 humanae
1093 3305 1228 3385 propter
1250 3302 1370 3366 bonum
1396 3323 1483 3366 com·

156 3411 253 3454 muno
278 3395 386 3456 certos
410 3391 567 3472 quosdam
591 3412 669 3455 usus
692 3391 872 3474 prohibere.

96 3499 148 3552 554
245 3488 283 3553 R.
302 3491 332 3554 3.
372 3487 463 3565 Quod
480 3487 599 3554 dicitur
615 3489 730 3553 adesse
752 3489 802 3553 ius
818 3488 929 3553 utendi
954 3492 988 3553 et
1012 3489 1174 3571 abutendi,
1198 3509 1263 3552 non
1279 3487 1484 3569 intellegitur

156 3577 306 3660 proprius
323 3577 443 3642 abusus
459 3577 514 3659 qui
537 3578 581 3643 sit
603 3579 709 3642 malus
728 3599 815 3654 usus,
840 3577 898 3642 sed
915 3598 992 3641 usus
1008 3577 1062 3659 qui
1086 3577 1130 3642 sit
1153 3577 1200 3641 rei
1224 3598 1283 3660 per
1305 3597 1401 3641 usum
1425 3578 1482 3643 ab·

156 3666 298 3748 sumptio
319 3687 377 3731 555
398 3667 611 3750 consumptio.
651 3667 767 3748 Neque
787 3667 828 3733 ad
851 3667 972 3732 malum
988 3687 1081 3730 usum
1099 3666 1259 3749 quispiam
1283 3665 1384 3731 habet
1407 3687 1482 3749 pro-

155 3754 262 3837 prium
278 3756 337 3833 155,
363 3776 559 3837 quamquam
574 3755 653 3820 mali
675 3777 753 3821 usus
777 3756 862 3821 ratio
878 3756 1043 3820 reddenda
1067 3759 1198 3820 555555
1222 3755 1319 3820 alteri
1341 3754 1481 3831 lromini;

155 3865 261 3925 neque
283 3848 420 3927 propter
435 3846 556 3909 malurn
581 3866 673 3909 usum
698 3866 750 3909 res
767 3845 885 3910 desinit
902 3866 974 3909 esse
990 3845 1119 3910 domino
1143 3845 1285 3928 propria,
1310 3844 1372 3908 nisi
1397 3845 1482 3910 forte

155 3933 188 3997 in
205 3933 397 4015 quibusdam
416 3935 523 3998 causis
547 3935 601 3998 lex
624 3934 755 4016 publica
778 3935 810 3998 id
833 3939 969 4017 propter
987 3935 1106 3999 bonum
1123 3955 1291 3999 commuue
1315 3934 1481 3999 statuerit.

245 4032 282 4098 R.
308 4035 338 4098 4.
386 4031 570 4096 Dominium
594 4032 726 4114 planum
755 4032 875 4096 habere
906 4037 1016 4114 potest
1046 4033 1141 4096 homo
1172 4032 1205 4095 in
1228 4032 1314 4095 bona
1342 4036 1482 4097 externa

154 4142 214 4186 seu
236 4121 389 4186 fortunae
413 4142 496 4203 quae
519 4125 649 4186 vocant.
697 4121 808 4186 Habet
831 4121 929 4186 ctiam
955 4121 1130 4185 dominium
1160 4121 1193 4185 in
1224 4142 1317 4186 suam
1340 4121 1480 4195 famam;

155 4232 220 4274 non
242 4211 342 4276 hebet
362 4210 536 4275 dominium
561 4210 618 4274 sed
642 4231 736 4274 usum
760 4215 890 4275 tantum
913 4210 962 4274 sui
988 4211 1131 4293 corporis
1155 4231 1352 4291 suarumque
1375 4210 1481 4275 facul·

154 4305 278 4365 tatum:
310 4320 506 4381 quamquam
537 4299 622 4363 enim
653 4320 769 4382 corpus
800 4303 833 4364 et
857 4299 943 4364 vires
967 4303 1001 4364 55
1024 4300 1201 4365 facultates
1231 4299 1374 4364 maximo
1404 4305 1482 4365 5555

155 4410 264 4466 meae,
295 4392 406 4454 tamen
438 4410 502 4452 non
525 4409 655 4472 possum
681 4389 720 4452 de
743 4388 783 4452 iis
806 4409 864 4452 555
888 4388 928 4453 de
952 4410 1063 4453 earum
1088 4388 1274 4455 substantia
1298 4389 1480 4472 disponere.

154 4498 260 4559 neque
284 4478 348 4543 mei
370 4478 472 4561 ipsius
492 4499 563 4542 esse
587 4497 717 4560 possum
735 4478 883 4561 superior
900 4479 953 4543 vel
969 4478 1117 4543 domiuus
1141 4514 1184 4522 —
1207 4478 1262 4560 qui
1286 4479 1376 4544 solus
1392 4479 1482 4544 Dcus

155 4571 215 4632 est.
268 4568 323 4633 Tb.
348 4590 388 4633 on.
413 4567 438 4644 Ι,
463 4569 537 4632 515.
564 4569 626 4631 758
644 4589 691 4648 55.
