3106 5168
166 303 230 368 538
657 298 698 353 De
716 298 823 366 legibus
841 299 987 355 Ecclesiae.

89 492 157 546 1049
255 478 294 544 R..
306 480 335 543 3.
361 477 474 555 Quoad
489 477 688 543 monasteria
700 477 843 543 virorum
858 478 1150 544 excommunicatio
1162 478 1290 562 papalis
1306 500 1372 545 non
1384 479 1487 546 fertur

166 565 228 631 nisi
250 569 385 649 propter
407 566 612 648 illegitimum
635 567 818 648 ingressum
842 571 1040 645 exterorum,
1064 567 1160 650 idque
1183 568 1326 633 solarum
1350 568 1486 634 femina·

165 672 236 720 rum
261 653 363 736 (bulla
387 657 494 741 Apoat.
519 657 614 722 Sedis
636 676 698 721 ser.
720 655 763 733 ll,
788 659 850 721 art.
869 655 913 735 7),
938 656 1092 721 videlicet
1113 658 1146 721 in
1174 656 1206 738 1)
1233 659 1402 738 ,mulieres
1427 662 1486 723 eie·

165 746 266 810 lentes
296 744 494 827 regularium
517 744 662 810 virorum
685 745 907 819 clausuram⁴‘;
940 746 974 826 2)
999 748 1054 826 ,et
1076 745 1261 828 superiores
1284 746 1411 812 aliosve
1433 767 1487 812 eas

167 832 396 900 admittentee“.

254 922 344 988 Nota
366 925 538 1005 praeterea
562 942 633 986 esse
657 922 817 1004 quaedam
839 921 912 986 loca
934 922 1049 986 horum
1081 923 1372 1002 monasteriorum,
1406 945 1487 1006 quae

166 1010 338 1077 clausurae
361 1032 425 1077 non
448 1010 634 1087 subiacent,
665 1009 815 1075 nimirum
846 1014 978 1093 praeter
1000 1010 1228 1077 allocutorium
1251 1012 1353 1077 etiam
1380 1013 1413 1093 1)
1436 1034 1487 1078 ec·

166 1099 309 1178 clesiam,
334 1101 367 1181 2)
391 1099 584 1176 sacristiam,
609 1099 636 1178 si
660 1120 719 1183 per
733 1099 904 1164 eeclesiam
920 1099 1029 1165 aditus
1048 1099 1081 1163 in
1099 1120 1170 1166 eam
1186 1104 1297 1183 patet:
1322 1101 1366 1165 ibi
1391 1102 1488 1182 igitur

166 1188 307 1255 feminae
337 1210 402 1255 non
431 1188 660 1272 prohibentur,
691 1188 768 1270 quin
797 1188 893 1253 simul
923 1208 995 1253 cum
1024 1188 1104 1253 viris
1133 1189 1295 1271 religiosis
1326 1191 1488 1257 exsistant

167 1280 266 1360 atque
289 1299 362 1343 cum
385 1277 435 1354 iis,
459 1277 487 1342 si
511 1298 592 1360 opus
615 1277 667 1354 sit,
693 1277 877 1359 loquantur.

254 1376 411 1461 Epressue
434 1375 576 1441 furtivus
599 1379 633 1440 et
656 1377 832 1439 nocturnus
855 1375 939 1439 solet
962 1373 1057 1456 gravi
1079 1395 1185 1458 poena
1208 1377 1242 1440 et
1265 1377 1488 1442 reservatione

168 1463 289 1540 vetari;
314 1464 420 1546 magis
443 1464 542 1528 etiam
567 1483 719 1544 egressus
743 1463 951 1546 apostatandi
976 1484 1085 1529 causa.

256 1569 294 1635 R.
319 1572 349 1634 4.
390 1568 538 1634 Occurrit
560 1567 594 1632 in
616 1572 755 1650 utraque
779 1569 930 1634 clausura
952 1573 1023 1636 turn
1045 1569 1233 1635 monialium
1257 1574 1328 1637 tum
1344 1571 1486 1637 virorum

167 1657 393 1739 religiosorum
416 1657 569 1722 violanda
589 1678 656 1722 vox
677 1657 780 1734 ,admi
782 1661 938 1725 tientes&
977 1658 1048 1736 Qua
1071 1679 1151 1724 voce
1178 1658 1248 1724 sine
1272 1660 1370 1726 dubio
1394 1661 1488 1727 intel·

166 1746 321 1828 leguntur
354 1747 608 1827 introducentes,·
641 1746 876 1847 intelleguntur
908 1747 1007 1813 etiam
1040 1747 1112 1849 qui„
1131 1747 1298 1829 ingressos
1331 1749 1486 1827 detinent

167 1834 310 1917 alioquin
333 1854 540 1916 egressur0s3
563 1835 661 1900 immo
685 1835 869 1918 superiores
893 1856 1068 1919 omnesque
1090 1836 1123 1913 ii,
1148 1836 1202 1918 qui
1226 1857 1268 1902 ex
1291 1837 1402 1904 officio
1427 1839 1487 1904 dis·

167 1924 319 2008 ciplinam
343 1924 529 2006 religiosam
554 1925 731 1989 curandam
756 1925 887 2002 habent,
915 1926 1112 1990 admittentes
1135 1929 1221 2004 sunt,
1246 1947 1284 1991 eo
1308 1927 1383 2010 ipso
1407 1927 1487 2010 quod

167 2013 307 2096 aliquem
330 2014 458 2098 inpredi
480 2016 591 2079 sinunt
614 2013 699 2078 vel
691 2034 874 2095 ingressum
898 2036 961 2079 reon
984 2016 1146 2099 repellent.

89 2142 158 2198 1050
255 2128 308 2193 An
324 2148 515 2204 eoarsrruu
532 2131 571 2192 2¹¹·
586 2127 625 2194 lt.
646 2130 661 2193 1
680 2128 722 2194 ad
742 2130 882 2212 priorem
899 2148 1021 2194 casum.
1060 2125 1191 2194 Amalia
1207 2131 1296 2194 certe
1312 2129 1487 2213 puellulam

166 2216 328 2282 inlocum
352 2217 523 2283 clausurae
547 2216 726 2282 subiectum
751 2218 939 2282 introducit.

255 2306 319 2372 Sed
342 2305 525 2389 quaeritur,
554 2305 686 2388 quinam
709 2305 791 2382 sint,
822 2326 903 2387 quos
926 2325 967 2369 ne
990 2304 1200 2371 introducant
1223 2306 1276 2370 vel
1300 2307 1485 2382 admittant,

166 2395 323 2460 moniales
346 2395 444 2459 aliive
467 2394 676 2477 prohibentor
699 2395 757 2459 sub
783 2393 1127 2460 excommunicatione.
1175 2393 1366 2496 Complures
1389 2397 1486 2462 inter

165 2487 276 2566 pretes
299 2483 379 2547 illud
405 2506 475 2564 ,eos
498 2483 759 2550 introducentes“
786 2483 983 2564 intellegunt
1000 2484 1039 2547 de
1055 2482 1212 2566 personis,
1241 2483 1487 2568 ,cuiuscumque

165 2572 295 2653 generis
318 2576 390 2637 aut
399 2572 612 2649 condicionis,
637 2593 737 2637 sexus
760 2576 817 2638 aut
839 2571 960 2638 aetatis
983 2572 1137 2637 fuerint&
1185 2571 1227 2636 Hi
1252 2578 1487 2676 consequenter

167 2660 278 2725 dicunt
302 2661 462 2725 Amaliam
494 2661 862 2727 excommunicationem
892 2660 1084 2738 incurrisse,
1116 2660 1177 2725 nisi
1208 2663 1320 2726 tamen
1351 2684 1411 2746 per
1440 2665 1486 2728 in·

168 2749 407 2815 advertentiam
430 2754 614 2815 excusetur.
657 2750 722 2815 Alii
745 2771 824 2814 vero
847 2749 927 2814 illud
953 2750 1042 2830 »εοεα
1068 2750 1215 2814 referunt
1238 2750 1280 2814 ad
1308 2751 1487 2827 ,violantes

167 2838 351 2903 clausuram
374 2839 602 2919 ingrediendo“
631 2844 729 2920 atque
753 2859 816 2902 non
833 2838 1063 2921 comprehendi
1086 2842 1220 2903 censent
1239 2860 1305 2914 eos,
1331 2840 1386 2922 qui
1409 2863 1485 2907 non·

168 2927 243 2991 dum
266 2931 403 3011 possunt
425 2927 636 3009 ingrediendo
660 2928 843 2992 clausuram
868 2931 1000 3010 uiolare,
1033 2948 1071 2991 eo
1095 2928 1180 3008 quod
1210 2927 1293 3009 legis
1317 2929 1486 2995 violandae

167 3037 225 3080 seu
255 3017 408 3098 peccandi
438 3038 576 3099 capaces
606 3017 747 3081 nondum
778 3016 852 3082 sint.
900 3017 948 3082 ef.
972 3015 1242 3092 Laurentius,
1274 3018 1380 3083 instit.
1410 3022 1487 3084 iaris

168 3108 236 3170 ecel.
261 3127 291 3172 n.
316 3108 391 3170 418.
439 3106 529 3181 Quod
562 3126 600 3170 eo
632 3106 737 3186 magis
769 3105 874 3170 teneri
907 3108 1031 3186 potest,
1065 3105 1141 3187 quia
1173 3105 1274 3169 verba
1306 3127 1350 3170 ex
1381 3108 1485 3172 Trid.

167 3215 246 3259 sess.
265 3198 316 3271 25,
341 3216 368 3261 c.
388 3198 406 3258 5
432 3197 470 3259 cle
494 3195 552 3276 ref.
576 3218 639 3279 rep.
664 3196 836 3277 desumpta
860 3198 973 3276 aperte
995 3195 1171 3275 loquantur
1195 3195 1234 3258 de
1257 3194 1337 3260 solis
1360 3195 1412 3274 iis,
1436 3197 1486 3279 qni

168 3305 259 3347 usum
283 3284 420 3349 rationis
444 3284 553 3367 adepti
577 3284 667 3365 leges
690 3283 859 3348 Ecclesiae
884 3282 1061 3364 infringere
1084 3287 1231 3366 possunt.

255 3381 403 3446 Praetice
426 3381 527 3463 igitur
551 3402 609 3464 per
625 3381 853 3446 admissionem
878 3379 1051 3446 infantium
1075 3402 1169 3445 usum
1185 3380 1323 3446 rationis
1347 3384 1485 3448 nondum

166 3469 353 3535 habentium
378 3470 508 3535 Amalia
531 3470 666 3537 tractari
692 3471 804 3552 nequit
828 3474 864 3535 ut
889 3470 1224 3535 excommunicatione
1247 3472 1384 3536 affecta:
1418 3478 1486 3538 utut

167 3559 286 3640 alioqui
310 3565 420 3643 potest
442 3580 589 3641 peccare.

88 3686 155 3739 1051
255 3665 293 3729 R..
320 3669 338 3728 2
363 3666 404 3730 ad
428 3686 538 3729 casum
563 3668 707 3730 alterare.
756 3665 788 3746 1)
812 3664 1042 3729 Abstrahendo
1066 3685 1085 3728 a
1110 3664 1336 3746 neglegentia,
1361 3687 1486 3747 quaea

166 3752 328 3833 religiosis
344 3754 516 3818 commissa
531 3754 575 3818 sit
596 3754 758 3819 nonsatis
775 3753 977 3818 observando
994 3756 1107 3834 portas
1123 3753 1322 3831 monasterii,
1348 3754 1486 3821 feminae

165 3841 257 3918 illae,
290 3842 317 3905 si
340 3845 487 3907 sciuerint
514 3844 618 3924 legen]
644 3843 908 3920 ecclesiasticam,
934 3842 1301 3908 excommunicationem
1326 3848 1418 3910 certo
1441 3845 1485 3908 in-

168 3935 348 3996 currerunt.

257 4029 290 4109 2)
316 4028 347 4093 Si
365 4028 404 4091 de
424 4029 611 4093 monasterii
631 4030 738 4112 priore
755 4029 930 4110 quaeritur,
957 4051 1032 4091 num
1049 4028 1103 4092 ille
1120 4029 1483 4095 excommunicationem

166 4119 297 4193 subeat,
330 4117 413 4180 idem
439 4122 489 4182 est
512 4123 610 4198 atque
635 4139 807 4200 quaerere,
838 4140 913 4182 num
938 4140 975 4181 eo
1000 4119 1069 4199 ipso
1094 4118 1156 4181 dici
1181 4118 1299 4182 debeat
1323 4123 1485 4185 edendnm

166 4206 330 4283 feminam,
356 4227 451 4287 quarn
476 4208 605 4289 repellit
629 4208 767 4289 quidem,
792 4208 849 4271 sed
873 4228 937 4270 non
961 4207 1109 4271 breviore
1133 4227 1197 4287 qua
1220 4207 1325 4289 possit
1350 4209 1415 4274 via.
1456 4207 1483 4272 Si

167 4297 238 4378 quis
262 4297 309 4361 ita
332 4317 390 4378 per
413 4297 535 4379 loupiac
559 4300 687 4379 tempus
703 4296 857 4360 feminam
881 4296 970 4359 illam
994 4296 1035 4359 ad
1052 4296 1299 4376 colloquendum
1320 4298 1483 4362 retineret.

167 4407 230 4449 non
256 4385 382 4461 dubita,
411 4385 487 4464 quin
511 4406 680 4449 censuram
704 4386 900 4452 incurreret:
932 4407 1045 4449 verum
1070 4406 1142 4448 cum
1165 4389 1238 4449 tota
1261 4385 1381 4467 prioris
1404 4387 1483 4451 actio

167 4474 210 4538 sit
234 4474 383 4538 emittere
407 4473 560 4536 feminam
586 4496 603 4538 e
626 4475 697 4538 loeo
722 4476 901 4549 clausurae,
927 4475 959 4537 in
976 4496 1066 4537 mora
1087 4474 1144 4537 illa
1168 4495 1231 4538 non
1256 4475 1354 4556 plane
1378 4497 1484 4540 neees-

168 4563 254 4626 saria
289 4561 449 4627 trahenda
485 4563 614 4626 videtur
649 4564 851 4627 admittenda
885 4584 957 4627 esse
992 4563 1150 4627 materiae
1184 4564 1352 4645 parvitas:
1389 4583 1483 4646 quare

169 4672 301 4727 censeo,
333 4651 393 4714 nisi
418 4650 472 4714 via
495 4651 552 4715 illa
575 4652 618 4716 sit
640 4674 758 4717 revera
787 4656 879 4735 leupo
910 4657 943 4716 et
971 4654 1059 4737 lonqe
1090 4652 1272 4717 diuturnior
1303 4674 1401 4734 quam
1424 4653 1482 4718 alie
