3106 5168
326 299 396 353 luris
414 299 482 353 laesi
501 300 636 369 reparatio
655 328 688 336 -
707 299 868 353 restituendi
885 301 980 353 onorius
997 307 1021 352 et
1040 301 1114 354 ordo.
1317 303 1380 367 381

149 476 202 541 An
232 496 423 552 ouassmuu
454 480 492 541 2¹²
522 477 561 543 a.
590 479 616 542 l.
665 476 697 541 Si
726 477 899 543 Terentius
929 476 1051 542 homini
1084 477 1130 542 illi
1163 476 1298 560 pauperi
1330 478 1384 543 vel
1394 488 1445 543 755

58 566 160 632 etiam
190 565 251 649 piis
281 564 440 631 institutis
469 571 617 649 tempore
647 566 720 647 lege
750 566 855 632 adhuc
884 565 1041 650 permisso
1065 565 1193 647 integre
1219 566 1382 645 solvisset,

59 655 149 720 nullo
173 654 269 719 modo
292 654 577 738 reprehendendus
600 659 698 721 esset.
745 655 792 721 cf.
817 655 928 720 Marc
953 677 985 720 n.
1012 657 1096 720 1005
1121 660 1156 720 et
1181 658 1276 722 1006.

150 760 188 825 R.
221 762 251 826 2.
304 759 395 836 Quod
424 781 504 825 vero
534 760 641 825 virum
671 760 822 827 ditiorem
852 761 993 826 monuit:
1024 760 1051 825 si
1081 761 1142 825 hoc
1173 760 1251 827 fecit
1280 762 1384 829 tacita

58 848 201 931 quadarn
218 848 443 927 conventione,
467 854 504 915 ut
519 849 570 914 vir
587 849 643 914 ille
666 850 873 933 specietenus
895 855 1023 916 tantum
1047 850 1203 915 evaderet
1226 850 1382 916 bonorum

59 939 190 1003 illorum
214 938 379 1015 dominus,
410 938 480 1021 ipse
503 938 676 1003 Terentius
699 960 735 1004 re
757 959 838 1004 vera
862 960 901 1004 ea
927 939 1104 1015 retineret,
1135 938 1184 1004 ita
1205 942 1317 1005 tamen
1347 943 1385 1004 ut

58 1027 171 1092 invadi
205 1047 225 1092 a
256 1027 390 1108 reliquis
422 1026 637 1092 creditoribus
669 1028 742 1110 lege
774 1050 839 1092 non
870 1028 936 1093 iam
967 1032 1120 1111 possent,
1160 1027 1229 1110 egit
1263 1027 1384 1094 iniuste

59 1137 166 1198 neque
189 1116 372 1181 absolvitur
394 1116 436 1181 ab
460 1116 659 1199 obligatione
681 1117 815 1199 reliquis
839 1116 1052 1184 creditoribus
1082 1137 1141 1200 pro
1167 1138 1263 1200 posse
1286 1118 1385 1183 satis·

60 1204 212 1271 faciendi.

152 1293 185 1359 Si
209 1315 287 1358 vero
312 1293 437 1359 sincere
461 1297 571 1359 actum
595 1297 646 1359 est
671 1315 776 1376 neque
806 1294 974 1378 stipulatio
998 1294 1065 1359 ulla
1094 1294 1296 1373 intercessit,
1327 1295 1385 1360 sed

60 1383 133 1448 sola
163 1404 237 1466 spes
267 1383 406 1447 habendi
437 1388 552 1466 postea
581 1383 695 1448 auxilii
724 1404 783 1467 per
812 1383 951 1449 amicum
981 1383 1097 1449 istum:
1127 1383 1306 1449 iniustitiae
1335 1383 1386 1448 in·

61 1472 169 1537 cusari
193 1471 367 1537 Terentius
390 1472 518 1554 nequit;
550 1476 649 1554 atque
679 1472 721 1538 ab
751 1474 838 1537 omni
866 1477 1004 1557 peccato
1034 1472 1185 1537 immunis
1209 1472 1326 1551 fuerit,
1358 1474 1386 1538 si

61 1561 123 1626 hoc
154 1562 249 1626 modo
279 1561 384 1625 solum
415 1582 454 1625 ea
484 1583 519 1626 se
549 1565 665 1644 postea
695 1566 902 1645 recepturum
927 1582 999 1627 esse
1023 1561 1180 1639 intendit,
1211 1582 1294 1644 quae
1324 1562 1385 1627 sibi

61 1649 130 1716 siut
158 1653 349 1716 necessario.
381 1686 424 1694 —-
447 1650 569 1715 Verum
601 1671 639 1716 eo
669 1650 797 1716 facilius
827 1652 857 1716 ei
887 1651 1052 1717 incumbet
1081 1650 1255 1732 obligatio,
1287 1651 1385 1716 etiam

62 1744 196 1822 postea,
232 1739 261 1803 si
293 1738 421 1820 quando
456 1739 498 1804 ad
532 1739 700 1804 meliorem
731 1739 896 1805 fortunam
929 1740 1075 1817 venerit,
1111 1738 1221 1806 debita
1256 1741 1387 1823 integra

62 1828 221 1894 solvendi.

153 1943 206 2006 An
229 1962 421 2017 ouassmuu
445 1945 482 2006 3¹¹¹
511 1942 549 2006 R.
577 1944 605 2007 l.
651 1941 689 2007 In
713 1963 791 2006 casu
814 1941 981 2024 proposito
1005 1941 1193 2020 Terentius,
1218 1964 1290 2007 curn
1314 1948 1387 2009 arte
1397 1956 1448 2009 756

62 2031 204 2112 quadam
236 2031 418 2113 complures
451 2030 629 2096 creditores
661 2031 837 2096 excluserit
866 2031 907 2096 ab
931 2029 1116 2113 recipienda
1138 2032 1387 2114 proportionata

62 2119 236 2198 solutione,
261 2120 365 2185 tacita
389 2120 583 2185 condonatio
608 2120 790 2185 debitorum
814 2119 965 2185 absoluta
987 2120 1151 2202 praesumi
1174 2120 1295 2201 nequit.

154 2225 193 2291 R.
218 2228 248 2290 2.
283 2224 320 2289 In
345 2224 416 2291 aliis
441 2229 550 2290 autem
575 2225 839 2304 circumstantiis,
864 2225 992 2307 quando
1017 2246 1059 2290 ex
1082 2224 1258 2291 infortunio
1283 2226 1385 2291 cessio

62 2315 221 2379 bonorum
244 2313 484 2397 inculpabiliter
506 2314 576 2379 fieri
595 2315 715 2393 debuit,
740 2320 839 2397 atque
863 2314 1026 2380 debitores
1049 2335 1113 2379 non
1136 2314 1298 2397 integram
1316 2316 1386 2398 qui·

64 2404 137 2468 dem
168 2403 381 2479 solutionem,
414 2424 568 2485 magnam
598 2408 709 2469 tamen
739 2408 865 2487 partem
895 2409 1106 2486 receperunt:
1140 2403 1314 2484 aliquando
1345 2425 1387 2469 ex

63 2492 161 2557 modo
185 2491 301 2573 agendi
327 2492 476 2557 concludi
499 2496 609 2575 potest
639 2513 695 2558 eos
717 2493 803 2558 velle
834 2493 895 2557 hoc
927 2492 1023 2558 modo
1047 2492 1157 2559 debita
1179 2493 1300 2559 habere
1327 2517 1386 2579 pro

65 2584 236 2646 exstinctis.
298 2580 418 2656 Quodsi
451 2582 512 2645 hoc
548 2603 621 2647 cum
658 2582 798 2663 quadam
834 2582 948 2647 morali
985 2581 1180 2648 certitudine
1213 2582 1386 2665 colligitur,

63 2670 202 2748 debitor,
227 2668 289 2736 etsi
313 2675 428 2753 postea
443 2670 556 2753 possit,
581 2671 717 2753 antiqua
733 2670 843 2736 debita
858 2673 986 2737 solvere
1008 2693 1073 2735 uon
1089 2671 1227 2754 amplius
1246 2677 1386 2738 tenetur.
1455 2713 1458 2720 ·

155 2776 193 2842 R.
219 2781 249 2842 3.
296 2775 416 2851 Quodsi
440 2775 479 2840 de
503 2775 660 2841 eiusmodi
683 2776 920 2841 condonatione
943 2797 1007 2841 non
1031 2781 1177 2854 constat,
1209 2781 1308 2858 atque
1332 2777 1388 2842 de·

64 2864 153 2930 bitor
169 2865 276 2930 omnia
299 2867 439 2949 tepolitcr
455 2865 533 2946 egit,
557 2865 577 2931 i.
596 2865 719 2930 anihil
741 2865 828 2931 ultra
850 2866 941 2947 leges
964 2865 1024 2930 sibi
1048 2866 1183 2931 retinuit
1205 2887 1310 2948 neque
1332 2866 1388 2931 uni

64 2975 145 3037 prae
170 2955 275 3021 altero
299 2954 414 3018 solvit:
446 2955 562 3019 saltem
593 2976 657 3019 non
687 2959 819 3019 tenetur
849 2955 974 3036 reliqua
1004 2955 1149 3031 solvere,
1180 2954 1242 3019 nisi
1273 2959 1388 3039 postea

64 3045 233 3108 commode
256 3043 409 3126 potuerit.
457 3043 490 3107 Si
514 3064 592 3107 vero
616 3044 704 3108 ultra
726 3064 766 3107 ea
789 3064 872 3124 quae
896 3043 986 3125 leges
1009 3043 1212 3126 permittunt,
1236 3043 1270 3106 in
1294 3065 1387 3108 suum

65 3133 120 3197 vel
137 3133 233 3197 amici
257 3133 459 3197 commodum
476 3133 632 3214 quaedam
658 3131 794 3197 retinuit
809 3133 862 3197 vel
886 3132 997 3196 solvit:
1023 3134 1216 3196 corrnnodcm
1239 3132 1387 3197 solvendi

65 3221 258 3286 facultatem
289 3225 482 3304 exspectare
511 3220 544 3284 in
575 3221 774 3287 conscientia
804 3221 833 3285 ei
864 3242 927 3285 non
955 3220 1048 3298 licet,
1079 3221 1135 3285 sed
1161 3220 1258 3286 debet
1287 3220 1386 3285 etiam

65 3331 140 3374 cum
166 3310 305 3392 quadam
329 3315 438 3376 status
461 3314 495 3375 et
518 3310 625 3374 victus
649 3310 860 3375 diminutione
884 3331 923 3374 ea
947 3330 1136 3393 comparare
1160 3309 1244 3374 unde
1268 3311 1387 3387 solvat,

64 3420 131 3464 non
154 3403 266 3464 tamen
289 3420 361 3463 oum
385 3399 587 3463 incommodo
611 3398 719 3466 nimio.

156 3498 195 3563 R.
226 3500 257 3563 4.
309 3496 480 3561 Difficilior
512 3517 565 3561 res
594 3502 663 3573 est,
702 3497 728 3560 si
760 3495 943 3578 quaeritur,
980 3517 1055 3561 num
1092 3495 1125 3560 in
1157 3495 1303 3561 debitore
1334 3496 1448 3577 quito?

65 3586 176 3650 omnia
198 3585 350 3667 legaliter
373 3589 528 3662 cesserat,
552 3585 579 3649 si
604 3588 719 3669 postea
742 3584 828 3652 forte
853 3585 1020 3650 commode
1043 3585 1202 3669 potuerit,
1231 3585 1387 3666 obligatio

64 3675 195 3756 integre
218 3674 364 3739 solvendi
388 3674 575 3739 reviviscat.
622 3675 671 3739 De
695 3695 759 3757 qua
780 3695 815 3739 re
838 3673 886 3740 ita
910 3674 997 3739 dico:
1022 3675 1055 3739 Si
1080 3674 1208 3756 quando
1231 3674 1265 3739 in
1289 3675 1388 3742 certis

64 3764 254 3845 regionibus
277 3764 456 3829 communis
479 3764 646 3846 persuasio
670 3763 824 3829 fueritin
848 3764 1004 3829 bonorum
1032 3763 1187 3843 cessione,
1212 3785 1295 3845 quae
1318 3764 1388 3829 sine

64 3855 165 3937 culpa
179 3853 322 3918 evaserit
336 3852 531 3926 necessaria,
556 3853 664 3917 omnia
680 3852 790 3917 debita
805 3852 917 3917 haberi
940 3874 999 3935 pro
1016 3853 1188 3919 exstinctis
1204 3875 1267 3918 non
1284 3854 1388 3918 solum

65 3964 176 4007 coram
203 3943 277 4025 lege
300 3941 357 4006 sed
379 3941 568 4025 simpliciter
583 3941 682 4007 etiam
706 3941 738 4006 in
756 3942 964 4019 conscientia,
989 3964 1061 4007 eam
1083 3942 1387 4026 interpretationem

65 4031 99 4110 ii,
117 4030 172 4113 qui
188 4031 257 4096 sine
273 4031 359 4095 omni
375 4030 491 4095 fraude
507 4035 541 4095 et
557 4051 629 4095 cum
646 4031 743 4114 plena
759 4030 988 4098 conformitate
1004 4032 1112 4114 legum
1129 4037 1276 4113 egerunt,
1297 4032 1386 4113 sequi

64 4125 213 4203 possunt.
253 4121 290 4184 Id
313 4120 471 4203 imprimis
494 4119 593 4197 valet,
619 4120 646 4184 si
670 4141 728 4203 pro
752 4121 896 4203 pecuniis
919 4125 1032 4186 mutuo
1056 4121 1198 4204 acceptis
1222 4121 1262 4185 ad
1287 4140 1388 4201 nego·

64 4209 238 4275 tiationem
261 4230 380 4273 usurae
404 4210 532 4291 amplae
556 4208 683 4274 solutae
706 4209 845 4283 fuerint3
878 4231 942 4274 non
966 4210 1051 4274 enim
1075 4210 1229 4274 iniustum
1253 4212 1320 4284 est,
1352 4212 1388 4272 ut

65 4299 100 4363 in
124 4299 184 4364 tali
208 4320 287 4363 casu
315 4298 471 4381 pecuniae
495 4297 594 4363 etiam
618 4303 745 4380 partem
775 4298 918 4365 habeant
948 4302 1097 4383 periculi,
1129 4320 1201 4362 cum
1226 4297 1307 4362 alias
1330 4318 1388 4380 pe·

66 4387 163 4453 cunia
195 4388 265 4452 sine
297 4387 383 4451 omni
416 4387 528 4451 labore
560 4390 594 4451 et
625 4387 769 4470 periculo
801 4387 935 4453 nimium
967 4388 1092 4452 lucrum
1123 4387 1256 4467 colligat
1288 4390 1387 4468 atque

65 4477 267 4561 pedetentim
290 4496 402 4540 omnes
425 4476 647 4559 possessiones
670 4475 731 4539 sibi
754 4477 871 4558 rapiat.
888 4516 930 4523 —
955 4477 1000 4542 Et
1015 4475 1165 4557 quoniam
1190 4478 1387 4540 mercatores

66 4571 102 4633 et
125 4566 350 4647 negotiatores
372 4565 419 4630 ita
435 4566 542 4631 solent
566 4564 720 4629 mercium
736 4565 875 4647 pretium
893 4566 1120 4637 determinare,
1144 4567 1181 4628 ut
1198 4563 1387 4628 damnorum

66 4655 332 4721 excessionibus
362 4654 423 4719 sibi
453 4654 688 4736 emergentium
719 4654 878 4720 rationem
908 4654 972 4719 iam
1003 4654 1161 4719 habeant:
1193 4652 1298 4733 quoad
1324 4645 1392 4716 lros
