3106 5168
334 295 459 351 Virtutes
476 312 538 350 curn
557 294 647 350 debito
665 293 762 363 legali:
782 296 879 364 Rosa,
898 294 1018 350 officium
1031 304 1186 364 parentum.
1360 299 1423 363 237

98 475 248 541 Gaveant
269 473 492 552 nihilominus,
516 494 559 539 ne
581 472 740 539 eiusmodi
762 471 1050 557 imprecationibus
1071 472 1146 538 filiis
1170 474 1325 540 scandalo
1348 475 1425 541 sint.

99 563 251 648 exemplo
274 584 333 629 suo
349 562 565 629 maledicendi
580 560 845 629 consuetudinem
869 582 926 627 eos
945 562 1128 630 edocentes.
1144 601 1188 611 --
1204 563 1311 646 Magis
1327 565 1426 631 etiam

99 673 119 718 a
149 652 246 735 gravi
272 652 326 717 vel
357 652 398 717 ab
429 652 516 717 omni
545 657 682 736 peccato
705 656 916 726 excusantur,
947 651 1002 733 qui
1031 651 1064 717 id
1094 652 1199 717 solum
1226 657 1359 736 optant,
1390 660 1427 720 ut

99 742 189 808 Deus
212 741 402 807 innocentes
425 741 509 807 filios
533 741 664 808 auferat
682 745 782 823 atque
805 760 825 805 a
848 739 1001 824 periculis
1016 739 1112 806 huius
1127 739 1239 807 mundi
1254 746 1427 808 aeternae·

100 852 162 913 que
186 830 302 896 mortis
324 834 526 914 praeserves.
1423 852 1432 865 ·

189 937 228 1003 R.
249 939 279 1005 2.
318 937 357 1003 In
380 940 478 1007 altero
501 959 590 1016 casu,
614 958 677 1020 quo
702 937 843 1003 Severus
867 937 927 1003 Dei
942 937 1121 1005 vindictam
1145 936 1230 1004 serio
1248 938 1426 1016 invocavit,
1436 943 1489 997 463

100 1030 190 1092 certe
213 1026 363 1109 graviter
385 1026 547 1112 peccavit.
593 1027 796 1111 Quamquam
819 1026 905 1093 anim
935 1027 1021 1093 filius
1050 1026 1244 1111 gravissime
1267 1027 1426 1111 peccavit,

100 1122 200 1198 atque
217 1116 306 1181 Deus
328 1115 390 1182 hoc
413 1116 472 1182 filii
495 1121 676 1200 peccatum,
700 1115 763 1181 nisi
784 1115 969 1199 resipuerit,
993 1116 1188 1200 gravissime
1205 1117 1428 1200 castigaturus

101 1208 171 1271 est:
204 1203 412 1270 nihilominus
444 1205 521 1284 Dei,
554 1226 617 1270 non
648 1204 787 1271 hominis
819 1210 887 1283 est,
920 1205 1004 1271 hanc
1033 1205 1212 1272 vindictam
1243 1205 1426 1274 decernere.

100 1293 198 1359 Nunc
222 1297 331 1360 autem
350 1294 421 1379 ipse
437 1297 526 1360 Deus
541 1295 613 1360 vult
636 1295 721 1360 hanc
744 1292 801 1358 filii
817 1293 1085 1379 resipiscentiam,
1108 1316 1173 1361 non
1189 1316 1338 1378 poenam,
1362 1297 1427 1373 vel,

101 1383 130 1448 si
146 1382 218 1449 vult
233 1404 382 1468 poenam,
406 1382 491 1449 hanc
506 1384 579 1449 vult
601 1383 634 1448 in
658 1383 716 1448 filii
735 1383 863 1460 bonum,
887 1405 952 1449 non
975 1384 1008 1449 in
1031 1384 1100 1450 eius
1115 1383 1301 1461 interitum
1325 1385 1428 1451 multo

101 1470 208 1537 minus
232 1473 304 1538 vult
329 1471 492 1538 hominem
521 1473 661 1539 alterum
685 1472 821 1538 alterius
845 1472 1031 1539 desiderare
1061 1472 1240 1540 interitum.
1287 1474 1428 1541 Severus

102 1565 214 1627 autem
237 1560 382 1628 ostendit
410 1583 446 1627 se
477 1561 583 1645 ipsum
606 1561 664 1626 filii
687 1561 809 1626 malum
833 1582 891 1627 seu
914 1561 1127 1629 infortunium
1151 1567 1188 1629 ut
1210 1562 1278 1630 tale
1301 1562 1428 1628 deside·

101 1671 187 1729 rare,
212 1650 299 1732 quod
321 1651 386 1716 odii
410 1656 445 1718 et
467 1650 631 1718 vindictae
654 1649 789 1716 illicitae
812 1655 873 1717 est.

192 1755 231 1823 R.
256 1759 287 1824 3.
333 1756 421 1821 Male
444 1759 594 1823 tractans
616 1755 700 1821 filios
723 1755 841 1841 prioris
864 1755 977 1822 uxoris
1001 1777 1121 1840 eosque
1144 1756 1334 1824 notabiliter
1356 1756 1429 1823 aliis

103 1850 303 1930 postponens
326 1844 426 1912 etiam
450 1845 598 1928 graviter
620 1851 737 1930 peccat
761 1845 918 1912 Severus:
947 1845 1046 1912 immo
1075 1868 1141 1912 non
1164 1847 1267 1912 solum
1291 1851 1429 1913 externa

104 1935 243 2011 actione,
267 1935 326 1999 sed
349 1934 449 2001 etiam
474 1934 604 2000 defectu
626 1934 748 2001 interni
771 1935 901 2012 amoris,
925 1957 1022 2019 quem
1038 1935 1169 2001 videtur
1183 1936 1240 2001 vix
1257 1936 1429 2003 retinuisse

104 2023 215 2101 ullum,
240 2023 389 2105 graviter
410 2023 572 2108 peccavit.

193 2130 233 2196 R.
257 2131 288 2196 4.
335 2129 494 2196 Parentes
518 2129 657 2213 quidem,
688 2129 716 2195 si
738 2129 859 2195 iustam
883 2150 1016 2195 causam
1038 2129 1170 2207 habent,
1193 2152 1257 2197 non
1281 2137 1428 2215 peccant,
1439 2141 1491 2195 464

104 2219 132 2283 si
155 2218 295 2283 filiorum
311 2218 527 2285 hereditatem
551 2219 593 2284 ad
616 2217 797 2301 legitimam
820 2217 1003 2303 portionem
1019 2219 1232 2303 restringunt,
1258 2219 1430 2286 dummodo

104 2307 162 2373 filii
191 2308 254 2375 hac
282 2307 411 2374 ratione
440 2329 504 2373 non
534 2307 760 2391 relinquantur
789 2307 937 2390 graviter
967 2307 1160 2391 indigentes,
1201 2309 1325 2376 Verum
1349 2309 1431 2375 alios

104 2397 188 2462 filios
204 2396 405 2480 restringere
425 2397 466 2462 ad
489 2402 617 2480 partem
634 2397 824 2480 legitimam,
849 2397 932 2463 alios
955 2418 993 2463 eo
1015 2397 1121 2481 magis
1137 2398 1242 2465 ditare
1258 2398 1328 2465 sine
1344 2398 1431 2466 iusta

105 2486 264 2569 gravique
283 2507 383 2552 causa
406 2507 427 2552 a
450 2490 544 2570 parte
566 2486 624 2564 rei,
649 2487 706 2552 sed
730 2506 772 2551 ex
795 2486 864 2551 solo
880 2486 1064 2553 inordinato
1081 2489 1211 2566 affectu,
1235 2487 1267 2553 id
1292 2482 1430 2571 aequ'um

106 2596 249 2641 amorem
273 2575 369 2640 nimis
393 2575 495 2641 laedit
517 2581 616 2657 atque
640 2597 683 2641 ex
706 2596 778 2641 sese
801 2595 915 2641 ansam
939 2576 1075 2659 praebet
1093 2576 1327 2643 discordiarum
1346 2577 1433 2643 inter

104 2666 243 2740 fratrem
268 2686 371 2748 quare
395 2665 609 2732 communiter
631 2665 692 2730 hoc
716 2664 907 2748 parentibus
929 2686 1033 2747 grave
1056 2670 1228 2750 peccatum
1249 2671 1310 2743 est,
1334 2667 1431 2749 idque

106 2775 222 2820 censeo
245 2754 279 2819 in
302 2775 380 2820 casu
405 2754 517 2819 Severi
541 2775 576 2819 re
599 2753 671 2839 ipsa
694 2754 882 2820 obtinuisse.

195 2861 235 2928 R.
260 2864 290 2927 5.
338 2860 372 2927 si
396 2860 540 2926 condicio
565 2860 677 2926 Severi
700 2860 835 2927 inferior
865 2863 932 2939 est,
963 2864 1052 2927 certe
1083 2881 1125 2926 ex
1154 2883 1190 2927 se
1219 2882 1283 2927 non
1307 2865 1430 2945 peccat,

106 2950 134 3013 si
165 2955 259 3017 curat
288 2950 373 3016 filios
404 2955 477 3017 arte
503 2950 613 3032 aliqua
640 2949 790 3034 opificum
816 2949 1037 3027 instruendos,
1070 2971 1174 3032 neque
1201 2949 1431 3015 consulendum

106 3044 173 3117 est,
205 3046 242 3106 ut
265 3060 377 3105 omnes
400 3039 484 3105 filios
506 3061 583 3105 suos
606 3040 649 3105 ad
678 3038 827 3105 altiorem
851 3041 976 3105 statum
999 3038 1129 3106 evehat.
1176 3038 1292 3121 Neque
1316 3044 1431 3122 peccat

107 3149 165 3211 per
189 3150 224 3193 se
248 3150 346 3193 unum
370 3149 449 3212 prae
473 3128 545 3193 aliis
566 3128 682 3194 studiis
698 3128 881 3195 litterarum
898 3127 1102 3211 applicando,
1127 3128 1154 3193 si
1177 3129 1272 3193 modo
1295 3128 1328 3192 id
1351 3128 1432 3195 facit

107 3219 140 3281 in
171 3238 209 3282 eo
240 3218 294 3300 qui
323 3217 456 3283 maioris
479 3218 631 3284 videatur
653 3217 774 3300 ingenii
805 3220 839 3282 et
869 3217 924 3301 qui
954 3237 996 3281 ex
1025 3216 1206 3283 intentione
1235 3238 1299 3282 non
1327 3237 1431 3300 prava

108 3307 288 3373 studiorum
313 3307 357 3373 sit
380 3328 504 3384 amans,
530 3308 605 3373 dum
623 3306 679 3372 alii
697 3307 840 3374 fortasse
859 3309 948 3371 artes
964 3305 1135 3371 inferiores
1151 3305 1319 3371 addiscere
1334 3326 1431 3390 prae·

108 3396 226 3462 ferunt.
260 3397 382 3462 Verum
406 3417 448 3461 ex
471 3397 541 3461 sola
564 3395 676 3478 iniqua
698 3395 953 3480 praedilectione
976 3395 1037 3460 hoc
1052 3396 1147 3460 modo
1162 3396 1245 3460 filios
1262 3395 1343 3460 alios
1359 3395 1432 3460 aliis

108 3486 291 3569 praeferre,
315 3486 369 3550 vel
398 3485 507 3568 potius
536 3485 618 3551 alios
648 3485 721 3551 aliis
750 3490 962 3569 postponere,
996 3484 1030 3549 in
1058 3489 1172 3551 nostro
1202 3505 1279 3549 casu
1310 3486 1430 3551 Severo

109 3575 235 3640 crimini
257 3575 343 3641 verti
367 3575 465 3641 debet
511 3575 559 3641 ita
588 3579 625 3640 ut
656 3574 755 3639 etiam
785 3574 846 3640 hac
876 3573 1003 3640 ratione
1034 3595 1054 3639 a
1083 3573 1179 3657 gravi
1207 3575 1343 3658 peccato
1366 3597 1431 3641 non

108 3663 260 3731 videatur
281 3663 441 3730 immunis.

259 3881 414 3948 PIETAS
438 3880 620 3947 FILIALIS
643 3919 687 3930 —
711 3879 917 3947 OFFICIUM
940 3879 1186 3947 PARENTUM
1210 3880 1278 3964 (ll).

665 4042 775 4108 Casus.
804 4049 878 4116 (131)

199 4183 399 4243 Theodericus
421 4202 458 4240 ex
479 4182 540 4240 Lea
560 4182 651 4239 filium
673 4181 819 4257 suscepit,
848 4200 932 4256 quem
960 4182 1046 4239 ambo
1067 4182 1164 4239 famae
1192 4182 1319 4239 tuendae
1340 4200 1431 4240 cansa

110 4271 216 4324 curant
239 4265 269 4323 in
294 4262 543 4341 orphanotrophio
565 4262 755 4320 educandum.
794 4262 866 4320 Post
886 4263 1122 4333 annosior-tuna
1143 4261 1313 4319 notabiliter
1334 4268 1431 4329 aucta,

110 4344 326 4404 matrimonium
348 4343 459 4412 ineunt,
482 4342 647 4419 complures
668 4340 834 4417 suscipiunt
855 4342 942 4411 filios,
964 4361 1036 4417 quos
1058 4360 1137 4398 more
1156 4341 1278 4398 divitum
1301 4345 1330 4398 et
1351 4340 1431 4398 nobi·

110 4427 180 4484 lium
202 4425 344 4496 educant,
372 4423 469 4500 priore
491 4422 551 4481 filio
573 4422 604 4481 in
624 4420 764 4479 inferiore
785 4420 956 4481 condicione
978 4427 1008 4479 et
1028 4420 1197 4495 ignorantia
1217 4420 1262 4478 sui
1286 4427 1367 4479 ortus
1388 4439 1431 4477 re·

110 4506 188 4565 licto.
224 4504 430 4565 Conscientiae
452 4509 549 4561 alitem
570 4501 697 4561 stimulis
719 4501 879 4576 agitantur,
901 4521 939 4559 ex
959 4520 1018 4559 una
1039 4505 1124 4576 parte
1144 4500 1291 4563 timentes,
1313 4519 1350 4558 ne
1371 4506 1431 4559 tum

111 4586 245 4645 dissimili
272 4585 422 4643 tractandi
452 4584 536 4642 inodo
564 4583 595 4640 in
623 4580 847 4658 primogenitum
875 4601 959 4639 suum
987 4586 1129 4656 peccent,
1160 4600 1198 4638 ex
1226 4580 1321 4638 altera
1348 4585 1432 4656 parte

110 4669 248 4726 timentes
263 4665 493 4725 diffamationem
515 4669 544 4721 et
566 4661 737 4722 scandalum
752 4681 789 4720 ex
804 4668 864 4720 tarn
880 4681 947 4719 sera
961 4660 1113 4736 agnitione
1128 4660 1179 4718 filii
1195 4660 1240 4718 sui
1255 4667 1432 4721 secuturum.
