3106 5168
406 306 477 361 luris
495 305 562 361 laesi
580 308 723 378 reparatio.
742 336 778 345 -
797 305 916 360 Causae:
936 309 1094 374 cooperato.
1346 310 1410 375 369

85 480 159 546 eius
183 481 334 548 absentia
357 481 390 546 in
415 503 514 548 causa
537 482 646 562 fuerit,
671 505 728 548 cur
751 483 905 549 damnum
923 481 1103 549 efficaciter
1125 483 1169 550 sit
1192 487 1353 562 exortum,
1378 487 1413 549 et

85 571 158 653 ipse
182 570 390 654 culpabiliter
419 576 518 654 atque
542 594 614 637 cum
644 571 850 656 praevisione
881 570 968 636 illins
999 572 1108 636 damni
1141 572 1252 637 eiusve
1276 572 1412 656 periculi

85 659 241 725 abfuerit.
289 659 376 725 Nam
406 659 435 724 si
458 661 511 725 vel
541 661 661 726 iustam
685 682 817 726 causam
846 660 960 726 babuit
984 681 1041 725 cur
1063 661 1210 739 abesset,
1243 663 1296 726 vel
1322 661 1411 728 istud

85 748 244 813 damnum
277 748 389 813 eiusve
420 749 600 832 periculum
630 750 823 834 praevidere
857 748 946 814 nullo
980 749 1075 814 modo
1109 749 1270 833 potuerit:
1306 771 1411 833 neque

85 837 272 904 formaliter
295 837 415 903 iniuste
438 837 508 919 egit
530 859 635 920 neque
658 838 841 922 reparando
865 838 983 903 damno
1007 843 1058 904 est
1081 838 1251 905 obnoxius.

177 942 216 1010 R.
242 943 272 1007 5.
319 942 366 1006 At
395 942 493 1007 etiam
518 943 647 1026 quando
677 943 719 1008 ad
742 942 984 1009 resarciendum
1014 943 1166 1009 damnum
1189 947 1337 1022 tenetur,
1368 944 1411 1010 ad

85 1030 119 1094 id
154 1051 220 1095 uon
255 1034 388 1096 tenetur
422 1031 484 1096 nisi
514 1041 586 1116 post
620 1052 695 1110 eos,
735 1032 789 1114 qui
819 1036 952 1118 positive
985 1032 1139 1098 damnum
1173 1038 1409 1110 causaverunt3

85 1119 202 1197 immo,
234 1120 262 1184 si
285 1119 475 1198 resarcivit,
507 1121 548 1186 ad
571 1141 628 1186 eos
651 1141 837 1202 regressum
860 1121 960 1187 habet
983 1127 1018 1187 et
1041 1122 1337 1206 compensationem
1359 1123 1411 1189 fa·

84 1229 162 1273 cere
185 1212 306 1291 potest.

177 1331 231 1395 An
251 1351 442 1406 ouausrruu
467 1334 506 1395 2¹²
529 1331 567 1397 R.
588 1336 616 1398 1.
649 1331 683 1398 Si
706 1332 817 1415 agitur
839 1333 880 1398 de
896 1334 1025 1413 damno,
1050 1334 1134 1415 quod
1151 1333 1289 1399 ecclesia
1310 1345 1471 1419 passa731

86 1420 149 1498 sit,
181 1441 234 1485 res
258 1419 464 1485 diiudicanda
494 1425 545 1487 est
569 1441 610 1485 ex
639 1420 679 1485 iis
711 1442 794 1503 quae
818 1422 860 1487 ad
884 1421 1016 1499 Quaest.
1044 1426 1080 1488 1¹¹¹
1103 1422 1141 1488 R.
1167 1425 1187 1488 3
1211 1422 1408 1490 dictasunt.

85 1510 166 1575 Cum
199 1530 295 1573 nemo
326 1530 368 1574 ex
400 1509 440 1573 iis
471 1508 524 1591 qui
557 1509 732 1576 abfuerunt
764 1533 801 1575 ox
830 1514 955 1576 iustitia
987 1515 1156 1577 teneretur
1185 1511 1227 1576 ad
1257 1512 1409 1578 damnum

85 1598 167 1662 illud
197 1597 454 1681 impediendum:
485 1619 578 1663 nemo
609 1598 650 1664 ad
681 1599 921 1666 restitutionem
945 1600 1127 1666 faciendam
1158 1604 1269 1684 potest
1296 1601 1410 1668 stricte

86 1688 238 1768 obligari.

178 1793 216 1858 R.
242 1796 272 1859 2.
321 1793 353 1858 Si
377 1792 487 1875 agitur
510 1792 549 1858 de
573 1793 691 1859 damno
714 1794 880 1878 municipii
903 1815 998 1859 casus
1020 1795 1227 1878 posterioris:
1252 1795 1300 1860 illi
1322 1817 1412 1861 com·

84 1883 208 1965 plures,
234 1883 260 1946 si
286 1881 492 1964 culpabiliter
514 1882 691 1949 abfuerunt
714 1887 813 1964 atque
837 1883 1069 1966 praeviderunt
1101 1884 1142 1949 ab
1166 1905 1230 1949 uno
1253 1885 1411 1968 suffragio

85 1971 252 2037 deficienti
275 1970 353 2034 illud
380 1971 532 2035 damnum
547 1971 690 2055 pendere
705 1992 819 2055 posse:
843 1992 955 2037 omnes
978 1970 1025 2037 illi
1041 1971 1074 2036 in
1091 1973 1229 2038 solidum
1245 1978 1409 2053 tenentur,

84 2065 124 2125 at
146 2063 223 2142 post
247 2080 303 2124 eos
327 2059 381 2141 qui
406 2064 546 2141 egerunt
568 2060 719 2143 positive.
752 2060 913 2126 Videlicet
939 2059 970 2142 1)
994 2060 1023 2125 si
1045 2061 1091 2125 illi
1116 2061 1256 2145 positive
1273 2067 1411 2144 agentes

85 2149 243 2214 damnum
268 2147 505 2232 reparaverint,
529 2148 551 2212 ii
575 2149 629 2230 qui
653 2149 828 2214 abfuerunt
850 2153 1005 2215 tenentur
1028 2150 1069 2214 ad
1092 2149 1187 2226 nihil;
1222 2151 1256 2232 2)
1280 2151 1307 2214 si
1331 2171 1410 2217 vero

84 2237 134 2302 illi
159 2238 314 2302 damnum
337 2258 397 2303 nec
421 2242 616 2320 repararunt
639 2260 698 2304 neo
722 2238 906 2321 reparaturi
929 2243 1015 2315 sunt,
1046 2237 1067 2302 ii
1092 2239 1146 2320 qui
1170 2238 1345 2305 abfuerunt
1368 2240 1411 2305 ad

85 2326 331 2391 resarciendum
355 2327 508 2391 damnum
537 2330 692 2392 tenentur
722 2348 793 2392 cnm
817 2326 976 2394 facultate
999 2327 1137 2392 habendi
1168 2348 1338 2409 regressus
1370 2329 1410 2394 ad

84 2415 230 2498 priores;
257 2419 356 2496 atque
379 2415 498 2497 singuli
522 2416 675 2482 absentes
697 2420 852 2482 tenentur
867 2417 984 2481 saltem
1009 2437 1067 2500 pro
1091 2420 1175 2493 rata,
1200 2416 1411 2501 hypothetice

84 2525 167 2569 vero
191 2504 233 2569 ad
255 2508 371 2581 totum,
396 2504 549 2570 videlieet
564 2505 592 2568 si
607 2505 723 2587 reliqui
739 2505 912 2571 restituere
929 2506 981 2570 vel
997 2527 1061 2570 non
1077 2505 1204 2588 possint
1227 2506 1279 2570 vel
1296 2505 1410 2574 nolint.

379 2749 639 2815 RESTITUTIO
664 2751 721 2815 Ex
745 2748 1121 2815 PARTIGIPATIONE.

646 2904 755 2971 Casus.
783 2913 858 2980 (226)

178 3056 293 3125 Varus,
323 3073 388 3113 curn
416 3053 516 3113 videat
542 3058 603 3112 tres
632 3054 713 3112 fures
729 3056 847 3112 trabem
869 3053 1074 3128 deportantes,
1103 3072 1136 3110 se
1163 3052 1222 3111 illis
1251 3052 1281 3109 in
1308 3051 1410 3110 labore

85 3135 200 3206 sociat3
230 3133 365 3192 similiter
385 3153 451 3191 cum
472 3134 573 3192 videat
594 3134 668 3192 alios
691 3134 763 3192 duce
784 3135 865 3193 viros
885 3133 971 3207 ignes
992 3133 1114 3191 aedibus
1136 3150 1317 3208 supponere,
1345 3131 1411 3206 ipse

84 3215 256 3353 tertiustse
278 3213 412 3288 adiungit
433 3218 521 3289 atque
542 3214 640 3288 ignem
661 3214 815 3290 supponit,
843 3213 932 3272 aedes
953 3232 1025 3271 voro
1046 3232 1138 3288 nsque
1160 3213 1197 3270 ad
1218 3210 1411 3269 fundamenta

85 3314 202 3355 exurun
218 3314 262 3354 ur.

84 3401 266 3472 Quasarrun
289 3402 317 3457 1⁰
343 3400 379 3457 ad
401 3399 470 3475 quid
485 3404 668 3477 participans
689 3404 832 3458 teneatur.

287 3490 318 3547 2⁰
343 3488 411 3565 quid
433 3488 468 3546 ad
492 3508 590 3546 casum
613 3488 653 3546 sit
674 3488 836 3546 dicendum.

681 3688 815 3754 Solutio.

177 3838 230 3904 Au
252 3860 443 3914 ouausrrun
469 3842 506 3903 1¹²¹
529 3840 567 3907 R.
588 3842 615 3904 1.
654 3836 868 3922 Partioipatio
892 3855 965 3900 esse
982 3839 1092 3919 potest
1115 3835 1148 3900 in
1171 3856 1207 3900 re
1223 3833 1330 3898 aliona
1354 3833 1474 3902 de·732

81 3929 221 3997 tinenda
251 3933 310 3994 aut
337 3928 371 3992 in
394 3927 522 3993 actione
547 3928 789 3994 damnificativa
813 3924 1009 3992 exercenda.
1057 3925 1088 3991 Si
1113 3927 1151 3990 fit
1180 3925 1213 3988 in
1243 3942 1279 3986 re
1302 3920 1412 3985 aliena

82 4017 278 4085 detinenda:
312 4037 352 4082 ea
374 4038 451 4100 pars
479 4037 562 4098 quae
586 4017 752 4084 detinetur
773 4017 843 4082 sine
864 4012 963 4078 dubio
988 4016 1029 4080 ab
1054 4035 1092 4080 eo
1116 4013 1171 4096 qui
1196 4010 1320 4108 detinet
1343 4009 1413 4108 pri·

81 4107 190 4173 marie
214 4110 266 4172 est
288 4105 508 4181 restituenda;
533 4106 659 4188 reliqua
681 4104 884 4172 restituenda
908 4106 997 4179 sunt,
1022 4103 1049 4168 si
1075 4103 1159 4169 actio
1183 4098 1414 4195 participantrs

81 4197 117 4261 in
141 4194 365 4261 detentionem
388 4194 526 4259 aliorum
550 4195 602 4259 vel
626 4195 659 4259 in
684 4216 796 4259 eorum
819 4194 944 4258 furtum
971 4192 1151 4257 efficaciter
1173 4187 1350 4257 influxerit,
1377 4188 1416 4248 at

82 4284 258 4351 etiamtum
281 4283 315 4348 iu
339 4283 468 4349 defectu
492 4287 621 4349 tautum
645 4305 757 4349 eorum
780 4283 834 4366 qui
858 4301 894 4345 re
918 4279 994 4362 ipsa
1018 4282 1175 4347 detinent.

174 4390 214 4456 R.
232 4392 262 4456 2.
294 4390 433 4473 Propter
449 4391 732 4474 perticipationem
749 4390 781 4454 in
806 4387 936 4454 actione
954 4383 1198 4480 damnificativa
1218 4375 1416 4471 restituendi

82 4480 243 4562 obligatio
267 4479 331 4545 erit
353 4479 510 4562 imprimis
543 4480 647 4544 relate
680 4479 721 4542 ad
751 4479 831 4544 illud
864 4475 1026 4540 damnum
1058 4473 1141 4556 quod
1172 4460 1360 4532 immediate
1397 4483 1418 4525 a

81 4569 304 4654 participante
339 4569 491 4633 effectum
526 4568 641 4641 fuerit;
677 4566 781 4631 relate
815 4565 857 4631 ad
893 4562 1061 4645 reliquum
1093 4563 1243 4654 damnum
1275 4551 1418 4646 eatenus

82 4658 192 4725 aderit
214 4658 390 4741 reparandi
405 4657 573 4739 obligatio,
598 4661 758 4737 quatenus
781 4654 837 4720 illa
852 4651 1073 4735 participatio
1096 4651 1128 4713 in
1151 4643 1308 4720 reliquum
1333 4635 1421 4702 illud

135 4768 391 4816 normannorum
406 4769 565 4811 eonscientiae.
592 4768 609 4810 1.
1167 4746 1202 4800 24
