3106 5168
384 276 491 346 Regula
509 281 619 333 actuum
637 276 815 333 bumanorum
830 282 975 348 proxima:
992 282 1160 334 conecterem.
1390 285 1431 349 27

104 454 192 533 tiv0;
224 456 293 521 tale
323 455 409 520 enim
439 454 571 523 dubium
600 455 707 536 gratis
730 458 922 538 conceptum
951 455 1057 539 gratis
1088 455 1270 539 deponitur.
1318 456 1434 538 Neque

104 543 375 700 disiniilublbvl
390 544 502 626 aliqua
517 543 645 611 ratione
660 542 804 628 positiva
827 549 953 623 exorta,
978 565 1077 626 quam
1099 565 1203 628 agens
1225 567 1285 630 pro
1308 546 1434 612 leviore

105 653 123 698 e
179 656 198 699 u
240 656 251 698 1
298 655 384 700 ae.

195 739 249 803 Ao
264 758 455 814 ouaaslruu
473 741 511 802 2¹²
527 738 566 804 R.
605 737 640 803 Si
656 741 767 803 autem
784 736 948 803 dictamen
964 739 1183 805 conscientiae
1199 740 1284 805 serio
1301 741 1431 806 dubium
1441 752 1474 806 51

104 827 227 906 evadit,
260 847 333 892 cum
363 847 403 893 ea
432 826 641 891 nihilominus
664 826 697 891 iu
721 826 870 892 favorem
893 827 1058 894 libertatis
1082 849 1191 910 agere,
1221 829 1255 894 in
1278 851 1314 895 re
1337 830 1433 912 gravi

104 938 147 982 ex
178 937 215 982 se
244 917 384 982 mortale
413 918 585 1000 peccatum
617 918 677 983 est.
703 951 746 961 —
776 915 994 981 Nihilominus
1024 916 1147 999 siquis
1178 917 1321 1000 alioquin
1351 919 1433 985 satis

104 1005 280 1072 timoratus
304 1027 377 1070 cum
401 1005 497 1071 dubio
521 1004 562 1070 de
584 1003 731 1070 liceitate
754 1005 834 1088 agit,
859 1009 959 1088 atque
980 1006 1115 1089 periculi
1131 1006 1259 1089 quidem
1277 1008 1432 1091 peccandi

104 1095 165 1160 sibi
184 1094 332 1160 conscius
354 1096 402 1171 fit,
427 1098 463 1161 at
482 1093 522 1159 de
543 1094 688 1177 periculo
702 1097 844 1179 praviter
859 1095 1015 1178 peccandi
1031 1116 1095 1160 non
1112 1096 1282 1178 cogitavit,
1307 1098 1433 1162 censeri

104 1183 204 1250 debet
220 1205 283 1249 non
299 1184 449 1266 graviter
465 1203 630 1266 peccasse,
647 1183 708 1248 nisi
724 1204 778 1248 res
794 1184 876 1249 adeo
893 1183 1005 1265 gravis
1021 1188 1081 1260 est,
1102 1187 1139 1249 ut
1157 1185 1283 1251 malitia
1298 1186 1433 1251 moralis

104 1273 249 1338 animum
282 1277 399 1357 sponte
430 1273 589 1356 percellat
620 1292 726 1354 neque
758 1272 862 1356 possit
892 1273 1006 1340 latere.
1052 1272 1100 1338 cf.
1130 1275 1185 1339 Tb.
1210 1297 1251 1341 m.
1275 1274 1306 1349 I,
1332 1278 1371 1339 51
1399 1279 1433 1341 et

104 1362 137 1428 S.
163 1361 280 1445 Alph.
310 1362 341 1438 l,
371 1363 414 1427 23
454 1361 553 1438 ,satis
588 1360 801 1444 probabiliter
835 1362 953 1427 docent
987 1382 1062 1427 eum
1095 1366 1223 1428 tantum
1259 1363 1433 1430 venialiter

104 1471 252 1535 peccare,
277 1450 306 1516 si
329 1450 425 1516 homo
448 1449 503 1515 ille
526 1449 657 1515 minime
674 1450 828 1526 advertit,
853 1471 914 1515 nec
939 1450 1038 1517 etiam
1061 1451 1094 1515 in
1119 1452 1263 1531 confuso,
1288 1453 1329 1518 ad
1347 1453 1433 1536 peri·

104 1540 214 1606 culum
237 1539 386 1622 graviter
408 1538 566 1624 peccandi
589 1560 694 1621 neque
717 1539 759 1604 ad
783 1539 1014 1621 obligationem
1039 1561 1108 1604 rem
1132 1541 1372 1609 examinamur.

194 1655 248 1719 An
271 1675 462 1730 quaasrruu
486 1656 526 1720 3¹¹²
549 1654 586 1719 R.
611 1657 638 1721 l.
678 1654 715 1718 lu
736 1657 842 1740 primo
860 1675 948 1732 casu,
973 1653 1129 1737 quidquid
1153 1658 1204 1721 est
1228 1656 1268 1721 de
1289 1656 1475 1723 Cleontistt

103 1743 366 1822 ratiocinatione,
392 1763 475 1825 quae
493 1743 669 1827 approbari
685 1743 861 1809 universim
878 1743 1000 1825 nequit,
1025 1765 1089 1809 non
1105 1743 1236 1809 videtur
1251 1746 1431 1812 subiective

103 1833 255 1915 graviter
269 1852 432 1916 peccasse.
473 1832 558 1898 Nam
584 1853 626 1897 ex
649 1831 718 1898 eius
742 1833 860 1916 agendi
884 1833 1010 1898 ratione
1034 1837 1068 1898 et
1092 1834 1376 1915 argumentatione
1400 1835 1430 1899 id

104 1921 237 1988 videtur
259 1922 342 1989 satis
366 1920 485 2002 colligi,
518 1921 625 2005 ipsum
647 1943 712 1987 non
736 1921 911 2004 agnovisse
942 1922 976 1986 in
999 1942 1114 1986 norma
1136 1923 1194 1988 illa
1217 1943 1238 1987 a
1261 1924 1432 1990 catholicis

103 2011 309 2094 proclamata
325 2032 438 2077 veram
454 2010 558 2092 legem
577 2031 634 2075 seu
650 2032 796 2075 normam
822 2011 855 2076 in
877 2011 1076 2077 conscientia
1092 2011 1302 2094 obligantem,
1327 2035 1432 2096 neque

104 2100 324 2167 conscientiae
348 2120 427 2166 suae
450 2100 636 2183 scrupulum
660 2121 733 2165 eum
756 2100 909 2165 babuisse
932 2121 991 2183 pro
1014 2104 1106 2186 praui
1130 2101 1266 2168 ratione.

194 2205 233 2273 R.
259 2209 289 2272 2.
335 2206 373 2271 In
396 2208 532 2272 secundo
557 2227 633 2271 casu
657 2227 737 2271 sane
761 2205 920 2272 dubitatio
945 2206 985 2270 de
1008 2205 1150 2289 periurio
1174 2211 1226 2272 est
1256 2228 1298 2272 ex
1328 2228 1363 2272 se
1391 2207 1432 2273 de

103 2316 139 2360 re
163 2295 369 2378 gravissima,
395 2315 478 2376 quae
493 2295 656 2360 hominem
673 2295 773 2362 etiam
789 2295 950 2360 rudiorem
967 2295 1116 2377 graviter
1132 2296 1305 2379 percellat;
1331 2317 1432 2380 quare

104 2384 215 2464 Cleon,
240 2384 301 2449 uisi
325 2384 386 2449 sibi
410 2405 483 2449 cum
505 2384 622 2450 morali
641 2384 751 2467 aliqua
767 2384 962 2451 certitudine
978 2385 1179 2468 persuaserit
1201 2405 1237 2449 se
1258 2406 1322 2450 non
1341 2407 1432 2451 men·

103 2473 170 2552 tiri,
195 2475 253 2539 sed
276 2494 373 2558 posse
396 2477 470 2538 tuta
494 2473 694 2539 conscientia
716 2473 783 2539 ista
805 2494 878 2539 cum
895 2473 1101 2540 restrictione
1120 2495 1184 2539 non
1200 2495 1281 2557 pure
1296 2474 1431 2542 mentali

104 2563 225 2639 dicere,
250 2563 400 2645 graviter
423 2563 582 2646 peccavit.
629 2563 679 2628 De
703 2562 753 2627 his
777 2562 878 2644 igitur
901 2562 1137 2629 examinandus
1161 2566 1221 2629 est.

194 2652 229 2718 Si
253 2672 289 2717 re
313 2673 392 2717 vera
415 2652 466 2716 ius
489 2652 632 2717 habebat
654 2652 696 2716 ad
720 2652 1026 2735 compensationem,
1059 2652 1121 2717 etsi
1144 2651 1232 2718 forte
1263 2651 1314 2716 ius
1337 2673 1431 2717 suum

104 2762 168 2806 non
192 2741 337 2825 potuerit
359 2741 393 2805 in
416 2740 534 2806 iudicio
558 2742 706 2824 probare,
731 2739 891 2806 obiective
908 2740 1032 2807 licitum
1057 2746 1130 2807 erat
1153 2741 1276 2806 dicere:
1301 2762 1337 2805 se
1356 2741 1430 2808 Tito

103 2829 182 2894 nihil
207 2831 343 2901 debere:
367 2829 499 2914 reipsa
522 2830 607 2894 enim
631 2829 774 2895 debitum
798 2833 871 2894 erat
894 2829 1109 2905 exstinctum;
1133 2834 1223 2897 recte
1240 2833 1348 2895 autem
1366 2852 1431 2895 non

104 2919 189 2985 dixit
218 2941 255 2985 se
285 2918 366 2983 nihil
395 2940 549 3001 umquam
580 2918 707 2984 emisse.
754 2919 876 2984 Verum
901 2919 1047 2984 homines
1079 2941 1143 2984 non
1166 2939 1295 3002 semper
1319 2919 1366 2983 ita
1389 2919 1431 2984 ad

103 3009 229 3093 apicem
263 3029 332 3073 rem
365 3009 574 3073 considerant
607 3008 658 3072 vel
691 3007 885 3090 loquuntur:
921 3008 1029 3091 potuit
1061 3007 1162 3091 igitur
1194 3008 1293 3073 etiam
1325 3007 1431 3091 prima

104 3097 225 3162 locutio
249 3097 429 3163 subiective
452 3098 595 3162 mendax
619 3117 700 3174 esse,
726 3099 762 3162 at
785 3097 884 3162 etiam
908 3096 1070 3181 posterior
1093 3119 1113 3162 a
1136 3095 1317 3162 subiectivo
1340 3118 1430 3161 men·

105 3187 197 3253 dacio
221 3208 293 3252 esse
316 3185 477 3252 immunis.

193 3285 231 3349 R.
258 3287 287 3350 3.
329 3283 366 3348 In
391 3287 481 3349 lertio
504 3305 580 3349 casu
604 3305 669 3349 non
692 3283 823 3349 videtur
845 3283 943 3348 Cleon
967 3304 1131 3367 peccasse,
1156 3282 1183 3347 si
1207 3282 1368 3365 agebatur
1391 3282 1473 3348 dett

104 3373 232 3439 homine
248 3393 402 3456 paupere,
427 3372 482 3455 qui
505 3394 569 3437 non
593 3393 636 3437 ex
659 3372 901 3447 consuetudine,
926 3372 984 3437 sed
1008 3393 1086 3437 casu
1103 3373 1175 3437 leve
1191 3372 1322 3453 aliquod
1339 3372 1429 3436 dam·

104 3484 178 3527 num
204 3462 370 3530 intulerat.
418 3462 503 3527 Fieri
527 3461 657 3544 quidem
680 3462 796 3545 potuit,
826 3466 861 3526 ut
884 3461 982 3526 Cleon
1005 3461 1232 3526 recordatione
1254 3459 1431 3528 iuramenti

104 3551 247 3616 muneris
277 3551 344 3629 sui,
375 3551 518 3616 maxime
548 3550 575 3615 si
607 3555 658 3617 est
691 3551 742 3615 vir
773 3551 961 3627 timoratus,
993 3550 1138 3615 nonnihil
1170 3549 1359 3633 impeditum
1394 3571 1430 3615 se

104 3641 242 3707 sentiret
266 3644 299 3706 et
321 3641 491 3716 titubaret,
516 3662 592 3705 num
615 3640 766 3706 omittere
782 3643 894 3723 posset
910 3639 1206 3716 denuntiationem;
1230 3659 1345 3704 verum
1367 3639 1429 3705 etsi

104 3731 164 3796 sibi
195 3730 317 3796 claram
348 3730 508 3796 rationem
539 3730 618 3794 dare
650 3751 714 3794 non
744 3728 897 3812 potuerit,
928 3729 1011 3796 satis
1042 3733 1152 3794 tamen
1176 3727 1334 3794 iudicavit
1366 3750 1429 3793 non

103 3841 199 3904 posse
222 3840 295 3885 esse
313 3823 483 3902 peccatum
499 3819 552 3883 vel
571 3839 674 3901 grave
697 3822 869 3902 peccatum
894 3840 965 3884 cum
989 3817 1120 3882 homine
1143 3838 1287 3901 paupere
1302 3816 1429 3882 miseri·

104 3910 246 3976 cordiam
270 3929 433 3986 exercere,
458 3928 563 3990 neque
586 3908 633 3972 sic
656 3907 874 3974 iuramentum
897 3929 991 3973 suum
1015 3907 1133 3972 debere
1156 3905 1313 3988 intellegi.

191 4016 230 4081 R.
255 4018 286 4082 4.
333 4014 370 4078 ln
393 4023 506 4100 quarto
529 4035 607 4080 casu
631 4013 731 4079 etiam
754 4014 860 4097 magis
883 4014 1014 4080 videtur
1036 4013 1119 4079 satis
1146 4015 1235 4078 certe
1257 4012 1428 4089 iudicasse,

103 4104 153 4171 ias
177 4127 242 4171 non
266 4125 338 4170 esse
361 4105 565 4169 sacerdotem
588 4103 756 4169 innoxium
779 4107 914 4187 propter
937 4103 1065 4186 iniquas
1088 4102 1179 4185 leges
1202 4123 1308 4186 poena
1330 4102 1428 4181 affici,

103 4215 209 4278 neque
232 4215 268 4259 se
292 4193 410 4258 debere
434 4193 474 4259 ad
498 4193 559 4258 hoc
583 4213 787 4271 concurrere,
812 4213 884 4258 cum
908 4214 972 4258 non
995 4192 1256 4273 interrogaretur
1272 4192 1428 4273 legitime,

103 4285 196 4369 proin
218 4282 389 4365 illegitime
418 4282 635 4364 interroganti
667 4303 704 4347 se
735 4286 825 4350 recte
856 4302 928 4347 cum
959 4282 1099 4364 quadam
1129 4279 1336 4346 restrictione
1367 4279 1428 4345 dici

103 4394 208 4458 posse,
233 4393 269 4437 se
284 4371 435 4437 notitiam
452 4372 529 4438 talis
545 4372 602 4448 rei,
624 4370 750 4437 scilicet
766 4374 933 4453 tamquam
951 4369 1093 4436 criminis
1109 4368 1256 4451 legitime
1272 4369 1426 4445 accusati,

102 4484 164 4527 non
196 4462 326 4528 habere.
374 4461 568 4545 Oppositam
599 4460 776 4538 rationem,
808 4480 892 4542 quae
924 4459 1026 4526 menti
1059 4457 1267 4531 occurrebat,
1298 4456 1429 4522 videtur

103 4552 199 4617 Cleon
216 4550 346 4615 omnino
370 4554 406 4615 ut
429 4550 618 4634 scrupulum
634 4549 878 4633 contempsisse.
895 4588 940 4596 —
963 4547 1082 4625 Quodsi
1097 4568 1161 4612 non
1179 4546 1283 4630 possis
1299 4546 1360 4609 hoo
1380 4543 1428 4610 ita

103 4641 277 4717 affirmare,
302 4640 403 4704 habes
426 4639 593 4705 Cleontem
617 4660 688 4704 cum
713 4639 872 4723 perplexa
895 4636 1103 4713 coracientia,
1128 4656 1201 4700 cum
1224 4655 1265 4699 ex
1290 4638 1428 4715 utraque
