3106 5168
309 295 469 366 Coeperatio
487 312 550 350 cum
568 300 680 367 peccato
699 295 787 350 alieno
805 313 853 367 par
872 299 1014 353 caritatem
1031 297 1174 369 prohibita.
1339 301 1403 364 215

78 470 236 538 remotior
251 471 352 537 fuerit
366 493 440 538 mea
456 471 652 555 cooperatio,
677 493 740 555 quo
764 471 871 538 minus
886 473 1072 539 necessaria
1095 473 1136 538 ad
1160 473 1287 557 peccati
1307 472 1403 539 alieni

79 560 340 639 exsecutionem,
365 582 428 643 quo
451 560 558 626 minus
588 582 691 643 grave
720 561 822 627 fuerit
849 561 930 627 illud
952 566 1123 647 peccatum
1154 566 1188 627 st
1211 583 1274 644 quo
1297 562 1404 627 minus

79 650 201 716 habeat
224 649 379 716 iniustam
404 650 547 733 aliquam
570 650 737 732 sequelam
760 655 876 717 contra
897 650 1043 731 tertium,
1068 671 1132 733 quo
1156 651 1262 716 minus
1285 651 1404 735 proba·

79 738 190 806 biliter
206 759 257 804 ms
272 760 337 805 non
353 743 551 824 cooperante
566 745 736 823 peccatum
752 739 894 805 alienum
910 739 1014 824 possit
1031 739 1196 824 impediri:
1221 761 1260 805 eo
1276 739 1404 806 facilius

80 827 187 895 aderit
210 849 268 912 pro
291 848 344 893 me
367 828 452 894 ratio
476 828 651 907 sufficiens,
676 848 718 893 sx
733 849 798 911 qua
820 828 919 896 liceat
937 829 1200 912 cooperationem
1223 834 1402 913 praestare.

169 940 222 1006 An
245 962 436 1018 qusnsrruu
460 945 500 1008 3„
523 943 562 1009 R.
584 946 613 1010 1.
659 943 693 1010 Si
722 943 840 1009 Lucius
870 964 931 1010 sua
960 947 1077 1027 sponte
1106 963 1212 1027 prava
1241 942 1321 1009 folia
1345 951 1465 1008 θὶς-422

79 1034 227 1114 poneret,
251 1031 368 1096 favens
391 1053 515 1116 pravae
539 1052 650 1098 eorum
674 1032 874 1113 tendentiae,
898 1031 1068 1097 formalem
1084 1036 1271 1116 praestaret
1287 1053 1404 1116 coope-

80 1119 252 1198 rationem,
276 1141 453 1203 numquam
470 1121 603 1189 licitam.
639 1121 729 1187 Idem
749 1121 810 1200 dic,
834 1122 864 1187 si
885 1142 1019 1205 operam
1035 1120 1140 1202 daret,
1164 1126 1201 1187 ut
1223 1120 1404 1187 faciliorem

80 1208 233 1276 redderet
255 1209 437 1293 hospitibus
466 1209 535 1275 suis
564 1209 738 1276 lectionem
762 1230 938 1296 pravorum
960 1210 1128 1289 foliorum,
1158 1210 1317 1276 bonorum
1338 1211 1404 1276 lec·

80 1298 203 1365 tionem
227 1297 451 1365 difficiliorem.

170 1396 209 1462 R.
243 1399 273 1463 2.
329 1396 362 1462 Si
394 1396 631 1478 quodammodo
663 1399 797 1463 coactus
831 1395 1081 1481 possibilitatem
1111 1399 1242 1463 tantum
1275 1395 1406 1479 legendi

80 1489 246 1569 praestat,
280 1485 369 1550 nullo
398 1485 494 1550 modo
526 1485 568 1551 ad
599 1486 739 1568 legenda
767 1507 874 1570 prava
902 1485 1021 1564 allicit,
1052 1490 1247 1569 cooperatur
1276 1484 1404 1568 quidem

80 1574 296 1640 materialiter
328 1578 467 1642 tantum.
521 1574 585 1640 Sed
620 1575 647 1639 si
681 1575 765 1640 hanc
800 1574 1063 1658 cooperationem
1094 1579 1169 1642 utut
1200 1574 1405 1640 materialem

80 1667 209 1730 tantum
241 1667 391 1747 praestat
423 1663 492 1728 sine
521 1663 617 1746 gravi
650 1684 765 1742 causa,
799 1665 930 1729 dubium
965 1685 1030 1729 non
1064 1668 1131 1742 est,
1168 1663 1245 1746 quin
1279 1665 1404 1747 peccet,

81 1752 233 1835 quoniam
268 1752 378 1834 agitur
412 1752 452 1818 de
487 1752 631 1835 peccatis
666 1753 781 1818 alienis
815 1753 912 1818 valde
945 1752 1101 1835 gravibus
1136 1756 1170 1820 st
1203 1751 1405 1837 periculosis,

80 1841 198 1923 quibus
218 1840 304 1906 viam
329 1841 423 1924 quasi
446 1841 574 1908 sternit.
609 1841 696 1907 Nam
716 1843 813 1907 fidem
837 1842 1031 1908 catholicam
1053 1841 1246 1925 impugnare
1269 1861 1406 1925 eamque

80 1930 282 1996 labefactare
314 1930 387 1996 eive
419 1930 591 1997 detrahere
621 1934 673 1995 est
701 1931 993 2014 gravissimam,
1025 1930 1240 1997 crassioribus
1263 1930 1387 2015 peccat'

80 2019 178 2102 longe
199 2019 300 2103 peior.
1052 2084 1057 2094 ,

170 2117 208 2182 R.
234 2119 264 2184 3.
311 2115 545 2195 Nihilominus,
576 2115 603 2181 si
633 2138 765 2183 causam
788 2116 877 2183 Lucii
908 2116 1112 2201 inspicimus,
1144 2138 1217 2182 cum
1246 2123 1339 2185 curet
1369 2121 1406 2183 ut

81 2228 145 2272 non
164 2205 271 2271 minus
293 2205 390 2271 facile
414 2205 559 2288 hospites
583 2205 807 2290 ephemerides
829 2207 932 2272 bonas
956 2206 1077 2290 eligere
1099 2206 1257 2288 legendas
1280 2204 1406 2290 possint

81 2317 178 2377 quarn
202 2295 323 2372 malas,
354 2294 414 2360 has
438 2295 536 2361 stiam
561 2295 754 2378 exponendo
777 2294 892 2360 alienis
915 2295 1060 2380 peccatis
1083 2298 1278 2379 cooperatur
1300 2300 1406 2362 mate·

81 2384 207 2451 rialiter
235 2387 381 2449 tantum:
411 2383 571 2464 siquidem
600 2405 642 2449 ne
669 2384 768 2450 lectio
798 2383 928 2467 quidem
957 2385 1073 2450 horum
1103 2384 1275 2463 foliorum,
1300 2384 1406 2449 minus

81 2473 182 2539 etiam
214 2473 391 2557 expositio,
425 2474 602 2538 necessario
632 2473 731 2538 fidem
763 2474 905 2539 bonosve
936 2495 1045 2539 mores
1075 2474 1197 2541 laedat.
1250 2473 1333 2538 Dein
1364 2473 1405 2539 ad

80 2584 219 2646 pravum
238 2564 388 2627 effectum
406 2561 524 2627 Lucius
544 2562 723 2629 efficaciter
740 2583 804 2628 non
823 2562 962 2629 multum
980 2563 1108 2630 confert
1128 2584 1170 2628 ne
1190 2561 1407 2629 materialiter

81 2651 220 2734 quidem.
266 2651 353 2716 Nam
377 2651 566 2716 notabiliter
588 2651 680 2734 peior
702 2672 766 2716 non
789 2652 827 2718 dt
855 2651 1001 2718 condicio
1025 2651 1206 2718 catholicae
1228 2650 1404 2733 religionis,

80 2741 150 2805 sive
166 2739 284 2805 Lucius
307 2739 373 2806 ista
391 2739 470 2805 folia
489 2739 624 2823 exponit
645 2740 716 2806 sive
736 2761 810 2808 non.
850 2740 910 2817 Qui
934 2741 1020 2807 enirn
1043 2762 1083 2807 ea
1105 2740 1216 2824 legere
1239 2739 1405 2807 obstinato

80 2830 188 2896 animo
212 2829 342 2904 volunt,
371 2827 440 2893 sine
465 2829 561 2894 dubio
585 2849 624 2894 ea
647 2829 709 2895 sibi
732 2830 951 2913 comparaturi
975 2835 1060 2898 sunt.
1108 2830 1210 2894 Immo
1233 2851 1276 2895 ex
1299 2829 1406 2895 altera

79 2925 176 3002 parte
198 2938 251 2983 res
275 2918 436 2984 catholica
457 2917 549 3001 peior
571 2920 638 2996 fiet,
664 2918 692 2983 si
716 2919 859 2985 exclusis
882 2919 1050 2987 catholicis
1074 2919 1274 3002 cauponibus
1296 2917 1405 2984 omnia

79 3009 121 3073 ad
145 3028 261 3073 manus
285 3007 539 3072 acatholicorum
564 3007 747 3074 devenient.

170 3096 293 3173 Quare,
325 3095 387 3161 nisi
416 3100 536 3177 agatur
563 3096 604 3161 de
633 3096 698 3161 illis
729 3095 874 3180 scriptis,
906 3116 990 3177 quae
1012 3098 1148 3180 propter
1170 3094 1275 3178 ipsam
1298 3095 1403 3177 legem

80 3185 256 3269 positivam
287 3185 541 3251 ecclesiasticam
572 3204 613 3249 ne
640 3185 782 3251 retinere
806 3185 935 3268 quidem
965 3184 1059 3262 licet,
1091 3183 1276 3268 putaverim
1306 3183 1405 3249 Lucio

79 3276 196 3340 adesse
228 3273 388 3340 rationem
421 3274 653 3352 sufficientem,
687 3296 745 3340 cur
776 3275 856 3339 folia
887 3273 987 3340 etiam
1020 3273 1203 3339 acatholica
1232 3273 1404 3339 admittat:

80 3363 289 3429 nihilominus
319 3384 434 3428 curare
465 3363 578 3431 debet:
612 3361 644 3444 1)
674 3385 715 3429 ne
745 3364 840 3446 plura
869 3384 953 3429 neve
983 3363 1095 3447 peiora
1125 3362 1281 3429 admittat
1308 3382 1405 3444 quam

80 3474 215 3518 necesse
238 3453 298 3529 sit3
324 3455 358 3532 2)
380 3473 422 3517 nc
446 3453 545 3518 ullam
565 3452 719 3520 ostendat
737 3473 817 3534 erga
839 3452 897 3518 illa
917 3451 996 3518 folia
1015 3451 1286 3536 praeferentiam;
1312 3454 1346 3532 3)
1369 3454 1407 3517 ut

81 3542 201 3627 potius,
227 3540 255 3607 si
278 3542 391 3624 possit,
424 3541 464 3607 ab
488 3541 527 3606 iis
550 3540 699 3623 legendis
722 3545 865 3618 avertat,
890 3542 1051 3626 praebens
1073 3541 1209 3607 meliora
1233 3539 1405 3620 catholica,

82 3637 181 3714 atque
211 3635 248 3696 ut
271 3652 329 3713 pro
352 3651 450 3714 posse
473 3631 624 3707 studeat,
655 3651 696 3696 ne
719 3631 807 3697 mala
830 3631 911 3697 folia
933 3630 1069 3698 veniant
1097 3629 1132 3696 in
1154 3651 1270 3696 manus
1293 3650 1406 3696 eorum

82 3721 137 3803 qui
161 3719 304 3802 alioquin
328 3739 368 3785 ea
390 3720 506 3785 lecturi
529 3741 593 3785 non
618 3723 738 3787 essent.

121 3936 442 4004 TYPOGRAPHUS
466 3936 515 4002 IN
538 3936 730 4003 EDENDIS
754 3936 896 4003 LIBRIS
919 3935 1079 4003 PRAVIS
1102 3936 1366 4004 OOOUPATUS.
1397 4011 1398 4014 Ἴ

637 4091 749 4160 dacus.
776 4100 852 4169 (119)

171 4225 264 4284 Iulius
285 4224 316 4284 in
337 4224 455 4284 officina
476 4224 691 4301 typographica
712 4243 832 4301 operam
853 4243 936 4283 suam
957 4223 1084 4295 locavit;
1114 4223 1183 4294 sed,
1211 4229 1245 4283 ut
1268 4242 1336 4282 mcx
1358 4223 1406 4282 ad·

80 4305 187 4377 vertit,
216 4305 283 4364 libri
312 4305 468 4364 cuiuslibet
495 4306 614 4379 generis
642 4304 856 4380 imprimuntur.
896 4304 955 4363 Per
974 4324 1104 4364 mensem
1131 4305 1190 4362 iam
1216 4304 1315 4362 fuerat
1342 4304 1406 4362 siue

82 4387 184 4446 labore
205 4391 235 4445 et
255 4385 369 4456 mediis,
391 4385 467 4443 unde
488 4385 611 4444 viveret.
646 4384 731 4443 Nunc
753 4404 785 4443 se
805 4384 918 4444 locavit
939 4386 977 4443 ad
997 4391 1060 4444 tres
1080 4403 1207 4455 meuses,
1229 4381 1279 4458 qui
1299 4403 1352 4460 per
1372 4403 1406 4443 se

83 4486 198 4544 semper
219 4466 256 4524 ad
277 4471 339 4524 tres
361 4465 436 4524 alios
456 4484 573 4524 menses
594 4465 857 4541 prolongabuntur,
881 4465 939 4523 nisi
962 4465 999 4524 14
1020 4464 1084 4523 dies
1104 4470 1175 4522 aut-e
1195 4463 1328 4540 elapsum
1348 4468 1406 4522 ter·

82 4548 191 4606 minum
213 4550 385 4606 contractus
406 4548 443 4605 ab
465 4545 609 4604 alterutro
631 4545 824 4604 contrahente
846 4545 986 4604 solvatur.

83 4651 259 4722 Quaerimus
279 4652 348 4728 quid
370 4652 444 4711 Iulio
466 4652 507 4711 sit
526 4651 703 4711 faciendum.
