3106 5168
362 284 431 338 Iuris
450 284 517 338 laesi
536 285 670 354 reparatio
689 314 722 322 -
743 285 901 338 restituendi
923 287 1016 339 modus
1033 295 1056 338 et
1076 288 1150 340 ordo.
1353 290 1416 354 375

92 462 224 524 tantum
254 463 382 542 partem
412 461 454 525 ab
484 460 523 525 iis
551 461 713 539 ablatam,
746 482 818 527 cum
842 462 938 527 aliter
962 462 1057 526 valde
1088 462 1131 527 sit
1155 462 1349 540 timendum,
1381 467 1418 529 ut

94 545 166 632 [ne]
192 548 270 612 nihil
295 549 482 626 restituant,
508 550 535 614 si
560 550 747 633 obligentur
770 551 810 615 ad
835 554 970 616 totum.“

184 672 236 735 Ab
259 691 450 747 cunssrrun
476 674 514 735 2¹²¹
539 671 576 737 lt.
606 675 633 739 l.
679 672 802 737 Perse
826 672 955 739 Curtius
978 693 1042 736 non
1067 672 1170 737 solum
1195 673 1302 754 quoad
1326 694 1417 738 suam
1429 686 1480 739 743

97 760 179 824 lucri
208 764 335 844 partem
360 764 491 826 tenetur
515 760 642 825 domino
666 761 719 826 vel
743 761 880 826 dominis
904 761 1048 826 fabricae
1072 761 1319 828 indemnitatem
1344 785 1418 847 pro·

94 870 227 926 curare,
258 849 316 914 sed
339 850 445 931 quoad
473 853 579 914 totum
604 850 749 915 valorem
780 871 837 915 seu
867 850 1005 933 pretium
1031 850 1116 932 quod
1140 851 1224 915 falso
1247 851 1338 916 libris
1369 852 1419 916 in·

93 939 251 1021 scriptum
282 943 342 1004 est.
388 938 441 1004 lta
471 937 574 1020 primo
604 939 677 1004 loco
706 940 812 1020 quoad
842 940 1067 1023 praeteritum.
1115 939 1235 1004 Verum
1266 940 1417 1021 quoniam

93 1027 152 1090 vix
182 1027 336 1109 possibile
367 1027 429 1092 erit
459 1027 608 1110 operario
640 1027 803 1093 ordinario
834 1033 938 1092 totum
971 1028 1032 1093 hoc
1063 1028 1204 1112 pretium
1234 1029 1418 1105 restituere,

93 1115 183 1181 aliud
207 1116 276 1180 fere
300 1137 363 1180 non
387 1115 581 1198 relinquitur
604 1116 666 1181 nisi
695 1122 732 1182 ut
755 1121 927 1182 moneatur
953 1118 993 1182 de
1016 1117 1219 1184 restituenda
1241 1121 1336 1201 parte
1359 1138 1419 1182 sua

94 1210 129 1269 et
160 1204 200 1269 de
230 1205 383 1286 urgendis
414 1204 503 1282 aliis,
535 1205 635 1270 etiam
665 1209 754 1271 metu
784 1205 921 1286 iniecto,
952 1211 989 1272 ut
1015 1227 1107 1272 suam
1132 1206 1268 1289 quisque
1290 1212 1419 1290 partem

94 1293 260 1359 restituat.

184 1398 223 1465 R.
241 1402 271 1465 2.
307 1398 370 1463 Sed
395 1420 467 1464 cum
490 1399 555 1465 iam
580 1400 687 1482 quoad
710 1401 891 1483 praeterita
914 1400 1033 1466 damna
1056 1421 1114 1484 per
1137 1422 1172 1465 se
1196 1400 1239 1466 sit
1263 1399 1419 1482 obligatio

93 1487 289 1553 restituendi
312 1487 499 1554 insolidum
519 1511 575 1554 seu
599 1489 737 1571 integre,
763 1490 869 1572 quoad
893 1489 1005 1555 futura
1020 1489 1122 1555 multo
1145 1489 1251 1554 minus
1274 1489 1419 1573 permitti

94 1581 205 1660 potest
229 1577 338 1642 damni
362 1577 522 1642 inferendi
545 1579 745 1645 continuatio
768 1600 870 1661 eaque
898 1600 970 1643 cum
995 1577 1148 1662 periculo,
1174 1579 1344 1660 quominus
1361 1578 1419 1644 do·

93 1665 202 1730 minus
226 1666 378 1747 exiguam
403 1671 531 1731 tantum
555 1673 684 1751 partem
708 1689 767 1752 per
789 1667 1030 1735 restitutionem
1052 1667 1200 1751 recipiat.

187 1771 223 1837 R.
256 1775 285 1837 3.
333 1771 423 1847 Quod
453 1794 531 1836 vero
564 1772 604 1838 ad
635 1773 782 1838 fraudem
813 1774 1026 1858 praeteritam
1056 1773 1160 1838 solum
1192 1772 1418 1839 occultandam

94 1861 254 1944 pertinet,
282 1861 427 1944 permitti
451 1866 577 1945 potest,
609 1867 646 1928 ut
668 1862 798 1927 interim
822 1883 881 1946 per
904 1862 1005 1927 verba
1029 1863 1182 1945 ambigua
1205 1862 1286 1927 haec
1310 1861 1419 1926 occul·

94 1955 195 2015 tetur.
237 1950 350 2029 lmmo,
375 1951 503 2016 etiamsi
527 1951 608 2016 baec
633 1951 808 2018 occultatio
832 1955 946 2034 aperto
971 1951 1140 2016 mendacio
1165 1950 1280 2016 aliisve
1304 1950 1419 2016 mediis

96 2041 216 2104 illicitis
235 2040 338 2115 fieret,
364 2040 416 2104 vel
433 2041 619 2106 etiamnunc
635 2040 719 2105 falsa
743 2044 937 2105 notarentur
952 2040 985 2104 in
1001 2039 1092 2104 libris
1108 2040 1281 2117 rationum,
1305 2039 1417 2106 statim

95 2148 175 2192 vero
199 2148 354 2192 excessus
384 2129 480 2212 pretii
503 2129 729 2194 fraudulenter
752 2134 886 2195 notatus
909 2129 942 2193 in
966 2150 1093 2194 cassam
1118 2129 1238 2193 domini
1265 2128 1419 2193 refunde·

94 2223 203 2282 retur:
229 2238 314 2282 nova
337 2220 506 2299 iniustitia,
532 2238 616 2300 quae
632 2218 849 2284 restitutionis
872 2217 1105 2299 obligationem
1128 2238 1236 2282 secum
1261 2218 1417 2292 traheret,

95 2327 160 2370 non
177 2306 445 2372 committeretur.
485 2307 535 2371 Ad
560 2331 627 2372 euru
653 2307 783 2372 modum
800 2308 991 2373 commissae
1015 2306 1193 2373 iniustitiae
1216 2305 1419 2389 reparandae

94 2416 175 2459 saue
206 2417 269 2460 non
299 2398 453 2460 tenentur
477 2417 539 2477 quo
570 2395 664 2462 simul
695 2418 799 2479 grave
826 2398 934 2462 famae
958 2396 1205 2472 detrimentum,
1236 2395 1290 2460 vel
1319 2395 1418 2460 immo

94 2485 197 2549 etiam
216 2483 435 2549 dimissionem
459 2489 652 2568 paterentur
670 2486 723 2551 vel
746 2486 860 2551 horum
885 2507 987 2568 grave
1011 2485 1158 2551 subirent
1181 2485 1369 2569 periculum.

318 2727 468 2792 MODUS
492 2728 790 2795 RESTITUENDI
814 2730 896 2796 RES
920 2727 1195 2795 FRAUDATAS.

652 2895 762 2961 Casus.
790 2902 866 2968 (230)

185 3042 308 3100 Fulvius
337 3041 366 3100 in
394 3041 533 3100 nundinis
561 3043 685 3119 publicis
714 3052 843 3119 tempore
873 3042 1100 3119 patrociniorum
1123 3042 1242 3100 diversa
1262 3043 1327 3099 loca
1355 3059 1417 3115 per-

94 3122 243 3180 cursando
264 3122 364 3180 varias
391 3142 439 3180 res
461 3123 582 3181 venales
611 3125 715 3191 babet;
745 3125 796 3182 sed
825 3125 854 3181 in
883 3123 941 3181 illis
964 3123 1185 3192 occasionibus,
1215 3141 1280 3179 cum
1301 3120 1419 3178 soleant

94 3202 230 3261 homines
251 3203 317 3278 plus
339 3203 520 3278 expendere,
550 3204 637 3261 facile
665 3209 762 3279 potest
790 3204 904 3263 artibus
926 3208 956 3261 et
977 3203 1129 3261 fraudibus
1153 3201 1211 3272 uti,
1242 3200 1362 3275 quibus,
1391 3199 1418 3258 si

94 3283 179 3341 lucra
199 3282 242 3340 ita
262 3301 424 3358 perennes
446 3284 553 3341 hausta
569 3284 698 3358 colligat,
722 3285 826 3342 saltem
845 3286 923 3343 2000
938 3302 992 3342 mc.
1013 3283 1090 3341 male
1111 3281 1277 3357 acquisivit.
1308 3281 1417 3338 Verum

94 3363 217 3421 retinuit
241 3362 330 3433 nibil;
360 3382 416 3437 quo
437 3364 503 3439 plus
526 3364 602 3421 enim
623 3364 807 3435 lucrabatur,
837 3384 871 3422 eo
900 3363 965 3440 plus
994 3364 1110 3422 solebat
1130 3361 1313 3437 expendere,
1341 3360 1417 3419 alias

94 3442 263 3502 restrictius
285 3443 414 3501 vivebat.

187 3531 326 3590 Similiter
346 3531 484 3594 Antimus
512 3536 659 3590 mercator
687 3531 859 3608 perdecem
888 3551 982 3591 annos
1011 3530 1040 3588 iu
1062 3530 1159 3589 ricino
1187 3528 1310 3606 oppido,
1338 3547 1417 3586 nunc

93 3632 149 3689 per
176 3616 237 3670 tres
266 3631 360 3669 annos
389 3611 419 3668 in
447 3612 557 3670 actuali
578 3611 724 3670 domicilio
752 3612 837 3670 modo
859 3611 935 3670 falso
957 3611 1101 3687 pondere,
1130 3610 1215 3669 modo
1244 3628 1341 3668 rerum
1369 3608 1417 3666 ad·

95 3691 273 3751 alteratione
295 3691 450 3750 continuas
472 3711 581 3768 parvas
603 3692 722 3750 fraudes
744 3692 904 3762 commisit3
933 3691 1017 3750 bonis
1039 3691 1175 3750 fortunae
1203 3709 1281 3748 nunc
1308 3689 1418 3765 gaudet

94 3772 172 3831 satis
200 3772 321 3847 amplis,
350 3790 414 3829 cum
444 3772 518 3830 satis
545 3774 696 3831 moderate
717 3771 826 3830 vixerit
854 3777 941 3847 atque
963 3791 1061 3830 annua
1082 3770 1165 3829 lucra
1187 3770 1334 3847 superflua
1357 3789 1417 3828 non

94 3852 194 3911 otiosa
214 3851 365 3928 reliquerit
386 3852 437 3910 sed
460 3872 496 3910 ex
518 3853 570 3924 iis,
591 3853 697 3928 emptis
722 3852 921 3923 ,actionibus“
946 3871 1019 3927 quas
1039 3857 1161 3920 vocant,
1184 3853 1289 3909 uberes
1310 3868 1417 3909 usuras

93 3933 268 4010 perceperit.
311 3931 392 4000 Quae
415 3932 458 3990 sic
480 3951 516 3990 ex
538 3933 810 3992 defraudationibus
832 3932 961 4006 collegit,
986 3932 1065 3990 circa
1088 3933 1165 3990 5000
1187 3950 1241 3989 mc.
1263 3930 1416 4001 aestimat3

93 4032 197 4071 verum
219 4013 245 4071 si
265 4031 371 4071 usuras
386 4032 459 4087 quas
481 4013 612 4089 percepit
634 4014 732 4084 addat,
753 4014 859 4071 saltem
874 4012 994 4071 babebit
1009 4011 1328 4071 10000-120001110.
1359 4009 1416 4068 Pro

93 4093 283 4152 restitutione
306 4092 369 4151 vult
390 4094 420 4150 in
435 4100 612 4152 testamento
634 4094 764 4169 legatum
778 4095 876 4152 facere
899 4094 976 4152 5000
991 4112 1046 4152 mc.
1067 4093 1098 4151 in
1112 4094 1244 4150 favorem
1261 4089 1417 4166 hospitalis

93 4172 289 4249 municipalis.

93 4288 272 4358 Qunnmrun
295 4288 324 4345 1⁰
350 4306 424 4362 quae
452 4286 600 4345 restitutio
624 4287 760 4345 facienda
788 4286 828 4344 sit
856 4286 885 4344 in
907 4305 978 4345 casu
1005 4286 1162 4344 multarum
1185 4284 1317 4342 fraudum
1340 4301 1416 4340 corn-

348 4387 513 4427 missarum.

293 4467 323 4523 2ο
349 4465 513 4524 debeantne
534 4484 641 4523 usurae
662 4463 780 4523 restit-ui
805 4464 869 4523 sive
893 4469 1050 4539 perceptae
1077 4464 1140 4522 sire
1166 4479 1225 4520 non
1249 4464 1415 4536 perceptae.

295 4565 324 4622 8⁰
349 4563 469 4701 quidtde
491 4564 609 4622 casibus
630 4562 790 4638 propositis
812 4568 842 4620 et
861 4561 897 4620 de
918 4561 1003 4620 modo
1025 4558 1221 4621 restitutionis
1243 4558 1280 4615 ab
1294 4556 1414 4615 Antimo

350 4663 416 4718 cogi
431 4651 488 4703 ato.
