3106 5168
165 296 227 361 198
320 294 360 348 De
379 295 526 349 virtutibus
544 297 572 348 et
590 294 688 348 officiis
707 310 774 362 erga
792 294 921 349 homines.
941 322 977 333 —
996 293 1102 349 Caritas
1121 294 1149 348 iu
1167 293 1329 365 proximum.

162 490 216 533 res
239 468 355 546 suerit,
380 469 407 534 si
432 470 569 555 supponi
593 471 711 536 debeat
734 470 880 554 pericula
904 471 969 536 ista
996 475 1030 536 et
1052 475 1188 554 peccata
1211 492 1275 535 non
1299 471 1341 535 ab
1369 469 1489 547 invitis,

162 557 220 623 sed
244 580 265 623 a
287 558 473 624 volentibus
497 559 619 642 quaeri.
659 559 746 625 Nam
770 560 905 627 monitio
928 559 961 624 in
982 559 1090 643 priore
1112 559 1168 624 illo
1192 581 1270 625 casu
1294 559 1392 625 valde
1415 580 1489 644 pro·

162 646 334 802 {ptigirlgtepo
336 646 534 804 Ι1113111111
565 670 585 714 a
615 648 711 731 gravi
739 649 938 716 necessitate
968 648 1130 732 spirituali
1161 652 1315 733 ereptura
1348 653 1418 726 est;
1456 649 1489 713 in

100 861 152 916 387
250 851 304 917 An
327 873 519 928 ounssrrou
543 854 582 917 3¹¹²
604 852 644 918 R.
691 850 1264 929 011111011111101111111111;
1296 849 1353 916 sed
1378 850 1489 917 debuit

162 939 378 1024 particulares
394 941 659 1008 circumstantias
674 942 846 1024 neglectae
859 940 1069 1007 correctionis
1080 940 1247 1007 fraternae
1258 939 1488 1016 manifestare3

161 1027 315 1095 videlicet
345 1050 381 1095 se
412 1031 579 1096 admisisse
616 1051 783 1097 sermones
815 1035 932 1097 contra
959 1029 1054 1095 tidem
1084 1034 1119 1096 et
1148 1030 1250 1095 bonos
1280 1049 1390 1094 mores
1422 1028 1488 1109 (vel

161 1117 262 1184 etiam
286 1118 546 1200 diffamatorios),
571 1123 671 1202 atque
694 1140 730 1184 se
746 1119 894 1185 omisisse
910 1141 1042 1185 monere
1058 1139 1142 1197 eum,
1167 1118 1221 1201 qui
1237 1117 1373 1200 ignarus
1388 1118 1489 1183 filiam

161 1228 255 1274 suam
278 1208 446 1275 locaturus
470 1207 625 1274 fueritin
649 1209 809 1293 lupanari.

251 1305 358 1372 Aliter
388 1305 474 1372 enim
505 1305 724 1371 confessarius
753 1305 957 1373 iudicaturus
986 1309 1037 1372 est
1073 1304 1165 1370 illum
1194 1305 1381 1387 neglectum
1417 1325 1489 1370 esse

161 1397 333 1479 peecatum
363 1395 417 1460 vel
447 1394 570 1459 nullum
600 1395 652 1460 vel
684 1395 829 1474 veniale,
861 1417 934 1460 curn
964 1394 1035 1459 sola
1058 1394 1217 1461 correctio
1241 1393 1391 1459 fraterna
1414 1414 1488 1459 raro

160 1483 310 1566 graviter
333 1483 467 1566 obliget.
507 1484 629 1549 Verum
652 1484 684 1550 in
708 1489 821 1550 nostro
845 1504 923 1550 casu
947 1483 1061 1549 ultima
1085 1503 1186 1548 causa
1208 1482 1320 1548 intulit
1343 1482 1402 1547 vix
1426 1503 1488 1547 111

162 1576 251 1638 certe
274 1593 411 1654 gravem
435 1571 685 1655 obligationem,
716 1573 764 1639 ita
788 1577 824 1639 ut
848 1572 944 1638 Caius
968 1572 1117 1654 graviter
1140 1571 1343 1656 peccaverit3
1374 1572 1489 1656 penul·

161 1661 244 1726 tima
272 1683 331 1745 pro
362 1661 616 1727 circumstantiis
646 1683 749 1744 grave
773 1661 840 1728 Caii
870 1666 1042 1746 peccatum
1075 1660 1264 1728 continebat
1293 1681 1358 1725 non
1389 1660 1489 1725 solius

162 1750 333 1831 neglectae
355 1750 522 1817 fraternae
546 1751 766 1827 correctionis,
791 1751 849 1816 sed
873 1750 1112 1834 cooperationis
1135 1749 1297 1834 positivae
1321 1749 1364 1814 ad
1380 1748 1488 1814 aliena

161 1843 299 1922 peccata
323 1843 358 1906 et
380 1840 525 1905 scandali
548 1839 656 1905 tertiis
679 1841 822 1906 fortasse
845 1839 923 1906 dati.

473 2069 714 2136 CORREOTIO
744 2070 829 2134 VEL
857 2067 1176 2135 DENUNTIATIO.

719 2227 829 2293 Casus.
858 2233 934 2301 1111)

251 2367 382 2427 Melania
403 2367 512 2426 aneilla
533 2365 743 2425 animadvertit
770 2367 888 2425 Annam
909 2365 1035 2425 filiorum
1063 2364 1302 2440 gubernatricem
1328 2370 1421 2424 noctu
1449 2364 1488 2422 iu·

162 2468 269 2508 venem
291 2447 437 2524 quendam
458 2447 488 2504 in
510 2446 677 2505 cubiculum
698 2447 854 2505 admittere
876 2451 965 2522 atque
987 2465 1052 2504 curn
1073 2447 1176 2522 parvis
1197 2445 1267 2504 filiis
1286 2444 1418 2503 familiae
1440 2445 1488 2504 ali·

162 2528 279 2605 quando
307 2527 464 2586 inhoneste
493 2546 590 2602 agere.
633 2526 704 2586 Cam
730 2526 859 2585 Melania
887 2525 989 2584 sedula
1018 2525 1179 2584 claudendo
1207 2526 1326 2584 ianuam
1353 2524 1488 2585 iuvenem

163 2608 246 2668 illum
266 2607 408 2685 impedire
429 2606 517 2676 velit,
547 2608 652 2677 Anna,
682 2626 757 2683 quae
782 2606 813 2665 in
835 2606 938 2664 domus
960 2605 1174 2681 gubernatione
1195 2605 1355 2664 maximam
1376 2610 1489 2682 partem

163 2689 269 2758 habet,
298 2688 326 2747 ei
355 2687 460 2762 gravia
483 2687 561 2745 mala
582 2687 727 2757 minatur,
757 2687 783 2745 si
804 2686 899 2745 denuo
928 2687 1047 2744 ianuam
1069 2687 1188 2744 obseret
1208 2686 1257 2744 vel
1285 2685 1312 2744 si
1332 2686 1488 2762 quidquam

164 2768 234 2828 mali
255 2768 291 2827 de
313 2788 346 2827 se
367 2769 512 2844 loquatur.

164 2874 341 2945 Quaeramus
357 2893 427 2932 nuru
441 2874 571 2933 Melania
585 2879 707 2951 propter
720 2879 830 2931 melum
845 2873 950 2931 Annae
966 2871 1089 2931 crimina
1104 2871 1223 2931 silentio
1237 2891 1371 2949 premere
1385 2872 1489 2950 possit.

761 3055 896 3122 Solatia.

102 3222 154 3277 388
253 3199 306 3265 An
329 3220 521 3275 1111111111
536 3198 575 3266 R.
599 3201 626 3263 1.
667 3197 758 3274 Quod
782 3197 824 3262 ad
847 3201 1017 3280 peceatum
1043 3216 1115 3260 cum
1138 3195 1256 3261 iuvene
1279 3196 1334 3261 illo
1360 3197 1489 3273 attinet,

164 3294 297 3355 tenetur
327 3289 456 3370 quidem
486 3288 533 3352 illi
565 3287 724 3353 obsistere
757 3285 937 3351 claudendo
971 3285 1101 3349 ianuam
1132 3306 1190 3349 suo
1213 3291 1378 3368 tempore,
1411 3287 1438 3350 si
1463 3286 1490 3351 ei

164 3379 245 3442 haec
270 3399 392 3442 curaa
423 3378 553 3442 domina
577 3377 630 3442 vel
654 3375 784 3441 domino
809 3374 982 3440 commissa
1007 3378 1074 3448 est;
1099 3395 1174 3439 nam
1199 3373 1298 3439 officii
1321 3375 1492 3458 neglectus

163 3467 225 3532 hac
248 3467 281 3532 in
306 3488 341 3531 re
365 3472 453 3533 esset
476 3466 618 3550 positiva
642 3487 715 3530 oum
738 3465 855 3530 Annae
878 3467 1014 3548 peccato
1038 3462 1257 3531 conniventia.

254 3564 288 3630 si
311 3586 389 3630 vero
413 3565 495 3629 haec
520 3585 599 3629 cura
616 3563 777 3628 Melaniae
801 3584 865 3628 non
890 3565 942 3626 est
964 3560 1149 3638 commissa,
1174 3564 1305 3627 tenetur
1329 3561 1440 3638 etiam,
1466 3561 1492 3626 si

164 3658 275 3736 potest
304 3654 374 3719 sine
405 3675 464 3718 suo
497 3654 716 3719 damnavere
740 3653 851 3735 gravi,
883 3654 1021 3735 peccata
1044 3650 1101 3715 illa
1123 3649 1296 3733 impedire;
1330 3649 1357 3714 si
1383 3660 1492 3717 autern

164 3743 336 3826 praevidet
359 3765 394 3807 se
418 3743 598 3807 efficaciter
621 3763 690 3806 rem
714 3763 778 3805 101
802 3762 899 3826 posse
922 3740 1079 3823 impedire
1103 3739 1156 3803 vel
1180 3760 1216 3804 se
1239 3739 1393 3804 damnum
1415 3761 1492 3806 vere

166 3852 268 3913 grave
298 3852 363 3896 non
393 3851 584 3906 evasuram,
619 3852 690 3894 cum
729 3833 823 3896 tanto
853 3829 1055 3894 incommodo
1087 3829 1129 3894 ad
1162 3826 1398 3893 correctionem
1428 3850 1493 3894 non

165 3925 307 3985 tenetur.

255 4009 423 4087 Attamen,
448 4009 474 4073 si
499 4007 647 4073 dominus
672 4013 705 4072 et
728 4007 859 4072 domina
882 4011 957 4072 sunt
982 4005 1128 4070 homines
1147 4005 1299 4071 catholici
1316 4005 1493 4073 timoratae

167 4099 402 4175 conscientiae,
434 4099 514 4163 adeo
540 4097 671 4161 difficile
695 4096 751 4159 1111
777 4096 908 4160 videtur
931 4116 1020 4171 esse,
1045 4095 1104 4160 1101
1127 4096 1175 4161 ita
1198 4116 1347 4173 monere,
1380 4102 1417 4161 ut
1441 4096 1491 4161 vel

166 4188 261 4252 Anna
286 4207 327 4251 ne
350 4187 433 4252 seire
458 4187 586 4269 quidem
608 4185 721 4268 possit,
747 4184 896 4266 quisnam
912 4205 982 4249 1111
999 4184 1202 4262 indicaverit,
1227 4185 1281 4248 vel
1298 4185 1369 4249 eius
1385 4186 1493 4251 minae

167 4298 247 4360 erga
270 4277 446 4342 Melaniam
470 4277 655 4340 inefficaces
679 4275 866 4339 reddantur.

105 4404 157 4457 389
256 4385 295 4449 R.
321 4386 350 4449 2.
398 4383 501 4447 Multo
525 4381 632 4445 minus
656 4381 817 4445 Melaniae
841 4380 970 4446 silentio
994 4399 1142 4462 premere
1166 4379 1259 4453 licet,
1292 4380 1379 4461 quod
1402 4380 1492 4464 pueri

168 4474 221 4537 vel
245 4474 373 4555 puellae
397 4471 541 4536 familiae
566 4471 606 4534 ab
631 4470 726 4535 Anna
751 4470 949 4534 seducantur
973 4469 1013 4532 ad
1037 4467 1156 4551 turpia.
1200 4469 1321 4550 Agitur
1345 4469 1431 4534 enim
1455 4469 1493 4533 de

169 4562 364 4642 gravissimo
389 4562 505 4626 damno
530 4560 691 4642 spirituali
717 4560 757 4624 ab
781 4559 1006 4624 innocentibus
1023 4563 1056 4622 et
1080 4557 1279 4640 simplicibus
1303 4558 1492 4625 avertendo.

169 4651 281 4714 Timor
303 4651 405 4732 igitur
427 4649 621 4714 incommodi
645 4650 696 4713 vel
723 4649 832 4714 damni
857 4649 957 4714 etiam
973 4668 1037 4712 non
1053 4647 1136 4711 levis
1152 4646 1318 4712 silentium
1335 4666 1494 4713 excusare
