3106 5168
308 303 433 358 Virtutes
451 320 512 358 cum
532 303 622 356 debito
640 302 738 370 legali:
759 303 855 369 Pietas,
874 300 994 356 officium
1013 304 1140 367 filiorum.
1323 309 1388 373 243

152 479 190 544 R.
216 482 245 545 2.
293 478 458 562 Spectatis
489 483 600 544 autem
630 479 844 545 circumstant
893 527 900 553 ,
932 477 1155 563 imprudenter
1185 485 1295 545 ectum
1326 487 1386 560 est,

60 568 148 649 quod
177 568 225 634 ita
255 588 297 632 ex
327 567 466 650 abrupto
497 572 601 634 totum
633 568 800 649 negotium
831 568 1052 650 perficeretur.
1100 569 1265 634 Celerinus
1293 572 1389 649 enim,

61 678 135 722 cum
159 656 292 722 minoris
315 655 359 721 sit
383 656 517 734 aetatis,
543 658 714 740 perleges
738 655 851 721 civiles
875 656 948 739 cogi
971 660 1097 740 potest,
1123 662 1160 723 ut
1182 658 1269 741 petri
1293 660 1391 724 resti-

61 749 185 813 tuatur.
231 744 353 822 Quodsi
375 745 554 811 timendum
579 749 646 820 est,
678 765 719 811 ne
742 745 926 811 intercedet
947 745 1108 812 iudicialis
1132 748 1275 825 coactio,
1301 754 1390 814 certe

60 838 262 919 spontaneus
279 834 439 900 discessus
456 835 508 899 vel
532 841 715 919 spontanea
731 833 875 899 dimissio
899 855 941 900 ex
964 839 1059 918 perte
1075 837 1265 901 monasterii
1281 839 1392 920 potius

60 924 204 1007 eligatur
219 924 260 990 ad
280 929 419 1006 tempus,
445 945 542 1006 quam
558 924 705 989 violenta
721 923 884 1001 abductio,
909 945 994 1006 quae
1010 925 1110 991 etiam
1125 925 1231 1009 patris
1247 927 1390 991 animum

60 1013 167 1095 magis
191 1013 430 1079 exacerbatum
461 1018 521 1080 est.
568 1013 728 1078 Attamen
759 1013 856 1077 iussis
884 1013 988 1096 patris
1013 1035 1076 1079 uon
1101 1013 1253 1079 oboedire
1276 1036 1389 1081 verum

61 1102 322 1168 inoboedientiae
346 1102 398 1167 vel
429 1101 563 1186 pietatis
586 1102 697 1167 laesae
720 1107 892 1185 peccatum
921 1124 986 1168 non
1017 1107 1084 1180 est,
1117 1124 1155 1168 eo
1185 1103 1270 1185 quod
1294 1109 1390 1189 pater

60 1192 102 1256 ad
127 1212 166 1256 ea
190 1192 330 1256 iubenda
353 1212 462 1256 coram
487 1191 556 1256 Deo
579 1191 630 1256 ius
653 1212 717 1256 uon
741 1191 850 1257 habet.

151 1299 189 1364 R.
215 1301 244 1364 3.
286 1297 382 1363 Anna
405 1298 571 1381 sponsalia
594 1297 676 1363 inire
700 1318 764 1362 non
789 1298 899 1364 debuit
923 1297 985 1362 nisi
1008 1298 1067 1363 sub
1092 1298 1281 1364 condicione
1309 1300 1389 1376 ,nisi

60 1394 215 1470 parentes
246 1408 286 1452 ex
317 1387 404 1454 iusta
428 1408 528 1453 causa
552 1387 844 1454 contradixerint“.
884 1386 1006 1452 Verum
1030 1388 1101 1453 sola
1124 1387 1282 1453 maiorum
1306 1389 1388 1455 divi·

61 1476 182 1542 tiarum
206 1477 355 1542 absentia
379 1498 443 1541 non
467 1480 519 1541 est
541 1475 630 1543 iusta
653 1496 761 1541 causa.
801 1476 1007 1559 Quapropter
1030 1497 1088 1560 per
1111 1497 1147 1541 se
1170 1477 1267 1543 Anna
1290 1499 1388 1562 spon-

61 1564 145 1630 salia
167 1565 233 1630 iam
256 1566 348 1631 fecta
365 1567 495 1631 solvere
514 1587 578 1630 nou
599 1570 739 1641 tenetur,
764 1565 862 1630 immo
886 1585 927 1630 ne
950 1565 980 1629 ei
1003 1563 1080 1632 licet
1096 1565 1226 1648 quidem
1243 1566 1387 1644 solvere;

61 1659 209 1721 attamen
232 1655 260 1719 si
284 1658 380 1739 pater
393 1655 483 1720 adeo
508 1654 646 1731 restitit,
672 1660 708 1720 ut
731 1675 773 1719 ex
798 1653 1019 1730 matrimonio,
1045 1655 1072 1720 si
1095 1655 1242 1733 iniretur,
1268 1678 1388 1738 graves

61 1749 96 1809 et
120 1743 293 1809 diuturnae
315 1743 505 1810 inimicitiae
529 1743 707 1810 orirentur:
739 1743 820 1808 haec
851 1743 935 1809 ratio
959 1744 1075 1809 Annae
1105 1745 1155 1809 ius
1185 1744 1300 1812 tribuit
1323 1747 1388 1811 sol·

62 1832 159 1898 vendi
183 1833 357 1916 sponsalia.
405 1833 532 1910 Confer,
557 1853 641 1914 quae
665 1833 753 1898 dicta
776 1837 853 1898 sunt
876 1832 940 1898 vol.
960 1832 1002 1909 Il,
1027 1855 1057 1899 n.
1084 1835 1148 1898 852
1165 1855 1235 1916 sqq.

146 2050 300 2117 Plures
323 2050 506 2117 FILIALlS
530 2050 586 2116 ΕΤ
612 2050 925 2117 OBSERVANTIA
948 2051 1067 2117 ERGA
1091 2051 1307 2120 MARITUM.

618 2199 728 2268 Casus.
755 2207 832 2273 (136)

151 2333 324 2410 Sempronia
344 2352 420 2391 uxor
440 2351 540 2391 senem
562 2339 676 2409 patrem
697 2351 855 2410 pauperem
878 2332 993 2407 cogitur
1014 2338 1184 2393 sustentare
1214 2334 1244 2392 in
1266 2335 1386 2411 eiusque

61 2432 132 2472 eura
154 2420 184 2472 et
205 2413 327 2472 servitio
349 2413 470 2471 multum
492 2413 633 2489 temporis
653 2414 831 2491 impendere,
853 2412 911 2471 nisi
932 2431 1040 2488 graves
1058 2412 1127 2472 eiua
1137 2413 1272 2488 querelas
1294 2422 1324 2474 et
1344 2417 1386 2474 in-

61 2493 260 2569 dignationem
282 2493 317 2552 de
338 2493 416 2552 filiae
437 2493 650 2568 ingratitudine
673 2500 703 2552 et
724 2493 831 2552 duritie
853 2493 984 2552 excitare
1006 2492 1086 2552 velit.
1116 2494 1162 2552 Ex
1185 2495 1279 2553 altera
1301 2503 1385 2572 parte

62 2574 184 2633 maritus
206 2578 343 2633 austerus
365 2579 395 2632 et
415 2573 574 2632 iracundus
597 2593 660 2632 eam
683 2573 826 2632 conviciis
848 2579 952 2632 onerat
972 2579 1093 2649 propter
1108 2576 1259 2633 commoda
1280 2595 1334 2635 sua
1356 2584 1386 2636 et

61 2673 107 2712 res
120 2653 284 2713 familiares
303 2654 447 2729 neglecta.
485 2652 581 2722 Quare
597 2653 769 2730 Sempronia
785 2673 822 2712 ex
837 2658 961 2728 utraque
976 2661 1060 2730 parte
1075 2674 1180 2730 pressa
1201 2655 1285 2714 modo
1307 2658 1386 2732 patri

61 2734 144 2793 modo
165 2734 272 2793 niarito
293 2739 415 2793 mortem
439 2740 561 2810 exoptat
583 2754 671 2793 orans
693 2734 797 2805 Deum,
819 2739 906 2793 uteo
928 2736 965 2792 ab
986 2734 1129 2793 alterutro
1150 2735 1262 2794 liberet.

61 2841 237 2911 Qunnnrrun
259 2843 288 2899 10
314 2860 398 2915 quam
421 2839 630 2915 obligationem
652 2840 774 2899 curandi
795 2840 891 2917 patris
913 2839 993 2898 senis
1015 2839 1188 2916 Sempronia
1210 2841 1325 2900 habeat.

258 2933 288 2987 2⁰
314 2949 381 2987 num
404 2934 434 2988 et
455 2929 598 3006 quomodo
619 2929 797 3005 peccaverit.

652 3089 790 3156 Salutio.

147 3221 200 3283 Aa
224 3237 414 3293 ouuusrruu
442 3218 477 3278 1¹¹¹
508 3215 545 3281 R.
575 3218 601 3280 l.
656 3214 916 3280 Necessitatibus
951 3215 1056 3297 patris
1091 3214 1177 3278 senis
1212 3213 1444 3296 provideretur

60 3306 251 3390 Sempronia
269 3304 399 3370 omnino
420 3305 524 3370 debet.
561 3305 632 3368 Hoc
657 3303 741 3368 enim
766 3307 817 3368 est
841 3303 980 3367 officium
1006 3302 1148 3387 pictatia,
1175 3304 1381 3385 quodetiam

58 3396 160 3462 invito
185 3395 303 3461 marito
328 3395 424 3459 debet
454 3393 605 3476 implere,
637 3392 735 3457 immo
760 3393 858 3459 etiam
883 3392 1035 3475 expensis
1058 3391 1183 3468 mariti,
1215 3393 1331 3457 saltem
1355 3393 1381 3457 si

58 3485 189 3569 propria
212 3485 297 3550 bona
320 3483 512 3566 Sempronia
535 3504 599 3547 non
622 3481 731 3547 habet.
767 3482 853 3546 Nam
877 3481 1014 3547 maritus
1030 3501 1166 3546 uxorem
1190 3501 1274 3563 quae
1297 3482 1383 3548 bona

58 3573 190 3658 propria
214 3574 401 3638 nonhabet
424 3576 610 3637 sustentare
636 3572 747 3641 debet:
779 3572 820 3636 ad
844 3570 1117 3637 sustentationem
1142 3575 1251 3636 autem
1274 3571 1382 3652 requi·
1411 3584 1421 3614 ⁴

58 3663 149 3741 ritur,
182 3667 219 3728 ut
248 3683 330 3727 uxor
353 3663 528 3727 secundum
553 3660 773 3726 condicionem
796 3681 888 3724 suem
913 3660 1025 3725 vivere
1048 3659 1166 3743 possit,
1198 3681 1281 3741 quae
1305 3681 1381 3726 con·

58 3752 139 3818 dicio
164 3752 197 3817 in
222 3751 412 3834 Sempronia
436 3772 475 3815 ee
499 3754 559 3826 est,
584 3756 621 3815 ut
640 3754 777 3815 onerata
792 3749 836 3814 sit
852 3750 956 3833 patris
972 3748 1058 3814 senis
1075 3769 1162 3815 cura.
1199 3751 1255 3814 Ius
1271 3771 1381 3815 rrovrrm

58 3844 209 3907 Gerruue.
235 3845 269 3906 >in
292 3844 379 3905 ornari
401 3863 477 3905 cusu
502 3839 658 3903 eiusmodi
687 3838 839 3923 expensis
863 3843 978 3904 onerat
1006 3840 1087 3903 bono
1111 3841 1277 3923 roeircpum
1300 3862 1381 3904 corrr-

58 3933 178 4012 mum'o,
195 3934 370 4013 antequam
387 3931 472 3993 bona
487 3933 643 4011 separata
658 3929 849 3994 alterutrius
866 3928 1059 4010 obligentur.
1093 3927 1140 3992 cf.
1157 3927 1232 3994 ibid.
1252 3928 1269 4007 ξ
1287 3931 1379 3993 1534.

144 4036 184 4101 R.
215 4038 243 4100 2.
295 4033 511 4099 Nihilominus
546 4034 578 4097 in
614 4033 804 4098 deliniendis
839 4032 1089 4099 necessitatibus
1123 4033 1249 4098 attendi
1285 4035 1382 4098 debet

55 4127 182 4208 reliqua
205 4123 415 4208 Semproniae
440 4124 572 4206 eiusque
596 4122 705 4189 ruariti
729 4121 874 4187 condicio
898 4126 932 4187 et
955 4126 1072 4188 statue.
1116 4123 1149 4187 Si
1174 4143 1257 4203 quae
1281 4123 1381 4205 igitur

56 4216 143 4281 ultre
167 4218 291 4280 statum
315 4234 408 4278 suurn
439 4218 473 4278 et
496 4217 619 4278 statum
643 4213 730 4277 tiliae
754 4217 849 4296 pater
872 4211 992 4292 exigit,
1018 4212 1070 4275 vel
1094 4215 1223 4293 tempus
1247 4211 1377 4275 nimium

55 4304 160 4371 inutili
193 4307 227 4370 et
257 4303 426 4368 excessivo
450 4302 586 4368 servitio
610 4302 682 4367 vult
711 4305 749 4366 ut
778 4301 840 4366 sibi
863 4301 1085 4384 impendetur:
1119 4300 1160 4364 ad
1185 4300 1264 4363 haec
1289 4301 1378 4364 Sem-

55 4394 170 4478 pronia
199 4414 265 4458 uon
294 4397 434 4469 tenetur,
466 4413 570 4473 neque
600 4391 738 4456 meritus
768 4394 900 4456 tenetur
929 4411 969 4455 ea
1002 4389 1094 4454 uxori
1126 4389 1301 4452 concedere
1325 4390 1376 4453 vel

55 4483 255 4567 permittere.
295 4483 426 4555 Verum,
453 4481 514 4545 nisi
540 4484 706 4545 ›recessitue
730 4479 873 4544 familiae
898 4479 985 4543 eliud
1009 4480 1131 4559 exigat,
1157 4477 1316 4553 convenit,
1341 4483 1378 4543 ut

55 4572 245 4658 Sempronia
261 4592 341 4654 erga
363 4577 489 4654 petrem
507 4569 663 4652 imprimis
679 4569 899 4650 indulgentior
915 4589 1011 4648 quam
1028 4566 1173 4631 severior
1196 4566 1248 4641 sit,
1273 4587 1377 4648 neque

53 4662 93 4728 de
116 4663 178 4729 hoc
202 4661 339 4727 meritus
363 4659 602 4725 rationabiliter
626 4662 735 4740 potest
758 4657 864 4722 irasci.

1110 4761 1164 4812 16*
