3106 5168
488 280 687 337 Iuramsntum:
707 283 765 338 sius
784 280 923 351 obligatio,
941 282 1034 338 laesio.
1361 289 1424 353 123

186 455 225 522 s.
251 459 281 523 4.
328 457 367 522 In
396 465 508 543 quarto
539 479 617 524 casu
647 458 821 525 videndum
855 463 923 537 est,
954 459 1031 542 quid
1063 461 1103 525 de
1134 460 1175 526 iis
1206 482 1290 544 quae
1319 462 1425 528 Titius
1435 473 1486 527 245

95 544 225 624 omisit,
250 544 327 628 quid
352 546 391 611 de
413 545 454 611 iis
477 567 561 629 quae
584 548 721 630 negavit
744 548 806 614 dici
832 548 959 614 debeat.
1006 549 1094 614 Nam
1116 550 1150 615 in
1172 549 1212 615 iis
1237 572 1336 634 quae,
1361 572 1426 617 non

94 635 252 701 obstante
281 634 481 714 iuramento,
513 635 622 702 omisit
652 637 775 716 dicere,
807 637 920 719 quaeri
952 642 1064 722 potest
1095 639 1136 705 de
1167 662 1232 706 non
1263 643 1426 726 implendo

93 724 206 790 iurata
229 723 461 808 promissione;
491 724 525 789 in
554 725 595 790 iis
618 747 703 809 quae
732 727 869 810 negavit
892 727 1005 809 quaeri
1035 727 1147 806 debet,
1177 749 1344 813 quousque
1374 751 1426 796 re-

94 813 283 969 strictionis?0
297 833 362 878 non
391 834 473 898 pure
495 814 631 881 mentali
660 815 694 881 in
725 815 826 882 certis
848 816 977 882 casibus
1006 817 1055 882 uti
1084 817 1246 900 possimus
1270 819 1369 885 etiam
1393 819 1426 884 in

94 923 245 969 ruramen
286 954 293 968 .

186 1000 428 1080 Iurameutum,
459 1001 545 1083 quod
568 1022 588 1067 a
613 1001 699 1068 Titio
723 1001 927 1085 exigebatur,
959 1022 1032 1067 eum
1056 1024 1121 1069 non
1144 1003 1269 1087 obligat
1298 1005 1360 1070 nisi
1385 1006 1426 1071 ad

95 1111 147 1168 ea,
172 1110 258 1172 quae
281 1088 429 1173 superior
451 1089 599 1172 legitime
621 1089 727 1176 possit
750 1091 893 1176 exigere.
932 1091 1034 1157 ludici
1058 1091 1142 1157 enim
1161 1092 1308 1177 legitime
1323 1094 1426 1161 inter·

94 1179 230 1263 roganti
246 1178 371 1244 sincere
387 1179 515 1262 quidem
531 1180 793 1264 respondendum
810 1184 869 1259 est,
894 1181 952 1246 sed
971 1181 1013 1247 ad
1032 1202 1162 1246 sensum
1179 1181 1424 1265 interrogantis.

96 1269 221 1334 Sensus
244 1272 354 1334 autem
378 1289 436 1334 seu
459 1268 597 1335 intentio
621 1269 769 1353 legitima
792 1269 907 1336 iudicis
929 1268 1166 1353 interrogantis
1195 1276 1268 1338 erat
1298 1272 1339 1338 de
1364 1273 1426 1338 cri·

95 1358 185 1423 mine
208 1378 315 1442 poena
338 1357 446 1439 digno.
492 1357 653 1440 Legitime
677 1359 763 1424 enim
794 1359 927 1442 exigere
951 1358 1172 1426 testimonium
1197 1366 1313 1428 contra
1335 1383 1426 1427 reum

95 1467 163 1513 non
186 1449 308 1531 potest,
332 1446 394 1512 nisi
417 1445 450 1511 in
474 1451 632 1530 quantum
656 1469 731 1513 reus
747 1469 853 1533 poena
870 1447 988 1530 diguus
1011 1452 1071 1515 est.
1107 1449 1215 1527 Quare
1238 1471 1302 1516 non
1321 1451 1426 1517 solum

96 1535 187 1602 licite
210 1535 302 1601 siluit
324 1535 430 1602 Titius
454 1535 493 1601 de
517 1535 617 1614 facto,
642 1537 727 1619 quod
750 1540 904 1604 iniustam
928 1536 1145 1621 suspicionem
1177 1537 1209 1604 in
1234 1560 1326 1605 reum
1349 1561 1427 1606 cou-

94 1624 185 1691 icere
201 1624 318 1709 potuit,
336 1626 403 1704 sed,
420 1625 603 1692 iuramento
620 1647 684 1692 nou
701 1627 864 1703 obstante,
881 1626 977 1692 silere
993 1647 1052 1711 per
1070 1648 1106 1692 se
1123 1629 1245 1694 debuit:
1267 1629 1427 1711 siquidem

96 1735 163 1779 nou
194 1713 382 1798 pertinebat
411 1714 452 1780 ad
482 1714 629 1799 ,plenam
656 1717 747 1782 illam
770 1715 978 1793 veritatem“,
1009 1716 1173 1799 adquam
1200 1716 1371 1784 dicendam
1394 1718 1428 1783 vi

96 1802 276 1870 iuramenti
298 1803 447 1888 superior
470 1803 615 1886 obligare
637 1808 770 1888 poterat
793 1810 827 1872 et
851 1804 1019 1887 obligavit.
1035 1842 1080 1852 —
1102 1806 1205 1872 Immo
1222 1806 1322 1874 etiam
1338 1811 1428 1875 recte

97 1892 237 1976 negavit
259 1914 295 1958 se
319 1892 359 1959 de
381 1891 438 1958 illa
462 1913 496 1959 re
520 1892 695 1975 quidquam
720 1894 821 1971 scire;
853 1893 933 1959 nihil
957 1894 1041 1959 enim
1065 1894 1163 1961 scivit
1192 1895 1225 1960 in
1249 1896 1363 1962 ordine
1386 1897 1428 1962 ad

98 1982 388 2060 manifestandum,
412 1981 489 2064 quia
511 1982 724 2048 manifestare
746 2004 851 2066 neque
876 1983 987 2050 debuit
1010 2004 1115 2065 neque
1137 1983 1228 2051 licite
1249 1986 1368 2068 potuit.
1386 2021 1427 2032 -

98 2071 133 2138 Si
158 2075 269 2137 autem
286 2070 392 2138 Titius
409 2070 628 2137 innocentiam
652 2071 701 2136 rei
724 2093 788 2138 uon
811 2072 919 2150 scivit,
945 2075 1170 2155 contraquam
1190 2074 1428 2159 graviasuspi·

99 2160 196 2227 candi
219 2163 386 2226 momenta
409 2160 626 2237 exsistebant,
651 2181 731 2226 sane
754 2182 813 2245 per
835 2182 871 2226 se
895 2181 935 2226 ea
957 2161 1170 2228 manifestare
1194 2163 1319 2243 debuit,
1345 2185 1428 2247 quae

99 2250 144 2316 ad
167 2249 383 2334 suspicionem
408 2249 479 2316 sive
502 2250 686 2332 augendam
710 2249 780 2316 sive
803 2250 1010 2316 minuendam
1035 2251 1257 2320 conferebant.

190 2347 269 2412 Dixi
291 2367 391 2432 supra
411 2370 471 2434 per
488 2370 521 2413 se
539 2346 640 2413 fuisse
659 2367 718 2431 pro
735 2347 821 2412 Titio
838 2347 1070 2430 obligationem
1086 2348 1201 2414 silendi
1218 2350 1271 2416 vel
1287 2348 1428 2433 negandi

98 2435 182 2503 facti
211 2436 310 2521 plane
331 2436 471 2514 innoxii,
503 2436 605 2518 quod,
636 2436 663 2501 si
688 2442 858 2502 narratum
881 2441 984 2516 esset,
1015 2441 1130 2504 contra
1153 2459 1244 2504 reum
1275 2438 1428 2506 iniustam

99 2524 319 2610 suspicionem
354 2525 543 2592 excitasset.
600 2524 765 2608 Obligatio
801 2531 911 2593 autem
946 2527 1027 2593 haec
1062 2547 1192 2593 cessare
1226 2533 1336 2612 potest
1369 2549 1430 2613 per

100 2615 269 2692 accidens,
301 2616 430 2698 quando
459 2613 610 2679 nimirum
641 2614 747 2682 Titius
778 2615 841 2680 hac
871 2615 989 2699 agendi
1018 2615 1146 2682 ratione
1178 2637 1251 2682 sese
1283 2621 1429 2702 exponat

98 2704 197 2788 gravi
220 2704 366 2788 periculo
389 2703 551 2769 incidendi
573 2703 606 2769 in
631 2724 768 2788 poenam
786 2704 878 2787 quasi
902 2705 1083 2789 perpetrati
1107 2704 1250 2789 periurii.
1286 2706 1319 2772 Si
1343 2707 1428 2772 enim

98 2795 148 2862 ita
172 2798 233 2871 est,
258 2793 306 2859 rei
329 2793 504 2860 veritatem
527 2793 653 2859 sincere
677 2793 787 2859 licebit
811 2793 937 2860 edicere
956 2794 1178 2861 manifestatis
1196 2800 1308 2861 tamen
1332 2795 1428 2861 simul

98 2883 293 2961 rationibus,
311 2904 394 2965 quae
413 2883 629 2966 suspicionem
645 2883 744 2949 istam
761 2883 929 2950 emolliant
945 2885 997 2949 vel
1014 2884 1131 2949 falsam
1149 2905 1221 2950 esse
1237 2884 1429 2960 ostendant;

98 2994 206 3056 neque
229 2971 368 3039 ulterius
390 2975 523 3038 tenetur
546 2993 617 3037 cum
648 2972 844 3056 gravissimo
875 2995 932 3039 suo
962 2973 1080 3039 damno
1104 2973 1258 3039 damnum
1288 2974 1430 3039 alienum

99 3063 244 3130 fortasse
267 3060 426 3129 oriturum
450 3067 611 3128 avertere.

191 3169 230 3234 lt.
255 3171 286 3234 5.
333 3168 370 3232 In
394 3170 502 3253 quinto
526 3188 604 3233 casu
634 3166 704 3232 sine
728 3166 824 3231 dubio
848 3165 954 3232 Titius
983 3166 1166 3233 iuramento
1190 3167 1254 3233 isto
1284 3189 1349 3233 non
1373 3168 1490 3234 ob-asc

99 3259 244 3341 ligatur;
277 3278 353 3323 nam
385 3258 426 3322 ad
450 3256 665 3323 omittendam
696 3255 931 3341 perfectionem
963 3256 1187 3337 evangelicam
1220 3278 1278 3322 seu
1310 3258 1429 3322 bonum

99 3347 218 3414 melius
241 3345 275 3412 vi
298 3345 466 3429 religionis
489 3367 547 3411 seu
570 3347 601 3411 iu
626 3346 781 3411 bonorem
806 3344 867 3410 Dei
891 3344 1029 3426 obligari
1053 3365 1147 3409 nemo
1170 3350 1289 3429 potest.
1328 3347 1430 3411 Immo

100 3435 316 3522 promissione
340 3434 541 3502 omittendae
572 3435 619 3500 rei
643 3435 747 3500 bonae
771 3435 860 3499 Deus
882 3432 1097 3499 inhonoretur
1119 3433 1270 3500 similiter
1291 3456 1331 3501 ac
1354 3456 1431 3520 pro-

99 3525 256 3593 missione
279 3524 533 3592 committendae
563 3525 610 3590 rei
634 3524 750 3590 malae.
799 3523 905 3600 Quare
934 3523 1006 3607 ipso
1029 3523 1093 3588 isto
1116 3523 1300 3591 iuramento
1324 3524 1430 3591 Titius

100 3613 263 3701 peccavit,
287 3614 315 3679 si
331 3635 367 3679 se
383 3613 431 3680 ita
446 3616 585 3700 obligare
601 3613 721 3692 voluit;
746 3612 853 3690 aliter,
877 3610 915 3689 si,
939 3612 1067 3678 seclusa
1083 3612 1170 3678 omni
1186 3613 1313 3679 consilii
1329 3635 1430 3679 evan·

100 3705 180 3789 gelii
196 3703 418 3788 despicientia,
442 3704 546 3769 solum
564 3725 706 3769 asserere
721 3701 826 3768 voluit
849 3723 884 3767 se
906 3701 954 3767 ita
977 3700 1086 3767 auimo
1106 3707 1329 3786 comparatum
1347 3724 1428 3781 esse,

100 3800 138 3862 ut
163 3795 203 3860 de
226 3793 454 3877 amplectenda
478 3792 548 3859 vita
570 3792 725 3875 religiosa
747 3791 833 3857 serio
857 3813 920 3856 non
944 3790 988 3857 sit
1012 3791 1226 3874 cogitaturus.

434 4026 739 4094 IURAMEN'I'UM
760 4025 1101 4096 PROMISSORIUM.

669 4189 779 4256 Casus.
808 4197 865 4265 (67)

193 4329 383 4406 Sempronia,
409 4330 554 4388 honestae
583 4327 765 4388 condicionis
792 4328 907 4405 puella,
936 4347 1026 4404 saepe
1055 4333 1234 4388 convenerat
1262 4347 1328 4387 cum
1353 4327 1429 4395 Tito,

100 4412 184 4492 paris
207 4408 389 4470 condicionis
408 4410 525 4478 iuvene,
547 4408 714 4486 pluriesque
734 4428 799 4467 cum
815 4429 849 4467 eo
870 4408 1015 4484 peccavit.
1050 4409 1170 4469 Exortis
1185 4408 1326 4479 dicteriis,
1348 4426 1430 4484 prae·

102 4494 189 4571 cipue
211 4510 249 4550 ex
270 4494 357 4566 parte
377 4495 531 4565 parentum
552 4489 647 4566 ipsius
667 4489 797 4560 iuvenis,
829 4494 933 4546 contra
954 4486 1171 4565 Semproniam,
1202 4489 1276 4545 haec
1298 4487 1376 4545 iurat
1397 4507 1429 4545 se

101 4589 261 4649 numquam
277 4568 403 4646 amplius
417 4589 483 4629 cum
497 4570 565 4629 Tito
580 4574 792 4629 conventuram
813 4587 907 4643 neque
925 4567 1029 4643 pedem
1045 4569 1169 4645 amplius
1190 4567 1220 4624 in
1235 4567 1299 4624 eius
1315 4567 1430 4625 domum

101 4661 257 4733 paternam
278 4650 427 4709 illaturam
449 4669 525 4710 esse.
566 4651 677 4708 Verum
705 4651 793 4726 paulo
819 4654 888 4724 post
913 4648 951 4706 ab
972 4648 1124 4726 utriusque
1151 4645 1324 4723 parentibus
1352 4645 1429 4705 serio
