<?xml version="1.0" encoding="UTF-8"?>
<!DOCTYPE html PUBLIC "-//W3C//DTD XHTML 1.0 Transitional//EN"
    "http://www.w3.org/TR/xhtml1/DTD/xhtml1-transitional.dtd">
<html xmlns="http://www.w3.org/1999/xhtml" xml:lang="en" lang="en">
 <head>
  <title>
</title>
<meta http-equiv="Content-Type" content="text/html;charset=utf-8" />
  <meta name='ocr-system' content='tesseract 3.04.00' />
  <meta name='ocr-capabilities' content='ocr_page ocr_carea ocr_par ocr_line ocrx_word'/>
</head>
<body>
  <div class='ocr_page' id='page_1' title='image "./casusconscienti01lehmgoog_0383.png"; bbox 0 0 3106 5168; ppageno 0'>
   <div class='ocr_carea' id='block_1_1' title="bbox 391 279 1393 351">
    <p class='ocr_par' dir='ltr' id='par_1_1' title="bbox 391 279 1393 351">
     <span class='ocr_line' id='line_1_1' title="bbox 391 279 1393 351; baseline 0.006 -17"><span class='ocrx_word' id='word_1_1' title='bbox 391 280 461 334; x_wconf 89' lang='lat' dir='ltr'>luris</span> <span class='ocrx_word' id='word_1_2' title='bbox 479 279 547 335; x_wconf 81' lang='lat' dir='ltr'>laesi</span> <span class='ocrx_word' id='word_1_3' title='bbox 564 280 708 351; x_wconf 72' lang='lat' dir='ltr'><strong>reparatio.</strong></span> <span class='ocrx_word' id='word_1_4' title='bbox 727 310 763 319; x_wconf 92' lang='lat'><em>-</em></span> <span class='ocrx_word' id='word_1_5' title='bbox 781 280 901 336; x_wconf 86' lang='lat' dir='ltr'>Causae:</span> <span class='ocrx_word' id='word_1_6' title='bbox 920 285 1077 350; x_wconf 73' lang='lat' dir='ltr'>cooperario.</span> <span class='ocrx_word' id='word_1_7' title='bbox 1329 287 1393 351; x_wconf 84' lang='lat'>367</span> 
     </span>
    </p>
   </div>
   <div class='ocr_carea' id='block_1_2' title="bbox 69 456 1395 1344">
    <p class='ocr_par' dir='ltr' id='par_1_2' title="bbox 69 456 1395 1344">
     <span class='ocr_line' id='line_1_2' title="bbox 162 456 1395 542; baseline 0.002 -21"><span class='ocrx_word' id='word_1_8' title='bbox 162 456 201 522; x_wconf 87' lang='lat' dir='ltr'>lt.</span> <span class='ocrx_word' id='word_1_9' title='bbox 219 459 249 522; x_wconf 90' lang='grc'>3.</span> <span class='ocrx_word' id='word_1_10' title='bbox 281 456 405 522; x_wconf 89' lang='lat' dir='ltr'>Verum</span> <span class='ocrx_word' id='word_1_11' title='bbox 427 457 497 522; x_wconf 88' lang='lat' dir='ltr'>fieri</span> <span class='ocrx_word' id='word_1_12' title='bbox 520 460 641 542; x_wconf 89' lang='lat' dir='ltr'>potest,</span> <span class='ocrx_word' id='word_1_13' title='bbox 665 461 702 523; x_wconf 91' lang='lat' dir='ltr'>ut</span> <span class='ocrx_word' id='word_1_14' title='bbox 718 457 888 523; x_wconf 89' lang='lat' dir='ltr'>consilium</span> <span class='ocrx_word' id='word_1_15' title='bbox 910 479 975 524; x_wconf 92' lang='lat' dir='ltr'>non</span> <span class='ocrx_word' id='word_1_16' title='bbox 991 457 1096 524; x_wconf 91' lang='lat' dir='ltr'>solum</span> <span class='ocrx_word' id='word_1_17' title='bbox 1111 457 1263 523; x_wconf 90' lang='lat' dir='ltr'>iniuriam</span> <span class='ocrx_word' id='word_1_18' title='bbox 1280 463 1395 524; x_wconf 89' lang='lat' dir='ltr'>contra</span> 
     </span>
     <span class='ocr_line' id='line_1_3' title="bbox 70 545 1394 626; baseline 0.001 -14"><span class='ocrx_word' id='word_1_19' title='bbox 70 545 207 612; x_wconf 82' lang='lat' dir='ltr'>tertium</span> <span class='ocrx_word' id='word_1_20' title='bbox 231 545 407 622; x_wconf 90' lang='lat' dir='ltr'>contineat,</span> <span class='ocrx_word' id='word_1_21' title='bbox 431 546 489 611; x_wconf 88' lang='lat' dir='ltr'>sed</span> <span class='ocrx_word' id='word_1_22' title='bbox 513 546 613 612; x_wconf 88' lang='lat' dir='ltr'>etiam</span> <span class='ocrx_word' id='word_1_23' title='bbox 633 546 783 611; x_wconf 86' lang='lat' dir='ltr'>iniuriam</span> <span class='ocrx_word' id='word_1_24' title='bbox 798 551 913 613; x_wconf 91' lang='lat' dir='ltr'>contra</span> <span class='ocrx_word' id='word_1_25' title='bbox 936 567 1010 613; x_wconf 91' lang='lat' dir='ltr'>eum</span> <span class='ocrx_word' id='word_1_26' title='bbox 1033 546 1086 611; x_wconf 91' lang='lat' dir='ltr'>cui</span> <span class='ocrx_word' id='word_1_27' title='bbox 1101 546 1270 612; x_wconf 88' lang='lat' dir='ltr'>consilium</span> <span class='ocrx_word' id='word_1_28' title='bbox 1286 547 1394 626; x_wconf 91' lang='lat' dir='ltr'>datur,</span> 
     </span>
     <span class='ocr_line' id='line_1_4' title="bbox 71 634 1394 719; baseline 0.002 -19"><span class='ocrx_word' id='word_1_29' title='bbox 71 635 100 700; x_wconf 92' lang='lat' dir='ltr'>si</span> <span class='ocrx_word' id='word_1_30' title='bbox 133 634 286 701; x_wconf 90' lang='lat' dir='ltr'>videlicet</span> <span class='ocrx_word' id='word_1_31' title='bbox 318 635 486 701; x_wconf 88' lang='lat' dir='ltr'>consilium</span> <span class='ocrx_word' id='word_1_32' title='bbox 518 637 562 701; x_wconf 90' lang='lat' dir='ltr'>sit</span> <span class='ocrx_word' id='word_1_33' title='bbox 594 656 765 701; x_wconf 89' lang='lat' dir='ltr'>erroneum</span> <span class='ocrx_word' id='word_1_34' title='bbox 797 641 832 703; x_wconf 88' lang='lat' dir='ltr'>ct</span> <span class='ocrx_word' id='word_1_35' title='bbox 859 635 1113 702; x_wconf 84' lang='lat' dir='ltr'>fraudulentum.</span> <span class='ocrx_word' id='word_1_36' title='bbox 1160 635 1197 700; x_wconf 90' lang='lat' dir='ltr'>In</span> <span class='ocrx_word' id='word_1_37' title='bbox 1228 658 1291 719; x_wconf 92' lang='lat' dir='ltr'>quo</span> <span class='ocrx_word' id='word_1_38' title='bbox 1316 658 1394 703; x_wconf 90' lang='lat' dir='ltr'>casu</span> 
     </span>
     <span class='ocr_line' id='line_1_5' title="bbox 71 723 1393 806; baseline 0.002 -17"><span class='ocrx_word' id='word_1_39' title='bbox 71 724 165 790; x_wconf 88' lang='lat' dir='ltr'>fraus</span> <span class='ocrx_word' id='word_1_40' title='bbox 187 724 246 789; x_wconf 89' lang='lat' dir='ltr'>illa</span> <span class='ocrx_word' id='word_1_41' title='bbox 269 723 425 806; x_wconf 89' lang='lat' dir='ltr'>primaria</span> <span class='ocrx_word' id='word_1_42' title='bbox 447 723 534 790; x_wconf 90' lang='lat' dir='ltr'>actio</span> <span class='ocrx_word' id='word_1_43' title='bbox 558 730 609 790; x_wconf 88' lang='lat' dir='ltr'>est</span> <span class='ocrx_word' id='word_1_44' title='bbox 631 724 754 790; x_wconf 90' lang='lat' dir='ltr'>iniusta</span> <span class='ocrx_word' id='word_1_45' title='bbox 783 729 898 791; x_wconf 87' lang='lat' dir='ltr'>contra</span> <span class='ocrx_word' id='word_1_46' title='bbox 921 745 995 790; x_wconf 91' lang='lat' dir='ltr'>cum</span> <span class='ocrx_word' id='word_1_47' title='bbox 1018 725 1070 790; x_wconf 90' lang='lat' dir='ltr'>cui</span> <span class='ocrx_word' id='word_1_48' title='bbox 1094 724 1262 789; x_wconf 90' lang='lat' dir='ltr'>consilium</span> <span class='ocrx_word' id='word_1_49' title='bbox 1287 726 1393 804; x_wconf 91' lang='lat' dir='ltr'>datur,</span> 
     </span>
     <span class='ocr_line' id='line_1_6' title="bbox 70 812 1392 897; baseline 0.001 -19"><span class='ocrx_word' id='word_1_50' title='bbox 70 818 105 879; x_wconf 90' lang='lat' dir='ltr'>et</span> <span class='ocrx_word' id='word_1_51' title='bbox 129 813 156 877; x_wconf 91' lang='lat' dir='ltr'>si</span> <span class='ocrx_word' id='word_1_52' title='bbox 181 834 223 878; x_wconf 86' lang='lat' dir='ltr'>ox</span> <span class='ocrx_word' id='word_1_53' title='bbox 246 813 303 879; x_wconf 89' lang='lat' dir='ltr'>illa</span> <span class='ocrx_word' id='word_1_54' title='bbox 325 812 442 878; x_wconf 90' lang='lat' dir='ltr'>fraude</span> <span class='ocrx_word' id='word_1_55' title='bbox 457 812 605 895; x_wconf 90' lang='lat' dir='ltr'>sequitur</span> <span class='ocrx_word' id='word_1_56' title='bbox 627 834 687 897; x_wconf 93' lang='lat' dir='ltr'>per</span> <span class='ocrx_word' id='word_1_57' title='bbox 709 813 834 878; x_wconf 90' lang='lat' dir='ltr'>consilii</span> <span class='ocrx_word' id='word_1_58' title='bbox 856 814 1099 880; x_wconf 80' lang='lat' dir='ltr'>exsecutionem</span> <span class='ocrx_word' id='word_1_59' title='bbox 1124 814 1277 879; x_wconf 91' lang='lat' dir='ltr'>damnum</span> <span class='ocrx_word' id='word_1_60' title='bbox 1291 815 1392 892; x_wconf 88' lang='lat' dir='ltr'>tertii,</span> 
     </span>
     <span class='ocr_line' id='line_1_7' title="bbox 70 901 1394 985; baseline 0.002 -18"><span class='ocrx_word' id='word_1_61' title='bbox 70 902 158 985; x_wconf 92' lang='lat' dir='ltr'>quod</span> <span class='ocrx_word' id='word_1_62' title='bbox 181 905 355 968; x_wconf 86' lang='lat' dir='ltr'>exsecutor</span> <span class='ocrx_word' id='word_1_63' title='bbox 378 923 420 966; x_wconf 86' lang='lat' dir='ltr'>cx</span> <span class='ocrx_word' id='word_1_64' title='bbox 443 922 554 967; x_wconf 88' lang='lat' dir='ltr'>errore</span> <span class='ocrx_word' id='word_1_65' title='bbox 576 923 635 967; x_wconf 91' lang='lat' dir='ltr'>seu</span> <span class='ocrx_word' id='word_1_66' title='bbox 658 902 926 968; x_wconf 82' lang='lat' dir='ltr'>non-voluntarie</span> <span class='ocrx_word' id='word_1_67' title='bbox 947 901 1074 981; x_wconf 89' lang='lat' dir='ltr'>intulit,</span> <span class='ocrx_word' id='word_1_68' title='bbox 1108 902 1194 968; x_wconf 88' lang='lat' dir='ltr'>actio</span> <span class='ocrx_word' id='word_1_69' title='bbox 1218 903 1394 969; x_wconf 89' lang='lat' dir='ltr'>consiliarii</span> 
     </span>
     <span class='ocr_line' id='line_1_8' title="bbox 70 989 1394 1073; baseline 0.002 -17"><span class='ocrx_word' id='word_1_70' title='bbox 70 991 179 1073; x_wconf 92' lang='lat' dir='ltr'>quoad</span> <span class='ocrx_word' id='word_1_71' title='bbox 203 993 288 1057; x_wconf 90' lang='lat' dir='ltr'>hunc</span> <span class='ocrx_word' id='word_1_72' title='bbox 311 991 463 1056; x_wconf 86' lang='lat' dir='ltr'>effectum</span> <span class='ocrx_word' id='word_1_73' title='bbox 486 992 677 1057; x_wconf 89' lang='lat' dir='ltr'>damnosum</span> <span class='ocrx_word' id='word_1_74' title='bbox 709 990 830 1058; x_wconf 86' lang='lat' dir='ltr'>iniusta</span> <span class='ocrx_word' id='word_1_75' title='bbox 854 989 953 1059; x_wconf 89' lang='lat' dir='ltr'>etiam</span> <span class='ocrx_word' id='word_1_76' title='bbox 977 995 1050 1059; x_wconf 90' lang='lat' dir='ltr'>erat</span> <span class='ocrx_word' id='word_1_77' title='bbox 1073 994 1189 1057; x_wconf 89' lang='lat' dir='ltr'>contra</span> <span class='ocrx_word' id='word_1_78' title='bbox 1211 991 1303 1056; x_wconf 90' lang='lat' dir='ltr'>illum</span> <span class='ocrx_word' id='word_1_79' title='bbox 1325 996 1394 1058; x_wconf 88' lang='lat' dir='ltr'>ter-</span> 
     </span>
     <span class='ocr_line' id='line_1_9' title="bbox 70 1078 1393 1164; baseline 0.002 -19"><span class='ocrx_word' id='word_1_80' title='bbox 70 1081 163 1147; x_wconf 87' lang='lat' dir='ltr'>tium.</span> <span class='ocrx_word' id='word_1_81' title='bbox 210 1079 417 1164; x_wconf 81' lang='lat' dir='ltr'>Quapropter</span> <span class='ocrx_word' id='word_1_82' title='bbox 449 1078 483 1144; x_wconf 94' lang='lat' dir='ltr'>in</span> <span class='ocrx_word' id='word_1_83' title='bbox 518 1101 556 1146; x_wconf 88' lang='lat' dir='ltr'>ec</span> <span class='ocrx_word' id='word_1_84' title='bbox 591 1101 668 1146; x_wconf 90' lang='lat' dir='ltr'>casu</span> <span class='ocrx_word' id='word_1_85' title='bbox 697 1079 865 1145; x_wconf 90' lang='lat' dir='ltr'>consilium</span> <span class='ocrx_word' id='word_1_86' title='bbox 899 1081 980 1147; x_wconf 87' lang='lat' dir='ltr'>dans</span> <span class='ocrx_word' id='word_1_87' title='bbox 1011 1079 1165 1164; x_wconf 87' lang='lat' dir='ltr'>primarie</span> <span class='ocrx_word' id='word_1_88' title='bbox 1196 1084 1329 1147; x_wconf 88' lang='lat' dir='ltr'>tenetur</span> <span class='ocrx_word' id='word_1_89' title='bbox 1351 1081 1393 1147; x_wconf 91' lang='lat' dir='ltr'>ad</span> 
     </span>
     <span class='ocr_line' id='line_1_10' title="bbox 70 1168 1393 1254; baseline 0.002 -20"><span class='ocrx_word' id='word_1_90' title='bbox 70 1168 330 1247; x_wconf 87' lang='lat' dir='ltr'>restitutionem,</span> <span class='ocrx_word' id='word_1_91' title='bbox 365 1169 393 1234; x_wconf 92' lang='lat' dir='ltr'>si</span> <span class='ocrx_word' id='word_1_92' title='bbox 428 1169 522 1234; x_wconf 88' lang='lat' dir='ltr'>modo</span> <span class='ocrx_word' id='word_1_93' title='bbox 554 1168 615 1234; x_wconf 92' lang='lat' dir='ltr'>hcc</span> <span class='ocrx_word' id='word_1_94' title='bbox 647 1168 800 1234; x_wconf 89' lang='lat' dir='ltr'>damnum</span> <span class='ocrx_word' id='word_1_95' title='bbox 832 1168 902 1235; x_wconf 89' lang='lat' dir='ltr'>ficri</span> <span class='ocrx_word' id='word_1_96' title='bbox 934 1190 1030 1254; x_wconf 88' lang='lat' dir='ltr'>posse</span> <span class='ocrx_word' id='word_1_97' title='bbox 1060 1169 1178 1236; x_wconf 88' lang='lat' dir='ltr'>saltem</span> <span class='ocrx_word' id='word_1_98' title='bbox 1201 1169 1235 1234; x_wconf 92' lang='lat' dir='ltr'>in</span> <span class='ocrx_word' id='word_1_99' title='bbox 1258 1169 1393 1236; x_wconf 88' lang='lat' dir='ltr'>confuso</span> 
     </span>
     <span class='ocr_line' id='line_1_11' title="bbox 69 1257 281 1344; baseline 0.005 -20"><span class='ocrx_word' id='word_1_100' title='bbox 69 1257 281 1344; x_wconf 87' lang='lat' dir='ltr'>praeviderit.</span> 
     </span>
    </p>
   </div>
   <div class='ocr_carea' id='block_1_3' title="bbox 67 1364 1452 1716">
    <p class='ocr_par' dir='ltr' id='par_1_3' title="bbox 67 1364 1452 1716">
     <span class='ocr_line' id='line_1_12' title="bbox 160 1364 1452 1440; baseline 0.004 -9"><span class='ocrx_word' id='word_1_101' title='bbox 160 1367 199 1432; x_wconf 88' lang='lat' dir='ltr'>R.</span> <span class='ocrx_word' id='word_1_102' title='bbox 224 1369 254 1432; x_wconf 88' lang='grc'>4.</span> <span class='ocrx_word' id='word_1_103' title='bbox 290 1365 465 1432; x_wconf 82' lang='lat' dir='ltr'><strong>Consilium</strong></span> <span class='ocrx_word' id='word_1_104' title='bbox 489 1386 561 1430; x_wconf 90' lang='lat' dir='ltr'>cum</span> <span class='ocrx_word' id='word_1_105' title='bbox 586 1386 650 1430; x_wconf 91' lang='lat' dir='ltr'>non</span> <span class='ocrx_word' id='word_1_106' title='bbox 673 1364 861 1431; x_wconf 78' lang='lat' dir='ltr'><strong>immediate</strong></span> <span class='ocrx_word' id='word_1_107' title='bbox 884 1364 1000 1432; x_wconf 91' lang='lat' dir='ltr'>influat</span> <span class='ocrx_word' id='word_1_108' title='bbox 1022 1364 1056 1430; x_wconf 92' lang='lat' dir='ltr'>in</span> <span class='ocrx_word' id='word_1_109' title='bbox 1079 1366 1245 1440; x_wconf 66' lang='lat' dir='ltr'>effectum</span> <span class='ocrx_word' id='word_1_110' title='bbox 1269 1365 1326 1430; x_wconf 87' lang='lat' dir='ltr'>scd</span> <span class='ocrx_word' id='word_1_111' title='bbox 1350 1367 1452 1437; x_wconf 73' lang='lat' dir='ltr'>adres</span> 
     </span>
     <span class='ocr_line' id='line_1_13' title="bbox 69 1453 1393 1538; baseline 0 -18"><span class='ocrx_word' id='word_1_112' title='bbox 69 1457 223 1521; x_wconf 85' lang='lat' dir='ltr'>effectum</span> <span class='ocrx_word' id='word_1_113' title='bbox 248 1456 439 1521; x_wconf 88' lang='lat' dir='ltr'>damnosum</span> <span class='ocrx_word' id='word_1_114' title='bbox 463 1454 705 1536; x_wconf 82' lang='lat' dir='ltr'>exsequendum</span> <span class='ocrx_word' id='word_1_115' title='bbox 729 1453 874 1538; x_wconf 79' lang='lat' dir='ltr'>postulet</span> <span class='ocrx_word' id='word_1_116' title='bbox 891 1454 990 1520; x_wconf 88' lang='lat' dir='ltr'>aliam</span> <span class='ocrx_word' id='word_1_117' title='bbox 1015 1475 1158 1532; x_wconf 89' lang='lat' dir='ltr'>causam,</span> <span class='ocrx_word' id='word_1_118' title='bbox 1181 1458 1292 1538; x_wconf 90' lang='lat' dir='ltr'>potest</span> <span class='ocrx_word' id='word_1_119' title='bbox 1315 1459 1393 1521; x_wconf 91' lang='lat' dir='ltr'>ante</span> 
     </span>
     <span class='ocr_line' id='line_1_14' title="bbox 69 1541 1393 1627; baseline -0.001 -18"><span class='ocrx_word' id='word_1_120' title='bbox 69 1546 223 1610; x_wconf 86' lang='lat' dir='ltr'>effectum</span> <span class='ocrx_word' id='word_1_121' title='bbox 246 1543 443 1610; x_wconf 88' lang='lat' dir='ltr'>efficacitate</span> <span class='ocrx_word' id='word_1_122' title='bbox 466 1564 526 1608; x_wconf 89' lang='lat' dir='ltr'>sua</span> <span class='ocrx_word' id='word_1_123' title='bbox 548 1542 692 1620; x_wconf 88' lang='lat' dir='ltr'>destitui,</span> <span class='ocrx_word' id='word_1_124' title='bbox 716 1541 764 1609; x_wconf 90' lang='lat' dir='ltr'>ita</span> <span class='ocrx_word' id='word_1_125' title='bbox 787 1547 911 1609; x_wconf 90' lang='lat' dir='ltr'>utnon</span> <span class='ocrx_word' id='word_1_126' title='bbox 939 1543 1079 1627; x_wconf 88' lang='lat' dir='ltr'>amplius</span> <span class='ocrx_word' id='word_1_127' title='bbox 1101 1543 1236 1609; x_wconf 90' lang='lat' dir='ltr'>inducat</span> <span class='ocrx_word' id='word_1_128' title='bbox 1258 1544 1393 1610; x_wconf 89' lang='lat' dir='ltr'>restitu-</span> 
     </span>
     <span class='ocr_line' id='line_1_15' title="bbox 67 1631 888 1716; baseline 0 -17"><span class='ocrx_word' id='word_1_129' title='bbox 67 1633 169 1700; x_wconf 85' lang='lat' dir='ltr'>tionis</span> <span class='ocrx_word' id='word_1_130' title='bbox 193 1632 435 1716; x_wconf 80' lang='lat' dir='ltr'>obligationem.</span> <span class='ocrx_word' id='word_1_131' title='bbox 482 1631 574 1709; x_wconf 92' lang='lat' dir='ltr'>Quod</span> <span class='ocrx_word' id='word_1_132' title='bbox 596 1633 634 1697; x_wconf 88' lang='lat' dir='ltr'>fit</span> <span class='ocrx_word' id='word_1_133' title='bbox 656 1635 888 1700; x_wconf 81' lang='lat' dir='ltr'>retractatione.</span> 
     </span>
    </p>
   </div>
   <div class='ocr_carea' id='block_1_4' title="bbox 66 1730 1393 2527">
    <p class='ocr_par' dir='ltr' id='par_1_4' title="bbox 66 1730 1393 2527">
     <span class='ocr_line' id='line_1_16' title="bbox 159 1730 1392 1814; baseline 0.002 -18"><span class='ocrx_word' id='word_1_134' title='bbox 159 1731 192 1796; x_wconf 86' lang='lat' dir='ltr'>Si</span> <span class='ocrx_word' id='word_1_135' title='bbox 216 1731 318 1814; x_wconf 90' lang='lat' dir='ltr'>igitur</span> <span class='ocrx_word' id='word_1_136' title='bbox 340 1730 510 1795; x_wconf 90' lang='lat' dir='ltr'>consilium</span> <span class='ocrx_word' id='word_1_137' title='bbox 533 1731 656 1796; x_wconf 83' lang='lat' dir='ltr'>nodum</span> <span class='ocrx_word' id='word_1_138' title='bbox 681 1730 793 1796; x_wconf 87' lang='lat' dir='ltr'>datum</span> <span class='ocrx_word' id='word_1_139' title='bbox 816 1730 870 1809; x_wconf 86' lang='lat' dir='ltr'>sit,</span> <span class='ocrx_word' id='word_1_140' title='bbox 895 1730 1017 1796; x_wconf 90' lang='lat' dir='ltr'>sufficit</span> <span class='ocrx_word' id='word_1_141' title='bbox 1032 1730 1172 1814; x_wconf 86' lang='lat' dir='ltr'>simplex</span> <span class='ocrx_word' id='word_1_142' title='bbox 1188 1731 1392 1799; x_wconf 87' lang='lat' dir='ltr'>retractatio.</span> 
     </span>
     <span class='ocr_line' id='line_1_17' title="bbox 68 1819 1393 1903; baseline 0 -18"><span class='ocrx_word' id='word_1_143' title='bbox 68 1821 102 1886; x_wconf 87' lang='lat' dir='ltr'>Si</span> <span class='ocrx_word' id='word_1_144' title='bbox 128 1820 296 1885; x_wconf 91' lang='lat' dir='ltr'>consilium</span> <span class='ocrx_word' id='word_1_145' title='bbox 321 1824 394 1885; x_wconf 85' lang='lat' dir='ltr'>erat</span> <span class='ocrx_word' id='word_1_146' title='bbox 417 1822 539 1885; x_wconf 82' lang='lat' dir='ltr'>motivis</span> <span class='ocrx_word' id='word_1_147' title='bbox 561 1823 721 1902; x_wconf 81' lang='lat' dir='ltr'>vestitum,</span> <span class='ocrx_word' id='word_1_148' title='bbox 751 1840 810 1903; x_wconf 90' lang='lat' dir='ltr'>per</span> <span class='ocrx_word' id='word_1_149' title='bbox 833 1840 868 1885; x_wconf 88' lang='lat' dir='ltr'>se</span> <span class='ocrx_word' id='word_1_150' title='bbox 892 1819 1084 1900; x_wconf 87' lang='lat' dir='ltr'>requiritur,</span> <span class='ocrx_word' id='word_1_151' title='bbox 1108 1823 1146 1885; x_wconf 93' lang='lat' dir='ltr'>ut</span> <span class='ocrx_word' id='word_1_152' title='bbox 1168 1819 1293 1885; x_wconf 90' lang='lat' dir='ltr'>motiva</span> <span class='ocrx_word' id='word_1_153' title='bbox 1316 1821 1393 1885; x_wconf 88' lang='lat' dir='ltr'>sub·</span> 
     </span>
     <span class='ocr_line' id='line_1_18' title="bbox 67 1907 1392 1992; baseline 0.002 -19"><span class='ocrx_word' id='word_1_154' title='bbox 67 1908 256 1976; x_wconf 88' lang='lat' dir='ltr'>ministrata</span> <span class='ocrx_word' id='word_1_155' title='bbox 272 1909 304 1973; x_wconf 91' lang='lat' dir='ltr'>vi</span> <span class='ocrx_word' id='word_1_156' title='bbox 320 1929 381 1973; x_wconf 91' lang='lat' dir='ltr'>sua</span> <span class='ocrx_word' id='word_1_157' title='bbox 396 1909 630 1985; x_wconf 73' lang='lat' dir='ltr'>destituantum</span> <span class='ocrx_word' id='word_1_158' title='bbox 655 1907 798 1989; x_wconf 91' lang='lat' dir='ltr'>alioquin</span> <span class='ocrx_word' id='word_1_159' title='bbox 813 1913 956 1992; x_wconf 86' lang='lat' dir='ltr'>pergunt</span> <span class='ocrx_word' id='word_1_160' title='bbox 978 1908 1113 1972; x_wconf 88' lang='lat' dir='ltr'>influere</span> <span class='ocrx_word' id='word_1_161' title='bbox 1136 1908 1169 1972; x_wconf 94' lang='lat' dir='ltr'>in</span> <span class='ocrx_word' id='word_1_162' title='bbox 1188 1909 1392 1975; x_wconf 87' lang='lat' dir='ltr'>voluntatem</span> 
     </span>
     <span class='ocr_line' id='line_1_19' title="bbox 67 1997 1392 2078; baseline 0.001 -16"><span class='ocrx_word' id='word_1_163' title='bbox 67 1998 139 2063; x_wconf 90' lang='lat' dir='ltr'>eius</span> <span class='ocrx_word' id='word_1_164' title='bbox 163 1998 215 2062; x_wconf 92' lang='lat' dir='ltr'>cui</span> <span class='ocrx_word' id='word_1_165' title='bbox 239 1997 407 2063; x_wconf 89' lang='lat' dir='ltr'>consilium</span> <span class='ocrx_word' id='word_1_166' title='bbox 431 1998 542 2064; x_wconf 88' lang='lat' dir='ltr'>datum</span> <span class='ocrx_word' id='word_1_167' title='bbox 574 2002 625 2063; x_wconf 87' lang='lat' dir='ltr'>est</span> <span class='ocrx_word' id='word_1_168' title='bbox 655 2001 689 2061; x_wconf 90' lang='lat' dir='ltr'>ct</span> <span class='ocrx_word' id='word_1_169' title='bbox 712 2000 950 2078; x_wconf 88' lang='lat' dir='ltr'>consequenter</span> <span class='ocrx_word' id='word_1_170' title='bbox 978 1997 1012 2060; x_wconf 92' lang='lat' dir='ltr'>in</span> <span class='ocrx_word' id='word_1_171' title='bbox 1036 1997 1189 2062; x_wconf 91' lang='lat' dir='ltr'>damnum</span> <span class='ocrx_word' id='word_1_172' title='bbox 1211 1997 1319 2074; x_wconf 91' lang='lat' dir='ltr'>tertii,</span> <span class='ocrx_word' id='word_1_173' title='bbox 1350 1998 1392 2063; x_wconf 92' lang='lat' dir='ltr'>ad</span> 
     </span>
     <span class='ocr_line' id='line_1_20' title="bbox 67 2084 1392 2170; baseline -0.001 -18"><span class='ocrx_word' id='word_1_174' title='bbox 67 2087 155 2170; x_wconf 90' lang='lat' dir='ltr'>quod</span> <span class='ocrx_word' id='word_1_175' title='bbox 178 2087 303 2153; x_wconf 88' lang='lat' dir='ltr'>motiva</span> <span class='ocrx_word' id='word_1_176' title='bbox 326 2088 405 2152; x_wconf 87' lang='lat' dir='ltr'>data</span> <span class='ocrx_word' id='word_1_177' title='bbox 427 2107 500 2152; x_wconf 93' lang='lat' dir='ltr'>eum</span> <span class='ocrx_word' id='word_1_178' title='bbox 523 2086 710 2152; x_wconf 89' lang='lat' dir='ltr'>incendunt.</span> <span class='ocrx_word' id='word_1_179' title='bbox 750 2085 891 2168; x_wconf 89' lang='lat' dir='ltr'>Ideoque</span> <span class='ocrx_word' id='word_1_180' title='bbox 915 2084 1118 2151; x_wconf 89' lang='lat' dir='ltr'>consiliarius</span> <span class='ocrx_word' id='word_1_181' title='bbox 1140 2085 1265 2152; x_wconf 88' lang='lat' dir='ltr'>motiva</span> <span class='ocrx_word' id='word_1_182' title='bbox 1281 2086 1392 2151; x_wconf 87' lang='lat' dir='ltr'>effica-</span> 
     </span>
     <span class='ocr_line' id='line_1_21' title="bbox 67 2172 1392 2260; baseline -0.002 -18"><span class='ocrx_word' id='word_1_183' title='bbox 67 2177 159 2242; x_wconf 89' lang='lat' dir='ltr'>ciora</span> <span class='ocrx_word' id='word_1_184' title='bbox 182 2177 337 2259; x_wconf 84' lang='lat' dir='ltr'>colligere</span> <span class='ocrx_word' id='word_1_185' title='bbox 360 2180 395 2240; x_wconf 91' lang='lat' dir='ltr'>ct</span> <span class='ocrx_word' id='word_1_186' title='bbox 416 2196 598 2260; x_wconf 88' lang='lat' dir='ltr'>proponere</span> <span class='ocrx_word' id='word_1_187' title='bbox 621 2175 729 2252; x_wconf 89' lang='lat' dir='ltr'>debet,</span> <span class='ocrx_word' id='word_1_188' title='bbox 753 2195 837 2256; x_wconf 91' lang='lat' dir='ltr'>quae</span> <span class='ocrx_word' id='word_1_189' title='bbox 860 2175 1060 2241; x_wconf 88' lang='lat' dir='ltr'>contrarium</span> <span class='ocrx_word' id='word_1_190' title='bbox 1077 2174 1252 2240; x_wconf 84' lang='lat' dir='ltr'>suadeant:</span> <span class='ocrx_word' id='word_1_191' title='bbox 1277 2175 1309 2241; x_wconf 88' lang='lat' dir='ltr'>S.</span> <span class='ocrx_word' id='word_1_192' title='bbox 1326 2172 1392 2239; x_wconf 89' lang='lat' dir='ltr'>Al·</span> 
     </span>
     <span class='ocr_line' id='line_1_22' title="bbox 67 2263 1390 2350; baseline -0.001 -20"><span class='ocrx_word' id='word_1_193' title='bbox 67 2266 254 2349; x_wconf 90' lang='lat' dir='ltr'>phonsus</span> <span class='ocrx_word' id='word_1_194' title='bbox 277 2265 349 2347; x_wconf 90' lang='lat' dir='ltr'>(Ill,</span> <span class='ocrx_word' id='word_1_195' title='bbox 374 2264 452 2347; x_wconf 84' lang='lat'>559)</span> <span class='ocrx_word' id='word_1_196' title='bbox 476 2264 601 2331; x_wconf 87' lang='lat' dir='ltr'>motiva</span> <span class='ocrx_word' id='word_1_197' title='bbox 624 2272 754 2329; x_wconf 77' lang='lat' dir='ltr'>artemo</span> <span class='ocrx_word' id='word_1_198' title='bbox 783 2284 840 2328; x_wconf 89' lang='lat' dir='ltr'>seu</span> <span class='ocrx_word' id='word_1_199' title='bbox 873 2267 1137 2350; x_wconf 78' lang='lat' dir='ltr'>supernaturalia</span> <span class='ocrx_word' id='word_1_200' title='bbox 1167 2263 1390 2330; x_wconf 88' lang='lat' dir='ltr'>dissuadentia</span> 
     </span>
     <span class='ocr_line' id='line_1_23' title="bbox 66 2351 1391 2438; baseline -0.001 -20"><span class='ocrx_word' id='word_1_201' title='bbox 66 2376 128 2438; x_wconf 92' lang='lat' dir='ltr'>pro</span> <span class='ocrx_word' id='word_1_202' title='bbox 152 2354 265 2421; x_wconf 88' lang='lat' dir='ltr'>taliter</span> <span class='ocrx_word' id='word_1_203' title='bbox 288 2353 526 2420; x_wconf 87' lang='lat' dir='ltr'>efficacioribus</span> <span class='ocrx_word' id='word_1_204' title='bbox 541 2353 656 2430; x_wconf 88' lang='lat' dir='ltr'>habet;</span> <span class='ocrx_word' id='word_1_205' title='bbox 682 2351 768 2435; x_wconf 92' lang='lat' dir='ltr'>quod</span> <span class='ocrx_word' id='word_1_206' title='bbox 791 2358 926 2437; x_wconf 90' lang='lat' dir='ltr'>propter</span> <span class='ocrx_word' id='word_1_207' title='bbox 948 2374 974 2420; x_wconf 90' lang='lat' dir='ltr'>s.</span> <span class='ocrx_word' id='word_1_208' title='bbox 991 2353 1143 2419; x_wconf 90' lang='lat' dir='ltr'>Doctoris</span> <span class='ocrx_word' id='word_1_209' title='bbox 1159 2352 1391 2418; x_wconf 88' lang='lat' dir='ltr'>auctoritatem</span> 
     </span>
     <span class='ocr_line' id='line_1_24' title="bbox 67 2442 658 2527; baseline 0 -18"><span class='ocrx_word' id='word_1_210' title='bbox 67 2445 101 2509; x_wconf 91' lang='lat' dir='ltr'>in</span> <span class='ocrx_word' id='word_1_211' title='bbox 125 2443 221 2527; x_wconf 85' lang='lat' dir='ltr'>praxi</span> <span class='ocrx_word' id='word_1_212' title='bbox 244 2442 413 2527; x_wconf 90' lang='lat' dir='ltr'>probabile</span> <span class='ocrx_word' id='word_1_213' title='bbox 436 2442 549 2509; x_wconf 89' lang='lat' dir='ltr'>haberi</span> <span class='ocrx_word' id='word_1_214' title='bbox 572 2442 658 2509; x_wconf 91' lang='lat' dir='ltr'>licet.</span> 
     </span>
    </p>
   </div>
   <div class='ocr_carea' id='block_1_5' title="bbox 65 2539 1391 2892">
    <p class='ocr_par' dir='ltr' id='par_1_5' title="bbox 65 2539 1391 2892">
     <span class='ocr_line' id='line_1_25' title="bbox 157 2539 1391 2624; baseline -0.002 -18"><span class='ocrx_word' id='word_1_215' title='bbox 157 2541 190 2606; x_wconf 85' lang='lat' dir='ltr'>si</span> <span class='ocrx_word' id='word_1_216' title='bbox 214 2545 348 2624; x_wconf 88' lang='lat' dir='ltr'>praeter</span> <span class='ocrx_word' id='word_1_217' title='bbox 370 2540 495 2606; x_wconf 90' lang='lat' dir='ltr'>motiva</span> <span class='ocrx_word' id='word_1_218' title='bbox 518 2540 765 2607; x_wconf 89' lang='lat' dir='ltr'>subministrata</span> <span class='ocrx_word' id='word_1_219' title='bbox 788 2544 865 2606; x_wconf 91' lang='lat' dir='ltr'>sunt</span> <span class='ocrx_word' id='word_1_220' title='bbox 887 2539 1041 2616; x_wconf 89' lang='lat' dir='ltr'>subsidia,</span> <span class='ocrx_word' id='word_1_221' title='bbox 1072 2539 1154 2605; x_wconf 90' lang='lat' dir='ltr'>haec</span> <span class='ocrx_word' id='word_1_222' title='bbox 1176 2539 1309 2622; x_wconf 81' lang='lat' dir='ltr'>insuper</span> <span class='ocrx_word' id='word_1_223' title='bbox 1331 2560 1391 2604; x_wconf 92' lang='lat' dir='ltr'>au·</span> 
     </span>
     <span class='ocr_line' id='line_1_26' title="bbox 65 2628 1390 2713; baseline 0.001 -20"><span class='ocrx_word' id='word_1_224' title='bbox 65 2628 147 2694; x_wconf 86' lang='lat' dir='ltr'>ferri</span> <span class='ocrx_word' id='word_1_225' title='bbox 170 2629 224 2695; x_wconf 90' lang='lat' dir='ltr'>vel</span> <span class='ocrx_word' id='word_1_226' title='bbox 240 2629 417 2695; x_wconf 86' lang='lat' dir='ltr'>obstaculis</span> <span class='ocrx_word' id='word_1_227' title='bbox 434 2629 592 2713; x_wconf 90' lang='lat' dir='ltr'>appositis</span> <span class='ocrx_word' id='word_1_228' title='bbox 615 2629 707 2693; x_wconf 88' lang='lat' dir='ltr'>reddi</span> <span class='ocrx_word' id='word_1_229' title='bbox 723 2629 844 2696; x_wconf 90' lang='lat' dir='ltr'>debent</span> <span class='ocrx_word' id='word_1_230' title='bbox 859 2628 1058 2695; x_wconf 86' lang='lat' dir='ltr'>inefficacia:</span> <span class='ocrx_word' id='word_1_231' title='bbox 1082 2629 1224 2711; x_wconf 89' lang='lat' dir='ltr'>alioquin</span> <span class='ocrx_word' id='word_1_232' title='bbox 1247 2630 1281 2694; x_wconf 93' lang='lat' dir='ltr'>in</span> <span class='ocrx_word' id='word_1_233' title='bbox 1297 2629 1390 2695; x_wconf 89' lang='lat' dir='ltr'>dam·</span> 
     </span>
     <span class='ocr_line' id='line_1_27' title="bbox 66 2717 1388 2892; baseline 0.001 -109"><span class='ocrx_word' id='word_1_234' title='bbox 66 2740 156 2874; x_wconf 48' lang='lat' dir='ltr'>ileurbe</span> <span class='ocrx_word' id='word_1_235' title='bbox 172 2718 524 2892; x_wconf 40' lang='lat' dir='ltr'>ibiigbbrpembimr&#39;</span> <span class='ocrx_word' id='word_1_236' title='bbox 540 2717 676 2783; x_wconf 89' lang='lat' dir='ltr'>influere</span> <span class='ocrx_word' id='word_1_237' title='bbox 689 2721 788 2800; x_wconf 87' lang='lat' dir='ltr'>atque</span> <span class='ocrx_word' id='word_1_238' title='bbox 801 2718 1034 2801; x_wconf 87' lang='lat' dir='ltr'>obligationem</span> <span class='ocrx_word' id='word_1_239' title='bbox 1045 2718 1264 2786; x_wconf 83' lang='lat' dir='ltr'>restitutionis</span> <span class='ocrx_word' id='word_1_240' title='bbox 1279 2739 1388 2784; x_wconf 91' lang='lat' dir='ltr'>secum</span> 
     </span>
    </p>
   </div>
   <div class='ocr_carea' id='block_1_6' title="bbox 63 2920 1450 3628">
    <p class='ocr_par' dir='ltr' id='par_1_6' title="bbox 63 2920 1450 3628">
     <span class='ocr_line' id='line_1_28' title="bbox 157 2920 1450 3003; baseline 0.001 -16"><span class='ocrx_word' id='word_1_241' title='bbox 157 2921 210 2987; x_wconf 79' lang='lat' dir='ltr'>Aa</span> <span class='ocrx_word' id='word_1_242' title='bbox 232 2942 424 2998; x_wconf 75' lang='lat' dir='ltr'>conuersum</span> <span class='ocrx_word' id='word_1_243' title='bbox 448 2924 487 2985; x_wconf 71' lang='lat'>2²</span> <span class='ocrx_word' id='word_1_244' title='bbox 510 2921 548 2988; x_wconf 89' lang='lat' dir='ltr'>R.</span> <span class='ocrx_word' id='word_1_245' title='bbox 576 2924 604 2987; x_wconf 94' lang='lat' dir='ltr'>l.</span> <span class='ocrx_word' id='word_1_246' title='bbox 651 2921 856 2999; x_wconf 88' lang='lat' dir='ltr'>Rembertus,</span> <span class='ocrx_word' id='word_1_247' title='bbox 882 2926 1043 3003; x_wconf 90' lang='lat' dir='ltr'>quatenus</span> <span class='ocrx_word' id='word_1_248' title='bbox 1060 2924 1225 2986; x_wconf 78' lang='lat' dir='ltr'>consitium</span> <span class='ocrx_word' id='word_1_249' title='bbox 1242 2920 1387 2996; x_wconf 89' lang='lat' dir='ltr'>dederat,</span> <span class='ocrx_word' id='word_1_250' title='bbox 1398 2933 1450 2988; x_wconf 79' lang='lat'>728</span> 
     </span>
     <span class='ocr_line' id='line_1_29' title="bbox 65 3008 1389 3093; baseline 0 -18"><span class='ocrx_word' id='word_1_251' title='bbox 65 3011 199 3077; x_wconf 89' lang='lat' dir='ltr'>videtur</span> <span class='ocrx_word' id='word_1_252' title='bbox 221 3011 424 3076; x_wconf 87' lang='lat' dir='ltr'>sufficienter</span> <span class='ocrx_word' id='word_1_253' title='bbox 446 3009 641 3085; x_wconf 78' lang='lat' dir='ltr'>retraxisse3</span> <span class='ocrx_word' id='word_1_254' title='bbox 666 3010 724 3075; x_wconf 93' lang='lat' dir='ltr'>sed</span> <span class='ocrx_word' id='word_1_255' title='bbox 748 3015 909 3093; x_wconf 90' lang='lat' dir='ltr'>quatenus</span> <span class='ocrx_word' id='word_1_256' title='bbox 925 3009 1187 3075; x_wconf 90' lang='lat' dir='ltr'>subministravit</span> <span class='ocrx_word' id='word_1_257' title='bbox 1208 3008 1325 3087; x_wconf 91' lang='lat' dir='ltr'>media,</span> <span class='ocrx_word' id='word_1_258' title='bbox 1350 3031 1389 3075; x_wconf 90' lang='lat' dir='ltr'>ea</span> 
     </span>
     <span class='ocr_line' id='line_1_30' title="bbox 65 3098 1389 3166; baseline -0.002 -1"><span class='ocrx_word' id='word_1_259' title='bbox 65 3122 133 3165; x_wconf 92' lang='lat' dir='ltr'>non</span> <span class='ocrx_word' id='word_1_260' title='bbox 156 3099 357 3165; x_wconf 86' lang='lat' dir='ltr'>sufficienter</span> <span class='ocrx_word' id='word_1_261' title='bbox 381 3099 461 3164; x_wconf 85' lang='lat' dir='ltr'>fecit</span> <span class='ocrx_word' id='word_1_262' title='bbox 483 3098 675 3166; x_wconf 87' lang='lat' dir='ltr'>inefficacia.</span> <span class='ocrx_word' id='word_1_263' title='bbox 724 3099 756 3164; x_wconf 91' lang='lat' dir='ltr'>Si</span> <span class='ocrx_word' id='word_1_264' title='bbox 781 3099 867 3164; x_wconf 86' lang='lat' dir='ltr'>enim</span> <span class='ocrx_word' id='word_1_265' title='bbox 891 3099 1020 3164; x_wconf 86' lang='lat' dir='ltr'>facilem</span> <span class='ocrx_word' id='word_1_266' title='bbox 1044 3118 1210 3163; x_wconf 90' lang='lat' dir='ltr'>accessum</span> <span class='ocrx_word' id='word_1_267' title='bbox 1235 3098 1276 3162; x_wconf 91' lang='lat' dir='ltr'>ad</span> <span class='ocrx_word' id='word_1_268' title='bbox 1300 3098 1389 3162; x_wconf 91' lang='lat' dir='ltr'>cubi·</span> 
     </span>
     <span class='ocr_line' id='line_1_31' title="bbox 65 3185 1389 3270; baseline -0.002 -15"><span class='ocrx_word' id='word_1_269' title='bbox 65 3191 175 3255; x_wconf 93' lang='lat' dir='ltr'>culum</span> <span class='ocrx_word' id='word_1_270' title='bbox 199 3193 234 3255; x_wconf 89' lang='lat' dir='ltr'>et</span> <span class='ocrx_word' id='word_1_271' title='bbox 256 3209 367 3253; x_wconf 87' lang='lat' dir='ltr'>arcam</span> <span class='ocrx_word' id='word_1_272' title='bbox 391 3187 510 3253; x_wconf 90' lang='lat' dir='ltr'>domini</span> <span class='ocrx_word' id='word_1_273' title='bbox 534 3187 677 3254; x_wconf 86' lang='lat' dir='ltr'>ostendit</span> <span class='ocrx_word' id='word_1_274' title='bbox 700 3189 753 3253; x_wconf 89' lang='lat' dir='ltr'>vel</span> <span class='ocrx_word' id='word_1_275' title='bbox 780 3187 911 3252; x_wconf 89' lang='lat' dir='ltr'>modum</span> <span class='ocrx_word' id='word_1_276' title='bbox 934 3209 997 3270; x_wconf 93' lang='lat' dir='ltr'>quo</span> <span class='ocrx_word' id='word_1_277' title='bbox 1021 3208 1100 3253; x_wconf 89' lang='lat' dir='ltr'>arca</span> <span class='ocrx_word' id='word_1_278' title='bbox 1122 3185 1306 3269; x_wconf 87' lang='lat' dir='ltr'>aperiatur:</span> <span class='ocrx_word' id='word_1_279' title='bbox 1332 3187 1389 3252; x_wconf 88' lang='lat' dir='ltr'>de·</span> 
     </span>
     <span class='ocr_line' id='line_1_32' title="bbox 64 3276 1388 3358; baseline -0.001 -15"><span class='ocrx_word' id='word_1_280' title='bbox 64 3279 167 3345; x_wconf 88' lang='lat' dir='ltr'>bebat</span> <span class='ocrx_word' id='word_1_281' title='bbox 190 3277 320 3343; x_wconf 91' lang='lat' dir='ltr'>omnino</span> <span class='ocrx_word' id='word_1_282' title='bbox 344 3298 469 3352; x_wconf 88' lang='lat' dir='ltr'>curare,</span> <span class='ocrx_word' id='word_1_283' title='bbox 494 3281 530 3343; x_wconf 91' lang='lat' dir='ltr'>ut</span> <span class='ocrx_word' id='word_1_284' title='bbox 553 3277 662 3343; x_wconf 87' lang='lat' dir='ltr'>aditus</span> <span class='ocrx_word' id='word_1_285' title='bbox 684 3277 740 3342; x_wconf 90' lang='lat' dir='ltr'>ille</span> <span class='ocrx_word' id='word_1_286' title='bbox 765 3278 990 3342; x_wconf 88' lang='lat' dir='ltr'>obstrueretur</span> <span class='ocrx_word' id='word_1_287' title='bbox 1005 3277 1058 3341; x_wconf 88' lang='lat' dir='ltr'>vel</span> <span class='ocrx_word' id='word_1_288' title='bbox 1082 3276 1257 3358; x_wconf 88' lang='lat' dir='ltr'>diligenter</span> <span class='ocrx_word' id='word_1_289' title='bbox 1279 3281 1388 3342; x_wconf 91' lang='lat' dir='ltr'>custo·</span> 
     </span>
     <span class='ocr_line' id='line_1_33' title="bbox 65 3364 1388 3450; baseline -0.002 -17"><span class='ocrx_word' id='word_1_290' title='bbox 65 3368 202 3445; x_wconf 88' lang='lat' dir='ltr'>dirctur,</span> <span class='ocrx_word' id='word_1_291' title='bbox 227 3371 327 3448; x_wconf 88' lang='lat' dir='ltr'>atquc</span> <span class='ocrx_word' id='word_1_292' title='bbox 350 3370 387 3432; x_wconf 90' lang='lat' dir='ltr'>ut</span> <span class='ocrx_word' id='word_1_293' title='bbox 402 3367 516 3431; x_wconf 88' lang='lat' dir='ltr'>modus</span> <span class='ocrx_word' id='word_1_294' title='bbox 540 3366 736 3450; x_wconf 90' lang='lat' dir='ltr'>aperiendae</span> <span class='ocrx_word' id='word_1_295' title='bbox 760 3386 857 3431; x_wconf 89' lang='lat' dir='ltr'>arcae</span> <span class='ocrx_word' id='word_1_296' title='bbox 873 3369 1065 3431; x_wconf 89' lang='lat' dir='ltr'>mutaretur.</span> <span class='ocrx_word' id='word_1_297' title='bbox 1113 3364 1204 3442; x_wconf 92' lang='lat' dir='ltr'>Quod</span> <span class='ocrx_word' id='word_1_298' title='bbox 1227 3386 1299 3430; x_wconf 91' lang='lat' dir='ltr'>cum</span> <span class='ocrx_word' id='word_1_299' title='bbox 1323 3387 1388 3430; x_wconf 94' lang='lat' dir='ltr'>non</span> 
     </span>
     <span class='ocr_line' id='line_1_34' title="bbox 64 3454 1389 3538; baseline 0.001 -17"><span class='ocrx_word' id='word_1_300' title='bbox 64 3456 193 3533; x_wconf 86' lang='lat' dir='ltr'>fecerit,</span> <span class='ocrx_word' id='word_1_301' title='bbox 218 3476 238 3521; x_wconf 92' lang='lat' dir='ltr'>a</span> <span class='ocrx_word' id='word_1_302' title='bbox 261 3456 453 3521; x_wconf 89' lang='lat' dir='ltr'>secundaria</span> <span class='ocrx_word' id='word_1_303' title='bbox 476 3454 674 3537; x_wconf 88' lang='lat' dir='ltr'>obligatione</span> <span class='ocrx_word' id='word_1_304' title='bbox 698 3455 891 3521; x_wconf 87' lang='lat' dir='ltr'>restituendi</span> <span class='ocrx_word' id='word_1_305' title='bbox 914 3455 1043 3520; x_wconf 90' lang='lat' dir='ltr'>domino</span> <span class='ocrx_word' id='word_1_306' title='bbox 1060 3454 1168 3520; x_wconf 91' lang='lat' dir='ltr'>damni</span> <span class='ocrx_word' id='word_1_307' title='bbox 1192 3475 1255 3519; x_wconf 93' lang='lat' dir='ltr'>non</span> <span class='ocrx_word' id='word_1_308' title='bbox 1278 3459 1389 3538; x_wconf 87' lang='lat' dir='ltr'>potest</span> 
     </span>
     <span class='ocr_line' id='line_1_35' title="bbox 63 3543 848 3628; baseline -0.003 -16"><span class='ocrx_word' id='word_1_309' title='bbox 63 3545 208 3623; x_wconf 89' lang='lat' dir='ltr'>liberari,</span> <span class='ocrx_word' id='word_1_310' title='bbox 232 3545 266 3609; x_wconf 92' lang='lat' dir='ltr'>in</span> <span class='ocrx_word' id='word_1_311' title='bbox 289 3549 446 3626; x_wconf 90' lang='lat' dir='ltr'>quantum</span> <span class='ocrx_word' id='word_1_312' title='bbox 469 3543 502 3608; x_wconf 93' lang='lat' dir='ltr'>id</span> <span class='ocrx_word' id='word_1_313' title='bbox 525 3543 586 3609; x_wconf 92' lang='lat' dir='ltr'>sibi</span> <span class='ocrx_word' id='word_1_314' title='bbox 610 3543 764 3628; x_wconf 91' lang='lat' dir='ltr'>possibile</span> <span class='ocrx_word' id='word_1_315' title='bbox 788 3549 848 3610; x_wconf 90' lang='lat' dir='ltr'>est.</span> 
     </span>
    </p>
   </div>
   <div class='ocr_carea' id='block_1_7' title="bbox 63 3648 1389 4000">
    <p class='ocr_par' dir='ltr' id='par_1_7' title="bbox 63 3648 1389 4000">
     <span class='ocr_line' id='line_1_36' title="bbox 156 3648 1389 3717; baseline -0.001 -2"><span class='ocrx_word' id='word_1_316' title='bbox 156 3652 195 3717; x_wconf 84' lang='lat' dir='ltr'>R.</span> <span class='ocrx_word' id='word_1_317' title='bbox 221 3653 250 3716; x_wconf 86' lang='lat'>2.</span> <span class='ocrx_word' id='word_1_318' title='bbox 297 3650 433 3716; x_wconf 88' lang='lat' dir='ltr'>Accedit</span> <span class='ocrx_word' id='word_1_319' title='bbox 449 3670 533 3714; x_wconf 91' lang='lat' dir='ltr'>nuno</span> <span class='ocrx_word' id='word_1_320' title='bbox 550 3649 718 3714; x_wconf 89' lang='lat' dir='ltr'>consilium</span> <span class='ocrx_word' id='word_1_321' title='bbox 737 3670 795 3714; x_wconf 91' lang='lat' dir='ltr'>seu</span> <span class='ocrx_word' id='word_1_322' title='bbox 811 3648 920 3715; x_wconf 89' lang='lat' dir='ltr'>suasio</span> <span class='ocrx_word' id='word_1_323' title='bbox 936 3649 1017 3715; x_wconf 85' lang='lat' dir='ltr'>furti</span> <span class='ocrx_word' id='word_1_324' title='bbox 1034 3649 1258 3715; x_wconf 89' lang='lat' dir='ltr'>committendi</span> <span class='ocrx_word' id='word_1_325' title='bbox 1273 3656 1389 3715; x_wconf 88' lang='lat' dir='ltr'>contra</span> 
     </span>
     <span class='ocr_line' id='line_1_37' title="bbox 63 3737 1389 3822; baseline -0.002 -16"><span class='ocrx_word' id='word_1_326' title='bbox 63 3739 233 3817; x_wconf 87' lang='lat' dir='ltr'>Iudaeum,</span> <span class='ocrx_word' id='word_1_327' title='bbox 257 3740 344 3821; x_wconf 91' lang='lat' dir='ltr'>quod</span> <span class='ocrx_word' id='word_1_328' title='bbox 366 3739 459 3804; x_wconf 85' lang='lat' dir='ltr'>Titus</span> <span class='ocrx_word' id='word_1_329' title='bbox 484 3759 547 3803; x_wconf 91' lang='lat' dir='ltr'>non</span> <span class='ocrx_word' id='word_1_330' title='bbox 563 3738 693 3819; x_wconf 91' lang='lat' dir='ltr'>quidem</span> <span class='ocrx_word' id='word_1_331' title='bbox 710 3738 780 3803; x_wconf 91' lang='lat' dir='ltr'>loco</span> <span class='ocrx_word' id='word_1_332' title='bbox 797 3737 914 3822; x_wconf 90' lang='lat' dir='ltr'>prioris</span> <span class='ocrx_word' id='word_1_333' title='bbox 930 3739 1009 3803; x_wconf 83' lang='lat' dir='ltr'>furti</span> <span class='ocrx_word' id='word_1_334' title='bbox 1025 3738 1196 3815; x_wconf 85' lang='lat' dir='ltr'>commisit,</span> <span class='ocrx_word' id='word_1_335' title='bbox 1220 3738 1277 3802; x_wconf 92' lang='lat' dir='ltr'>sed</span> <span class='ocrx_word' id='word_1_336' title='bbox 1293 3739 1389 3804; x_wconf 90' lang='lat' dir='ltr'>simul</span> 
     </span>
     <span class='ocr_line' id='line_1_38' title="bbox 64 3826 1389 3906; baseline 0 -11"><span class='ocrx_word' id='word_1_337' title='bbox 64 3851 139 3896; x_wconf 93' lang='lat' dir='ltr'>cum</span> <span class='ocrx_word' id='word_1_338' title='bbox 171 3829 228 3894; x_wconf 93' lang='lat' dir='ltr'>illo</span> <span class='ocrx_word' id='word_1_339' title='bbox 261 3828 423 3894; x_wconf 88' lang='lat' dir='ltr'>commisit</span> <span class='ocrx_word' id='word_1_340' title='bbox 446 3828 499 3891; x_wconf 89' lang='lat' dir='ltr'>vel</span> <span class='ocrx_word' id='word_1_341' title='bbox 532 3826 799 3893; x_wconf 89' lang='lat' dir='ltr'>committendum</span> <span class='ocrx_word' id='word_1_342' title='bbox 834 3828 971 3894; x_wconf 87' lang='lat' dir='ltr'>curavit.</span> <span class='ocrx_word' id='word_1_343' title='bbox 1019 3827 1194 3905; x_wconf 88' lang='lat' dir='ltr'>Quaeritur</span> <span class='ocrx_word' id='word_1_344' title='bbox 1225 3826 1389 3906; x_wconf 89' lang='lat' dir='ltr'>videlicet,</span> 
     </span>
     <span class='ocr_line' id='line_1_39' title="bbox 64 3915 789 4000; baseline -0.001 -16"><span class='ocrx_word' id='word_1_345' title='bbox 64 3939 144 3984; x_wconf 91' lang='lat' dir='ltr'>num</span> <span class='ocrx_word' id='word_1_346' title='bbox 167 3919 229 3983; x_wconf 92' lang='lat' dir='ltr'>hoo</span> <span class='ocrx_word' id='word_1_347' title='bbox 253 3918 377 3983; x_wconf 85' lang='lat' dir='ltr'>furtum</span> <span class='ocrx_word' id='word_1_348' title='bbox 400 3917 577 3982; x_wconf 86' lang='lat' dir='ltr'>Remberto</span> <span class='ocrx_word' id='word_1_349' title='bbox 600 3915 789 4000; x_wconf 90' lang='lat' dir='ltr'>imputetur.</span> 
     </span>
    </p>
   </div>
   <div class='ocr_carea' id='block_1_8' title="bbox 63 4012 1389 4366">
    <p class='ocr_par' dir='ltr' id='par_1_8' title="bbox 63 4012 1389 4366">
     <span class='ocr_line' id='line_1_40' title="bbox 156 4012 1388 4098; baseline -0.002 -18"><span class='ocrx_word' id='word_1_350' title='bbox 156 4014 276 4092; x_wconf 89' lang='lat' dir='ltr'>Quodsi</span> <span class='ocrx_word' id='word_1_351' title='bbox 299 4014 332 4079; x_wconf 91' lang='lat' dir='ltr'>in</span> <span class='ocrx_word' id='word_1_352' title='bbox 355 4035 475 4097; x_wconf 89' lang='lat' dir='ltr'>genere</span> <span class='ocrx_word' id='word_1_353' title='bbox 498 4017 628 4080; x_wconf 88' lang='lat' dir='ltr'>tantum</span> <span class='ocrx_word' id='word_1_354' title='bbox 651 4014 826 4092; x_wconf 86' lang='lat' dir='ltr'>suasisset,</span> <span class='ocrx_word' id='word_1_355' title='bbox 859 4018 897 4080; x_wconf 90' lang='lat' dir='ltr'>ut</span> <span class='ocrx_word' id='word_1_356' title='bbox 928 4014 1038 4098; x_wconf 92' lang='lat' dir='ltr'>potius</span> <span class='ocrx_word' id='word_1_357' title='bbox 1062 4035 1083 4079; x_wconf 89' lang='lat' dir='ltr'>a</span> <span class='ocrx_word' id='word_1_358' title='bbox 1113 4014 1230 4081; x_wconf 87' lang='lat' dir='ltr'>ditiore</span> <span class='ocrx_word' id='word_1_359' title='bbox 1258 4012 1388 4079; x_wconf 90' lang='lat' dir='ltr'>homino</span> 
     </span>
     <span class='ocr_line' id='line_1_41' title="bbox 64 4102 1388 4184; baseline -0.002 -14"><span class='ocrx_word' id='word_1_360' title='bbox 64 4105 161 4170; x_wconf 85' lang='lat' dir='ltr'>Titus</span> <span class='ocrx_word' id='word_1_361' title='bbox 183 4125 344 4169; x_wconf 88' lang='lat' dir='ltr'>summam</span> <span class='ocrx_word' id='word_1_362' title='bbox 364 4103 511 4169; x_wconf 88' lang='lat' dir='ltr'>auferret</span> <span class='ocrx_word' id='word_1_363' title='bbox 532 4123 630 4184; x_wconf 90' lang='lat' dir='ltr'>quam</span> <span class='ocrx_word' id='word_1_364' title='bbox 653 4124 674 4168; x_wconf 92' lang='lat' dir='ltr'>a</span> <span class='ocrx_word' id='word_1_365' title='bbox 696 4125 755 4169; x_wconf 93' lang='lat' dir='ltr'>suo</span> <span class='ocrx_word' id='word_1_366' title='bbox 779 4103 908 4168; x_wconf 89' lang='lat' dir='ltr'>domino</span> <span class='ocrx_word' id='word_1_367' title='bbox 924 4103 1030 4168; x_wconf 90' lang='lat' dir='ltr'>minus</span> <span class='ocrx_word' id='word_1_368' title='bbox 1046 4103 1158 4182; x_wconf 92' lang='lat' dir='ltr'>divite,</span> <span class='ocrx_word' id='word_1_369' title='bbox 1182 4104 1263 4168; x_wconf 86' lang='lat' dir='ltr'>haec</span> <span class='ocrx_word' id='word_1_370' title='bbox 1278 4102 1388 4167; x_wconf 88' lang='lat' dir='ltr'>suasio</span> 
     </span>
     <span class='ocr_line' id='line_1_42' title="bbox 63 4191 1389 4275; baseline -0.006 -14"><span class='ocrx_word' id='word_1_371' title='bbox 63 4200 102 4261; x_wconf 91' lang='lat' dir='ltr'>ut</span> <span class='ocrx_word' id='word_1_372' title='bbox 126 4215 226 4260; x_wconf 90' lang='lat' dir='ltr'>causa</span> <span class='ocrx_word' id='word_1_373' title='bbox 249 4193 359 4258; x_wconf 89' lang='lat' dir='ltr'>damni</span> <span class='ocrx_word' id='word_1_374' title='bbox 383 4214 446 4257; x_wconf 89' lang='lat' dir='ltr'>non</span> <span class='ocrx_word' id='word_1_375' title='bbox 469 4192 704 4275; x_wconf 88' lang='lat' dir='ltr'>imputaretur,</span> <span class='ocrx_word' id='word_1_376' title='bbox 738 4214 777 4258; x_wconf 90' lang='lat' dir='ltr'>eo</span> <span class='ocrx_word' id='word_1_377' title='bbox 810 4192 895 4274; x_wconf 93' lang='lat' dir='ltr'>quod</span> <span class='ocrx_word' id='word_1_378' title='bbox 928 4214 993 4258; x_wconf 91' lang='lat' dir='ltr'>non</span> <span class='ocrx_word' id='word_1_379' title='bbox 1025 4193 1135 4257; x_wconf 90' lang='lat' dir='ltr'>damni</span> <span class='ocrx_word' id='word_1_380' title='bbox 1167 4192 1224 4256; x_wconf 91' lang='lat' dir='ltr'>sed</span> <span class='ocrx_word' id='word_1_381' title='bbox 1253 4191 1389 4255; x_wconf 90' lang='lat' dir='ltr'>minoris</span> 
     </span>
     <span class='ocr_line' id='line_1_43' title="bbox 65 4278 1388 4366; baseline -0.005 -17"><span class='ocrx_word' id='word_1_382' title='bbox 65 4284 177 4349; x_wconf 88' lang='lat' dir='ltr'>damni</span> <span class='ocrx_word' id='word_1_383' title='bbox 200 4287 235 4349; x_wconf 90' lang='lat' dir='ltr'>et</span> <span class='ocrx_word' id='word_1_384' title='bbox 258 4281 385 4366; x_wconf 89' lang='lat' dir='ltr'>peccati</span> <span class='ocrx_word' id='word_1_385' title='bbox 408 4281 516 4346; x_wconf 91' lang='lat' dir='ltr'>suasio</span> <span class='ocrx_word' id='word_1_386' title='bbox 540 4286 574 4348; x_wconf 92' lang='lat' dir='ltr'>et</span> <span class='ocrx_word' id='word_1_387' title='bbox 598 4302 697 4347; x_wconf 88' lang='lat' dir='ltr'>causa</span> <span class='ocrx_word' id='word_1_388' title='bbox 720 4282 845 4348; x_wconf 85' lang='lat' dir='ltr'>fuisset.</span> <span class='ocrx_word' id='word_1_389' title='bbox 892 4282 1015 4347; x_wconf 90' lang='lat' dir='ltr'>Verum</span> <span class='ocrx_word' id='word_1_390' title='bbox 1045 4302 1118 4345; x_wconf 92' lang='lat' dir='ltr'>cum</span> <span class='ocrx_word' id='word_1_391' title='bbox 1142 4281 1284 4347; x_wconf 91' lang='lat' dir='ltr'>animum</span> <span class='ocrx_word' id='word_1_392' title='bbox 1308 4278 1388 4343; x_wconf 86' lang='lat' dir='ltr'>furti</span> 
     </span>
    </p>
   </div>
   <div class='ocr_carea' id='block_1_9' title="bbox 62 4367 1389 4713">
    <p class='ocr_par' dir='ltr' id='par_1_9' title="bbox 62 4367 1389 4713">
     <span class='ocr_line' id='line_1_44' title="bbox 62 4367 1388 4457; baseline -0.007 -19"><span class='ocrx_word' id='word_1_393' title='bbox 62 4373 98 4438; x_wconf 91' lang='lat' dir='ltr'>in</span> <span class='ocrx_word' id='word_1_394' title='bbox 121 4372 231 4457; x_wconf 92' lang='lat' dir='ltr'>specie</span> <span class='ocrx_word' id='word_1_395' title='bbox 254 4370 411 4436; x_wconf 87' lang='lat' dir='ltr'>direxerit</span> <span class='ocrx_word' id='word_1_396' title='bbox 440 4370 473 4435; x_wconf 88' lang='lat' dir='ltr'>in</span> <span class='ocrx_word' id='word_1_397' title='bbox 503 4374 627 4436; x_wconf 88' lang='lat' dir='ltr'>certum</span> <span class='ocrx_word' id='word_1_398' title='bbox 651 4371 811 4454; x_wconf 89' lang='lat' dir='ltr'>quendam</span> <span class='ocrx_word' id='word_1_399' title='bbox 842 4369 1004 4436; x_wconf 90' lang='lat' dir='ltr'>bominem</span> <span class='ocrx_word' id='word_1_400' title='bbox 1028 4370 1180 4445; x_wconf 90' lang='lat' dir='ltr'>divitem,</span> <span class='ocrx_word' id='word_1_401' title='bbox 1210 4367 1264 4432; x_wconf 90' lang='lat' dir='ltr'>ille</span> <span class='ocrx_word' id='word_1_402' title='bbox 1287 4387 1388 4448; x_wconf 88' lang='lat' dir='ltr'>gene·</span> 
     </span>
     <span class='ocr_line' id='line_1_45' title="bbox 64 4453 1389 4529; baseline -0.005 -2"><span class='ocrx_word' id='word_1_403' title='bbox 64 4462 164 4529; x_wconf 91' lang='lat' dir='ltr'>ratim</span> <span class='ocrx_word' id='word_1_404' title='bbox 187 4460 429 4526; x_wconf 84' lang='lat' dir='ltr'>rationabiliter</span> <span class='ocrx_word' id='word_1_405' title='bbox 460 4458 583 4524; x_wconf 91' lang='lat' dir='ltr'>invitus</span> <span class='ocrx_word' id='word_1_406' title='bbox 616 4465 667 4526; x_wconf 89' lang='lat' dir='ltr'>est</span> <span class='ocrx_word' id='word_1_407' title='bbox 699 4464 733 4525; x_wconf 89' lang='lat' dir='ltr'>ct</span> <span class='ocrx_word' id='word_1_408' title='bbox 762 4460 802 4524; x_wconf 91' lang='lat' dir='ltr'>de</span> <span class='ocrx_word' id='word_1_409' title='bbox 834 4458 994 4524; x_wconf 89' lang='lat' dir='ltr'>iniustitia</span> <span class='ocrx_word' id='word_1_410' title='bbox 1017 4463 1134 4525; x_wconf 88' lang='lat' dir='ltr'>contra</span> <span class='ocrx_word' id='word_1_411' title='bbox 1156 4479 1191 4523; x_wconf 89' lang='lat' dir='ltr'>sc</span> <span class='ocrx_word' id='word_1_412' title='bbox 1216 4453 1389 4520; x_wconf 88' lang='lat' dir='ltr'>commissa</span> 
     </span>
     <span class='ocr_line' id='line_1_46' title="bbox 62 4543 1388 4635; baseline -0.005 -19"><span class='ocrx_word' id='word_1_413' title='bbox 62 4555 176 4635; x_wconf 90' lang='lat' dir='ltr'>potest</span> <span class='ocrx_word' id='word_1_414' title='bbox 198 4550 284 4633; x_wconf 87' lang='lat' dir='ltr'>apud</span> <span class='ocrx_word' id='word_1_415' title='bbox 309 4549 519 4614; x_wconf 89' lang='lat' dir='ltr'>Rembertum</span> <span class='ocrx_word' id='word_1_416' title='bbox 543 4548 704 4631; x_wconf 88' lang='lat' dir='ltr'>conqueri.</span> <span class='ocrx_word' id='word_1_417' title='bbox 753 4547 860 4625; x_wconf 89' lang='lat' dir='ltr'>Quare</span> <span class='ocrx_word' id='word_1_418' title='bbox 884 4548 1093 4613; x_wconf 84' lang='lat' dir='ltr'>Rembertum</span> <span class='ocrx_word' id='word_1_419' title='bbox 1125 4548 1166 4613; x_wconf 91' lang='lat' dir='ltr'>ab</span> <span class='ocrx_word' id='word_1_420' title='bbox 1189 4543 1388 4626; x_wconf 86' lang='lat' dir='ltr'>obligatione</span> 
     </span>
     <span class='ocr_line' id='line_1_47' title="bbox 63 4637 1029 4713; baseline -0.004 -7"><span class='ocrx_word' id='word_1_421' title='bbox 63 4638 262 4706; x_wconf 88' lang='lat' dir='ltr'>restituendi</span> <span class='ocrx_word' id='word_1_422' title='bbox 285 4659 349 4703; x_wconf 93' lang='lat' dir='ltr'>non</span> <span class='ocrx_word' id='word_1_423' title='bbox 372 4637 476 4702; x_wconf 90' lang='lat' dir='ltr'>habeo</span> <span class='ocrx_word' id='word_1_424' title='bbox 499 4637 684 4702; x_wconf 90' lang='lat' dir='ltr'>immunem.</span> <span class='ocrx_word' id='word_1_425' title='bbox 736 4639 793 4704; x_wconf 82' lang='lat' dir='ltr'>Tb.</span> <span class='ocrx_word' id='word_1_426' title='bbox 817 4660 858 4703; x_wconf 86' lang='lat' dir='ltr'>m.</span> <span class='ocrx_word' id='word_1_427' title='bbox 883 4637 907 4713; x_wconf 93' lang='grc' dir='ltr'>Ι,</span> <span class='ocrx_word' id='word_1_428' title='bbox 934 4640 1029 4702; x_wconf 82' lang='grc'><strong>1004.</strong></span> 
     </span>
    </p>
   </div>
   <div class='ocr_carea' id='block_1_10' title="bbox 0 0 1558 5168">
    <p class='ocr_par' dir='ltr' id='par_1_10' title="bbox 0 0 1558 5168">
     <span class='ocr_line' id='line_1_48' title="bbox 0 0 1558 5168; baseline 0 2"><span class='ocrx_word' id='word_1_429' title='bbox 0 0 1558 5168; x_wconf 95' lang='lat' dir='ltr'> </span> 
     </span>
    </p>
   </div>
  </div>
 </body>
</html>
