3106 5168
162 272 227 337 284
299 269 340 324 De
358 268 506 323 virtutibus
524 272 553 322 et
570 266 669 322 officiis
687 283 754 336 erga
771 265 903 321 homines.
924 296 955 306 -
975 264 1027 321 ou.
1046 265 1120 322 circa
1136 266 1208 321 bona
1225 269 1349 320 externa.

143 445 286 512 tissime
309 450 362 512 est
384 450 499 512 contra
521 444 573 510 ius
596 443 740 509 divinum
764 448 799 510 et
821 444 989 510 naturale:
1013 447 1091 509 sunt
1109 441 1194 508 enim
1218 445 1344 510 cuilibet
1365 442 1490 508 homini

160 536 233 602 iura
255 534 417 617 quaedam
439 534 554 600 innata
578 538 613 600 et
634 532 866 599 inalienabilia.

249 633 288 698 R.
306 634 336 699 2.
375 631 525 698 Servitus
541 651 631 709 vero,
656 651 750 713 quae,
773 629 916 697 servatis
932 629 1062 712 quidem
1077 628 1200 695 iuribus
1215 629 1280 694 illis
1296 629 1489 712 cuicumque

161 721 282 787 homini
306 721 510 798 necessariis,
534 720 665 786 labores
680 740 792 785 omnes
807 719 1020 801 laborumque
1036 718 1165 785 fructus
1188 718 1325 784 alicuius
1348 718 1490 784 hominis

161 809 275 893 (servi)
291 810 424 877 addicat
442 809 541 876 alteri
556 807 724 891 (domino),
750 814 849 890 atque
872 809 947 873 huic
970 808 1118 892 imponat
1140 807 1376 890 obligationem
1399 807 1490 873 servi

161 899 285 965 alendi:
309 920 374 965 non
393 899 441 966 ita
457 903 621 983 repugnat
638 902 777 965 naturae
792 897 1000 979 naturalique
1023 897 1095 976 iuri,
1120 901 1158 963 nt
1180 917 1246 962 non
1267 896 1373 982 possit
1389 917 1491 962 causa

161 988 299 1072 cogitari
321 988 376 1053 vel
399 988 569 1066 exsistere,
594 1008 637 1053 ex
659 1008 725 1070 qua
747 986 839 1053 licita
861 987 992 1052 evadat.

250 1077 302 1144 Sic
334 1099 399 1143 non
431 1078 537 1143 solum
569 1076 602 1141 in
634 1097 773 1161 poenam
804 1075 927 1160 imponi
957 1079 1070 1160 potest
1100 1074 1262 1151 servitus3
1295 1074 1354 1140 sed
1387 1074 1488 1139 etiam

160 1167 265 1233 libera
287 1166 503 1233 conventione
526 1164 644 1248 aliquis
667 1186 703 1230 se
722 1165 829 1249 ipsum
851 1185 983 1231 servum
1006 1167 1200 1248 perpetuum
1219 1164 1356 1231 alterius
1378 1163 1490 1230 facere

161 1260 282 1340 potest.

249 1354 288 1420 R.
314 1356 344 1420 3.
390 1353 443 1417 Ex
465 1373 530 1435 quo
553 1355 647 1436 patet
670 1350 860 1418 Suetonium
887 1371 924 1417 re
946 1350 1020 1435 ipsa
1041 1350 1130 1416 ultra
1152 1370 1266 1415 verum
1290 1371 1360 1415 rem
1384 1370 1489 1431 exag-

160 1462 305 1524 gerasse.
351 1440 473 1518 Quodsi
494 1442 544 1508 ita
567 1445 672 1518 esset,
697 1445 735 1507 ut
757 1440 812 1507 ille
836 1440 933 1519 dixit,
958 1460 1150 1523 cogeremur
1173 1439 1280 1505 dicere
1303 1439 1488 1505 Ecclesiam

159 1536 230 1598 turn
254 1531 412 1597 indirecte
441 1536 512 1597 tum
536 1530 659 1595 directe
684 1534 808 1597 statum
831 1529 980 1597 illicitum
1004 1529 1222 1613 approbasse,
1253 1527 1351 1595 immo
1382 1529 1488 1611 ipsam

160 1621 192 1686 S.
217 1620 420 1704 scripturam
448 1619 532 1708 iura¹
551 1622 585 1684 et
614 1618 722 1685 officia
752 1619 1013 1696 commendasse,
1044 1639 1128 1700 quae
1156 1622 1266 1683 essent
1295 1616 1361 1699 legi
1391 1623 1489 1684 natu·

160 1709 223 1775 rali
247 1709 427 1774 contraria:
459 1708 544 1790 quod
569 1712 620 1774 est
646 1707 780 1792 impium
804 1713 838 1774 et
867 1707 1102 1792 blasphemum.
1149 1706 1378 1773 Condicionem
1402 1707 1488 1771 euim

160 1819 331 1864 servornm
359 1797 540 1880 legitimam
569 1817 642 1862 esse
673 1818 770 1881 posse
799 1818 912 1862 omnes
941 1797 1011 1862 iere
1042 1797 1185 1880 paginae
1208 1795 1339 1862 Veteris
1370 1795 1488 1861 Testa-

160 1888 260 1953 menti
284 1893 417 1954 sumunt
440 1890 475 1953 et
497 1888 708 1965 confirmant,
732 1907 836 1968 neque
859 1886 956 1970 pauci
977 1885 1067 1952 Novi
1090 1885 1294 1952 Testamenti
1315 1884 1379 1951 loci
1402 1884 1488 1950 idem

160 1980 342 2061 praestant.

99 2098 151 2153 558
249 2093 302 2156 Au
325 2109 517 2165 quunsrruu
542 2092 580 2154 2¹²
603 2089 642 2155 R.
670 2093 698 2156 1.
737 2088 956 2155 Nihilominus
980 2093 1088 2156 status
1111 2089 1282 2155 servitutis
1304 2089 1367 2154 iuri
1390 2095 1489 2156 natu-

160 2179 238 2258 rali,
270 2200 466 2262 quamquam
490 2200 555 2243 non
579 2177 709 2243 omnino
732 2183 912 2262 repugnat,
944 2179 1051 2243 minus
1073 2183 1186 2245 tamen
1209 2179 1382 2244 convenit:
1413 2179 1489 2244 hinc

161 2272 213 2335 est
236 2269 352 2347 etiam,
385 2267 469 2350 quod
495 2267 641 2332 Ecclesia
669 2288 798 2351 semper
820 2268 907 2333 inter
930 2288 1030 2352 opera
1053 2268 1140 2333 bona
1169 2271 1205 2333 et
1233 2267 1376 2332 maxime
1400 2289 1488 2333 com·

160 2357 344 2423 mandanda
366 2377 537 2422 servorum
560 2356 846 2422 manumissionem
869 2356 1066 2424 numeravit.
1105 2356 1203 2423 Cuius
1225 2357 1485 2423 recentissimum

160 2446 346 2530 exemplum
375 2446 532 2511 habemus
563 2466 605 2510 ex
634 2445 755 2512 litteris
784 2445 959 2528 encyclicis
989 2445 1106 2511 Leonis
1136 2446 1215 2510 XIII
1244 2446 1287 2510 ad
1316 2447 1488 2531 episcopos

160 2535 320 2601 Brasiliae
347 2536 406 2616 ,In
428 2534 597 2620 plurimis“
623 2534 653 2601 d.
672 2534 701 2601 d.
728 2534 841 2600 5Maii
861 2535 945 2600 1888
970 2540 1005 2602 et
1027 2535 1101 2600 aliis
1124 2535 1245 2600 litteris
1268 2535 1310 2599 ad
1334 2536 1487 2601 catholici

160 2624 248 2690 orbis
271 2624 440 2707 episcopos
466 2624 666 2706 ,Catholicae
688 2624 868 2690 Ecclesiam
894 2625 924 2691 d.
950 2624 980 2690 d.
1005 2626 1047 2689 20
1071 2623 1157 2691 Nou.
1184 2626 1280 2690 1890.

248 2712 335 2778 Fieri
351 2713 480 2794 quidem
496 2715 616 2795 potest,
640 2717 678 2779 ut
699 2734 759 2795 pro
776 2713 876 2779 certis
891 2712 1075 2778 hominibus
1098 2734 1155 2778 seu
1178 2712 1355 2778 individuis
1370 2713 1488 2779 melius

160 2802 219 2879 sit,
244 2802 286 2867 ad
309 2808 453 2884 tempus,
477 2807 611 2867 servata
635 2801 824 2888 condicione
846 2801 974 2880 servili,
1004 2807 1127 2867 sortem
1150 2801 1312 2867 mitiorem
1337 2804 1485 2879 reddere,

159 2912 257 2975 quam
281 2912 337 2956 eos
360 2890 457 2974 plena
480 2890 650 2967 libertate,
678 2896 743 2972 qua
766 2891 815 2956 nti
838 2912 903 2955 non
927 2892 1068 2975 possint,
1098 2891 1221 2956 donare
1245 2912 1317 2956 cnm
1342 2892 1486 2974 periculo

159 2985 193 3046 et
215 2980 442 3063 temporaliter
465 2983 499 3044 et
522 3000 580 3062 pro
597 2979 796 3046 aeternitate
819 2981 986 3062 pereundi.
1021 2980 1179 3046 Attamen
1196 2979 1374 3045 universim
1391 3002 1487 3064 prae-

158 3074 228 3135 stat
254 3068 401 3150 singulos
425 3068 585 3134 exsistere
608 3067 729 3133 liberos
751 3069 867 3151 suique
890 3069 1054 3148 dominos,
1086 3070 1140 3134 vel
1164 3091 1206 3135 ex
1229 3069 1333 3135 libera
1356 3075 1486 3137 tantum

159 3157 375 3225 conventione
398 3158 439 3223 ab
463 3156 537 3222 aliis
561 3157 752 3240 dependere.

247 3256 286 3321 R.
312 3259 342 3321 2.
390 3254 627 3321 Gravissimum
651 3255 764 3337 utique
787 3254 910 3321 crimen
934 3261 1000 3333 est,
1024 3254 1172 3321 homines
1195 3256 1343 3321 insontes
1365 3255 1487 3323 invitos

157 3345 268 3411 facere
291 3365 422 3409 servos:
447 3365 548 3427 quare
564 3343 750 3410 detestandi
769 3344 914 3410 criminis
937 3345 985 3409 rei
1009 3350 1085 3411 sunt
1101 3365 1224 3422 omnes,
1249 3345 1305 3427 qui
1328 3344 1486 3411 eiusmodi

159 3439 316 3518 capturae
340 3433 392 3498 vel
416 3433 609 3498 commercio
633 3455 804 3499 servorum
828 3438 1046 3517 cooperantur
1068 3433 1121 3498 vel
1145 3433 1270 3501 favent.

97 3554 148 3607 559
248 3540 287 3607 R.
305 3542 335 3605 3.
375 3539 681 3622 Quomodocnmque
697 3541 825 3605 demum
842 3538 985 3604 servitus
1001 3538 1148 3605 exsistit:
1173 3539 1279 3604 servis
1302 3537 1379 3618 (nisi
1400 3540 1486 3607 forte

159 3630 266 3709 quoad
296 3627 456 3710 quaedam
487 3627 632 3711 excipias
662 3650 737 3707 eos,
771 3629 826 3711 qui
855 3627 999 3694 criminis
1029 3650 1128 3694 causa
1158 3628 1229 3694 loco
1258 3627 1366 3694 iustae
1396 3631 1486 3695 necis

158 3717 387 3800 captivitatem
404 3717 459 3781 vel
474 3717 668 3782 servitutem
684 3717 876 3801 patiantur),
901 3722 1013 3785 manet
1037 3739 1100 3782 non
1117 3718 1220 3782 solum
1245 3717 1295 3782 ius
1311 3718 1354 3783 ud
1370 3718 1484 3797 vitam,

158 3806 215 3871 sed
232 3805 332 3871 etiam
347 3805 390 3870 ad
405 3805 657 3882 matrimonium,
682 3807 724 3871 ad
740 3806 873 3884 famam,
898 3808 940 3872 ad
956 3806 1142 3890 spiritualia
1164 3810 1198 3872 et
1221 3808 1486 3890 supernaturalia

157 3894 243 3960 bona
259 3916 317 3978 pro
334 3894 482 3959 omnibus
498 3895 666 3962 instituta:
692 3916 793 3977 quare
808 3896 858 3960 his
874 3896 998 3961 iuribus
1014 3896 1181 3962 laedendis
1197 3896 1251 3961 vel
1271 3896 1486 3980 impediendis

157 3984 318 4051 iniustitia
342 4004 445 4066 eaque
469 4005 570 4049 exse
592 3984 705 4066 gravis
730 3986 954 4051 committitur.
1007 3987 1063 4051 Tb.
1088 4009 1128 4051 m.
1152 3986 1177 4064 I,
1204 3988 1278 4052 760.

246 4090 285 4156 n.
311 4093 341 4157 4.
389 4089 651 4155 concludendum
675 4090 776 4172 igitur
800 4096 851 4156 est
874 4092 974 4156 etiam
997 4092 1173 4175 parochum
1199 4091 1320 4157 limites
1350 4092 1429 4158 iusti
1452 4099 1486 4158 et

157 4180 227 4244 veri
251 4179 381 4245 omnino
405 4179 601 4256 excessisse;
631 4185 730 4261 atque
753 4181 785 4245 id
809 4181 913 4245 solum
938 4181 966 4245 ei
991 4180 1230 4246 concedendum
1255 4187 1322 4258 est,
1347 4181 1380 4246 in
1405 4182 1485 4247 libe·

158 4269 268 4334 randis
284 4268 389 4333 servis
405 4269 630 4350 abolendaque
646 4268 806 4335 servitute
830 4291 893 4334 nou
918 4271 1027 4334 omnia
1050 4270 1119 4335 fieri
1143 4291 1207 4334 uno
1231 4271 1353 4353 impetn
1377 4292 1484 4354 posse,

157 4359 215 4422 sed
238 4357 411 4440 prudentia
430 4379 511 4442 opus
533 4378 605 4423 esse
629 4364 728 4441 atque
752 4359 975 4425 moderatione
998 4363 1032 4424 et
1055 4360 1318 4443 praeparatione,
1343 4361 1485 4425 maxime

158 4452 267 4513 antem
292 4447 324 4510 id
348 4447 447 4512 etiam
471 4447 705 4531 providendum
731 4470 818 4524 esse,
843 4469 884 4513 ne
907 4449 1092 4526 multitudo,
1118 4449 1225 4514 subito
1250 4450 1404 4516 libertate
1428 4451 1486 4514 do-

157 4541 246 4610 nata,
271 4534 386 4599 mediis
409 4536 451 4599 ad
470 4537 593 4601 victum
611 4538 770 4602 destituta
789 4538 842 4614 sit,
868 4559 950 4603 neve
974 4539 1123 4603 omnibus
1147 4539 1288 4603 stimulis
1312 4560 1428 4604 carens
1453 4541 1484 4603 in

158 4624 237 4689 vitio
262 4629 296 4689 et
319 4623 450 4689 inscitia
473 4631 505 4689 et
531 4625 663 4707 pigritia
686 4628 845 4692 tabescat.
