3106 5168
150 288 214 352 248
266 283 307 337 De
325 283 474 338 virtutibus
491 285 520 338 et
537 282 636 337 officiis
654 298 720 350 erga
738 280 867 335 homines.
888 309 921 318 -
941 280 1065 335 Virtutes
1082 279 1204 335 iustitiae
1222 296 1353 334 annexae.

148 461 290 545 poribus
328 459 490 526 Videlicet
513 457 669 540 obligatio
693 456 881 523 conferendi
904 457 946 522 ad
970 457 1162 523 electionem
1186 477 1228 521 ex
1251 476 1290 521 eo
1313 454 1474 521 exsistere

149 553 269 634 potest,
294 550 390 631 quod,
414 548 476 614 nisi
500 548 667 613 confluant
689 545 752 611 viri
774 544 867 629 probi
899 547 942 612 ad
971 545 1138 628 eligendos
1162 546 1300 629 deputat
1300 566 1337 610 os
1285 545 1474 621 t,bonos

149 639 183 704 hi
206 638 359 704 deficiant
382 638 435 703 vel
458 637 536 702 mali
559 636 724 719 eligantur
747 638 847 717 atque
869 635 1093 719 praevaleant.

87 749 140 804 484
240 744 278 810 R.
298 746 328 810 4.
369 743 460 810 Sitne
483 745 560 809 baca
583 741 739 824 obligatio
763 741 796 805 in
819 740 956 823 singulis
973 739 1168 807 electoribus
1183 740 1295 822 gravis
1318 762 1360 806 an
1381 740 1474 816 levis,

150 833 271 917 pendet
294 832 336 898 ab
360 853 408 909 eo,
434 853 509 897 num
529 832 652 897 morale
675 830 719 895 sit
740 829 928 914 periculum,
952 851 993 896 ne
1009 829 1081 912 quis
1097 830 1366 911 suffragationem
1383 830 1475 894 omit·

150 925 224 987 tens
254 942 354 986 causa
383 921 444 999 sit,
475 944 534 987 car
560 923 664 986 reatae
692 923 827 1006 stipatur
849 922 937 1005 isque
960 919 1130 1003 efficaciter
1151 921 1286 1004 influere
1312 922 1412 1004 possit
1444 923 1477 984 in

151 1010 414 1093 malefaciendo
436 1010 490 1076 vel
513 1030 577 1075 non
601 1008 792 1091 abroganda
814 1008 869 1073 vel
891 1009 976 1075 bona
1000 1008 1196 1083 omittenda;
1227 1009 1371 1074 maxime
1395 1008 1477 1073 haec

151 1119 251 1166 causa
274 1119 346 1165 esse
369 1099 482 1183 possit,
508 1120 566 1165 cur
588 1098 707 1164 fractio
731 1098 890 1163 malorum
914 1098 1107 1182 praevaleat
1129 1098 1163 1162 in
1186 1096 1336 1163 comitiis.

241 1186 361 1265 Quodsi
390 1188 459 1254 tale
488 1188 668 1272 periculum
698 1207 763 1253 non
793 1190 861 1264 est,
891 1207 997 1268 neque
1027 1186 1145 1267 aliquis
1175 1187 1325 1269 exemplo
1355 1207 1416 1251 suo
1445 1185 1477 1250 id

152 1282 319 1361 procreet,
350 1276 502 1343 existimo
532 1297 709 1342 non-usum
737 1275 818 1341 iuris
850 1296 922 1341 esse
954 1275 1008 1340 vel
1040 1276 1164 1340 nullum
1194 1277 1248 1340 vel
1279 1295 1344 1340 non
1374 1296 1478 1357 grave

152 1371 332 1450 peccatum,
356 1386 462 1448 neque
483 1365 576 1448 legis,
600 1365 628 1431 si
649 1385 733 1447 quae
754 1365 866 1431 iubeat
887 1385 999 1430 omnes
1023 1364 1070 1431 uti
1089 1364 1159 1430 iure
1175 1385 1244 1442 suo,
1266 1364 1478 1430 violationem

153 1476 226 1521 esse
249 1475 395 1537 gravem.

89 1574 142 1629 485
242 1571 294 1634 An
318 1570 573 1644 ouansrrau2¹¹¹
596 1567 815 1643 R..11Quid
839 1567 879 1633 de
903 1566 1027 1632 Braulii
1050 1566 1168 1648 agendi
1192 1565 1319 1632 ratione
1342 1566 1478 1632 iudicari

153 1657 288 1734 debeat,
320 1679 363 1723 ex
392 1656 488 1722 modo
512 1655 608 1723 dictis
631 1660 733 1740 patet.
709 1655 858 1722 tCum
882 1676 1004 1737 magna
1027 1655 1114 1721 dicat
1099 1659 1154 1720 tur
1176 1655 1321 1721 adfuisse
1345 1677 1479 1722 concer-

152 1747 215 1813 tat
206 1767 247 1824 ιο,
277 1746 342 1811 iam
366 1746 462 1812 facile
485 1746 546 1811 sibi
569 1746 766 1847 persuadere
789 1745 896 1829 potuit
918 1766 987 1810 rem
1011 1748 1065 1810 cat
1051 1744 1203 1810 thelicam
1227 1766 1292 1809 non
1313 1765 1386 1810 esse
1409 1746 1479 1810 sine

153 1797 306 1919 pericblo.
352 1834 390 1900 In
412 1834 463 1900 his
487 1835 624 1900 circums
626 1834 749 1911 tentiis,
774 1854 970 1917 quamquam
994 1834 1036 1898 ab
1060 1854 1123 1899 uno
1147 1834 1303 1915 suffragio
1326 1854 1403 1899 raro
1427 1856 1479 1900 res

152 1923 283 2009 pendet,
314 1928 426 1990 tamen
450 1923 648 1989 considerari
671 1923 768 1990 debet
753 1928 920 2006 tsemper
943 1922 1124 2007 complures
1147 1922 1308 1989 exsistere
1331 1922 1386 2006 qui
1410 1925 1479 1988 sive

154 2013 245 2096 legit'
236 2034 300 2078 rme
332 2012 402 2078 sive
433 2012 549 2094 illegit
540 2033 604 2078 rme
635 2033 700 2078 non
733 2016 960 2117 compareant3
994 2010 1235 2113 quapropter
1225 2033 1259 2076 ιιι
1290 2011 1350 2079 tali
1383 2011 1480 2079 dubio

154 2102 267 2186 gravis
291 2101 354 2168 erit
377 2101 532 2185 obligatio
556 2123 615 2185 pro
638 2101 812 2186 singulis
799 2124 835 2167 m
850 2104 892 2166 iis
907 2101 1076 2183 casibus·
1068 2123 1102 2166 1n
1117 2100 1233 2184 quibus
1247 2100 1374 2167 factum
1390 2101 1479 2175 illud,

155 2191 240 2274 quod
264 2212 347 2256 unus
370 2190 425 2256 ille
447 2191 552 2256 bonus
579 2190 732 2256 candidat
717 2194 771 2256 tus
795 2190 996 2268 succumbat,
1021 2211 1121 2256 causa
1144 2194 1195 2256 est
1218 2189 1410 2270 alterutrius
1434 2191 1480 2257 rei

154 2281 278 2359 malae,
303 2279 454 2345 videlicet
478 2300 578 2346 causa
607 2300 664 2344 cur
687 2279 738 2345 vir
767 2279 873 2346 malus
903 2278 958 2362 qui
988 2279 1167 2345 efficaciter
1188 2281 1294 2345 malus
1322 2300 1481 2345 evasurus

154 2369 199 2435 sit
223 2369 373 2450 eligatur,
406 2374 463 2435 aut
494 2390 551 2434 cur
579 2368 698 2433 saltem
728 2367 800 2451 ipsa
827 2368 928 2434 factio
951 2368 1112 2434 malorum
1135 2373 1287 2435 maiorem
1310 2389 1480 2434 numerum

155 2479 213 2524 seu
234 2461 453 2543 pluralitatem
476 2458 707 2541 deputatorum
731 2457 890 2540 acquirat.

92 2575 145 2630 486
245 2563 284 2630 R.
310 2566 339 2630 2.
386 2562 514 2646 Agendi
538 2562 623 2629 ratio
646 2561 787 2628 Leandri
816 2565 851 2628 ta
875 2584 908 2627 se
930 2561 1029 2628 etiam
1056 2561 1148 2645 peior
1171 2566 1256 2640 erat,
1288 2562 1431 2627 maxime
1455 2562 1481 2628 si

155 2654 217 2718 hoc
232 2653 328 2718 modo
345 2651 529 2727 contulerit,
554 2656 592 2718 ut
615 2651 765 2717 catholici
789 2655 956 2735 potestate
979 2672 1039 2716 sua
1063 2651 1328 2718 destituerentur.
1362 2651 1481 2728 Quodsi

155 2742 216 2808 hoc
240 2763 305 2806 non
321 2741 493 2818 obtineret,
515 2740 655 2806 videnda
678 2745 730 2807 est
753 2739 895 2824 penitius
918 2744 952 2805 et
975 2739 1102 2805 animus
1118 2740 1326 2823 condicioque
1341 2740 1480 2806 Leandri

157 2835 191 2898 et
215 2831 351 2897 effectus
374 2829 530 2912 suffragii,
556 2834 593 2895 ut
615 2828 785 2906 iudicetur,
810 2829 1037 2913 peccaveritne
1061 2830 1218 2910 graviter.

245 2919 331 2985 Nam
368 2920 399 3001 1)
431 2919 508 2984 dare
540 2918 731 3001 suffragium
763 2917 833 2984 viro
865 2919 952 2982 malo
985 2940 1024 2983 ea
1056 2923 1182 2994 mente,
1216 2927 1251 2985 ut
1282 2920 1335 2983 itte
1366 2921 1481 3001 vincat,

157 3030 286 3094 semper
318 3029 420 3090 grave
452 3012 622 3092 peccatum
653 3012 719 3073 est:
753 3007 814 3072 hoo
844 3011 911 3084 est,
945 3008 1135 3088 suffragium
1166 3007 1349 3073 formaliter
1379 3029 1482 3092 pravo

156 3098 227 3164 viro
252 3099 348 3169 dare;
394 3125 398 3129 ’

247 3189 281 3269 2)
305 3187 384 3252 dare
407 3185 599 3267 suffragium
623 3184 789 3261 eiusmodi,
814 3188 852 3251 ut
875 3184 1069 3250 excludatur
1092 3185 1190 3250 etiam
1216 3184 1315 3266 peior,
1344 3207 1408 3251 non
1433 3190 1484 3251 est

157 3281 344 3360 peccatum,
375 3275 433 3340 sed
463 3278 574 3359 potest
604 3295 676 3339 esse
705 3274 841 3351 bonum,
873 3273 900 3338 si
930 3274 1025 3338 modo
1049 3273 1128 3339 nihil
1151 3273 1229 3339 mali
1257 3274 1289 3337 in
1317 3273 1388 3357 ipso
1412 3275 1482 3339 viro

158 3385 260 3449 pravo
284 3365 499 3449 approbetur:
530 3364 591 3429 hoc
615 3363 687 3440 erit,
714 3363 903 3445 suffragium
927 3362 1143 3429 materialiter
1166 3362 1237 3427 viro
1260 3383 1364 3446 pravo
1388 3362 1482 3437 dare;

249 3454 282 3534 3)
307 3454 385 3518 dare
408 3453 599 3535 suffragium
624 3451 694 3517 viro
724 3473 828 3536 pravo
852 3472 916 3517 non
949 3472 991 3517 ex
1022 3452 1130 3517 animo
1159 3452 1218 3517 sed
1243 3451 1336 3534 quasi
1360 3456 1482 3526 coacte,

159 3563 199 3606 ne
216 3543 376 3618 videlicet,
402 3542 456 3624 qui
480 3542 546 3608 fert
569 3541 770 3623 suffragium,
795 3562 898 3623 grave
914 3542 1035 3606 malum
1050 3541 1207 3618 incurrat,
1232 3545 1342 3624 potest
1365 3562 1386 3606 a
1409 3563 1483 3624 pec-

160 3636 234 3697 cato
258 3631 352 3712 gravi
377 3631 540 3709 excusari,
572 3630 685 3695 sibae
709 3631 913 3696 condiciones
937 3630 1032 3695 simul
1056 3633 1245 3706 occurrant,
1278 3634 1314 3696 ut
1338 3631 1371 3713 a)
1395 3631 1485 3696 nulla

160 3728 316 3805 appareat
338 3719 431 3803 pravi
456 3719 518 3784 viri
541 3719 653 3785 eiusve
677 3719 891 3785 tentamiuum
916 3719 1118 3803 approbatio,
1143 3718 1177 3800 b)
1201 3719 1320 3784 efficax
1341 3719 1485 3784 influxus

160 3809 193 3873 in
217 3830 285 3873 rem
310 3809 429 3874 malam
453 3808 583 3873 omnino
607 3808 709 3874 absit:
734 3829 818 3890 quae
842 3808 1047 3874 condiciones
1063 3813 1133 3874 tum
1149 3808 1307 3891 imprimis
1323 3809 1484 3874 verificari

160 3901 306 3981 possunt,
331 3897 359 3961 si
383 3897 499 3962 electio
522 3897 617 3963 istius
641 3897 804 3963 candidati
829 3901 887 3962 aut
910 3896 1117 3963 nihilominus
1140 3898 1316 3980 desperata
1339 3902 1397 3963 aut
1421 3899 1485 3964 iam

160 3986 290 4051 aliunde
314 3990 405 4052 certa
429 3991 488 4052 est.

449 4174 604 4241 LAESIO
628 4173 948 4241 AUCTORITATIS
972 4175 1196 4242 PUBLICAE.

718 4333 828 4400 Casus.
857 4342 932 4410 (140)

251 4476 383 4544 Blasius,
406 4496 472 4534 cunr
494 4477 563 4535 vino
584 4476 788 4549 incalesceret,
811 4496 910 4535 coram
932 4477 1021 4536 sociis
1043 4478 1072 4534 in
1095 4497 1229 4553 caupona
1250 4477 1364 4536 invehit
1385 4479 1416 4537 in
1437 4480 1486 4537 mi-

162 4558 273 4616 nistros
301 4563 330 4615 et
358 4576 459 4631 reges:
489 4556 631 4631 gubernia
660 4563 689 4615 et
717 4558 865 4634 principes
887 4558 945 4616 iam
967 4577 1034 4617 esse
1056 4558 1232 4626 abolendae,
1261 4558 1381 4616 tributis
1403 4560 1487 4619 dene·

163 4638 267 4713 gandia
289 4656 447 4712 eorumque
469 4637 615 4696 solutione
637 4637 781 4697 eludenda
803 4638 883 4697 cives
904 4640 979 4697 bene
1000 4638 1120 4708 mereri;
1142 4643 1247 4714 postea
1267 4637 1298 4696 in
1313 4639 1432 4713 publica
1451 4661 1488 4699 ex
