3106 5168
177 283 299 339 Virtutes
318 300 379 337 eum
399 283 489 337 debito
507 281 603 351 legali:
626 283 723 348 Officia
742 298 806 350 erpo
825 298 880 335 rem
894 282 1033 350 publicam
1051 289 1075 334 et
1093 282 1285 334 demorantem.
1329 282 1392 347 249

71 460 200 519 adventu
220 459 300 534 regis
321 459 454 518 laetitiae
475 458 694 533 significatione
714 457 778 534 ipse
794 459 832 516 ab
847 457 981 518 omnibus
1002 456 1143 526 abstinet,
1164 456 1252 514 immo
1273 454 1395 530 imagini

71 540 212 617 principis
234 538 312 599 domi
338 538 436 598 illudit
457 545 546 614 atque
566 538 676 597 famulo
698 537 834 608 mandat,
863 543 896 596 ut
918 537 1008 596 talem
1029 537 1186 612 imaginem
1208 535 1324 612 publice
1346 554 1395 594 ex·

71 621 196 697 positam
218 620 293 679 olam
315 619 377 678 luto
398 618 514 678 illiniat.

73 725 249 796 Quanmrua
270 727 300 783 1⁰
325 744 400 801 quae
422 725 483 784 sint
504 724 700 799 obligationes
722 742 793 799 erga
815 723 963 801 principes
985 730 1015 782 et
1036 723 1239 798 magistratus,

269 814 300 872 2ο
325 815 468 891 quomodo
490 813 609 873 Blasius
630 813 809 890 peccaverit.

667 993 803 1061 solutio.

161 1140 214 1202 An
237 1156 428 1213 quansrruu
457 1142 491 1201 1¹¹¹
515 1135 553 1203 R.
576 1139 603 1201 1.
652 1135 779 1202 Subditi
807 1139 962 1202 tenentur
985 1156 1065 1219 erga
1094 1157 1151 1201 eos
1181 1134 1236 1218 qui
1267 1133 1456 1218 publicula?

73 1226 271 1293 auctoritate
294 1225 476 1308 funguntur
499 1224 540 1289 ad
563 1226 782 1291 subiectionem
805 1228 839 1290 et
861 1229 1078 1291 reuerentiam.

163 1332 200 1398 R.
226 1335 255 1397 2.
302 1331 443 1398 Ratione
467 1329 677 1396 subiectionis
707 1329 920 1414 prohibentur
943 1352 963 1396 a
986 1331 1179 1409 rebellione,
1212 1328 1398 1412 obligantur

74 1423 116 1487 ad
146 1421 305 1487 iustarum
335 1421 445 1502 legum
475 1419 718 1484 observantiam
750 1423 784 1485 et
814 1419 856 1484 ad
886 1419 1044 1486 iustorum
1075 1420 1288 1496 tributorum,
1315 1438 1398 1500 quae

74 1511 260 1594 exiguntur,
291 1508 501 1584 solutionem;
533 1508 660 1574 ratione
684 1509 889 1575 reverentiae
912 1513 1066 1575 tenentur
1089 1509 1130 1574 ad
1160 1508 1316 1573 honorem
1340 1528 1398 1591 pro

73 1600 196 1665 maiore
219 1598 387 1665 minoreve
410 1596 641 1682 superioritate
665 1597 898 1676 exhibendum,
932 1598 1144 1681 prohibentur
1167 1619 1187 1663 a
1210 1601 1400 1680 contemptu

74 1690 202 1756 interno
233 1692 268 1755 et
300 1693 435 1754 externe
468 1708 488 1752 a
521 1687 727 1754 contumelia.
774 1686 865 1764 Quod
897 1686 969 1770 ipsa
1002 1688 1033 1755 S.
1067 1686 1235 1772 Scriptura
1267 1686 1400 1752 exhibet

75 1800 124 1862 ep.
150 1779 192 1843 ad
215 1777 322 1844 Rom.
351 1779 401 1854 13,
428 1777 523 1841 1—7.

164 1884 202 1949 R.
228 1887 257 1951 3.
304 1881 556 1950 Peccaminosus
589 1903 717 1967 semper
749 1887 801 1949 est
834 1887 1034 1949 auctoritatis
1066 1888 1290 1967 contemptum
1323 1902 1400 1948 con-

74 1977 219 2057 temptus
251 1995 406 2060 personae
438 1971 685 2056 peccaminosus
718 1977 786 2047 est,
820 1973 848 2037 si
881 1977 916 2038 et
948 1978 1110 2055 quatenus
1141 1974 1179 2039 fit
1211 1972 1282 2037 sine
1313 1971 1402 2037 iusta

75 2063 213 2128 ratione.

164 2151 211 2216 uf.
241 2152 296 2216 lb.
323 2173 362 2218 m.
387 2151 411 2227 l,
437 2152 499 2215 797
525 2154 559 2215 et
584 2152 665 2225 798;
690 2150 885 2233 Aertnijs
908 2150 929 2216 l.
955 2152 985 2228 3,
1010 2171 1040 2216 n.
1069 2152 1129 2215 177
1147 2171 1218 2232 sqq.

165 2273 216 2337 An
236 2293 427 2349 quassrruu
451 2277 489 2337 2⁰²
512 2274 551 2339 R.
572 2277 600 2340 1.
639 2273 688 2338 Re
708 2273 869 2340 obieetive
884 2279 1036 2358 spectata
1051 2274 1153 2339 verba
1169 2273 1269 2339 Blasii
1286 2273 1463 2356 gravia488

77 2363 244 2429 continent
267 2366 405 2447 peccata
429 2366 544 2428 contra
568 2362 710 2427 debitam
735 2363 984 2441 subiectionem,
1015 2363 1165 2430 redolent
1188 2363 1274 2428 enim
1297 2363 1402 2428 rebel-

77 2452 171 2517 lionis
195 2458 230 2517 et
251 2451 448 2517 tributorum
473 2451 736 2534 denegandorum
760 2451 945 2517 suasionem
968 2473 1026 2518 seu
1056 2452 1098 2518 ad
1126 2453 1243 2535 gravia
1267 2455 1404 2536 peccata

76 2541 330 2624 instigationem.
367 2540 554 2607 Subiective
577 2562 598 2606 a
616 2543 752 2624 peccato
768 2540 898 2607 mortali
916 2541 1067 2607 excusari
1082 2545 1203 2625 potest,
1228 2541 1255 2606 si
1275 2542 1403 2607 locutus

77 2635 128 2695 est
152 2650 215 2695 non
239 2650 282 2695 ex
306 2629 413 2719 animo
436 2650 541 2711 neque
565 2650 637 2694 oum
661 2629 805 2713 periculo
822 2630 979 2695 eiusmodi
1003 2651 1056 2696 res
1079 2631 1153 2697 aliis
1176 2631 1402 2716 persuadendi,

78 2720 134 2784 sed
159 2740 201 2784 ex
224 2719 295 2783 sola
318 2738 405 2783 vana
430 2720 569 2800 quadam
593 2718 798 2801 gloriatione.

167 2824 204 2891 R..
226 2827 255 2891 2.
295 2824 385 2901 Quod
409 2824 450 2890 ab
474 2825 623 2891 omnibus
645 2825 777 2892 honoris
800 2826 902 2908 signis
921 2826 1050 2892 Blasins
1074 2827 1278 2902 abstinuerit,
1301 2825 1404 2891 videri

78 2914 191 2990 debet,
223 2934 265 2978 ex
295 2933 360 2995 qua
389 2914 517 2979 ratione
546 2914 595 2980 ita
625 2914 739 2996 egerit.
787 2914 821 2981 Si
849 2936 890 2980 ex
915 2916 1122 2982 auctoritatis
1145 2920 1334 2998 contemptu
1356 2914 1404 2980 its

79 3003 157 3085 egit.
182 3003 331 3085 graviter
354 3003 513 3085 peccavit.
561 3003 595 3069 Si
619 3025 698 3068 vero
722 3005 840 3070 iustam
865 3024 998 3070 causam
1022 3004 1151 3081 habuit,
1185 3004 1269 3069 sicut
1292 3003 1404 3069 haberi

78 3096 188 3176 potest
220 3113 247 3158 e.
279 3112 310 3172 g.
343 3093 385 3157 ad
417 3091 663 3174 significandam
696 3093 866 3160 tristitiam
897 3097 931 3159 et
964 3092 1236 3175 indignationem,
1269 3093 1297 3157 si
1327 3091 1403 3174 quid

78 3181 155 3246 mali
186 3184 220 3246 et
250 3180 361 3245 iniusti
392 3182 530 3265 populus
553 3182 606 3246 vel
637 3182 751 3263 religio
775 3204 795 3247 a
819 3182 964 3265 principe
993 3203 1167 3266 perpessus
1194 3182 1308 3256 tuerit,
1339 3202 1404 3245 non

79 3269 245 3354 peccavit,
269 3270 367 3334 immo
391 3270 500 3353 potuit
522 3271 678 3352 obligatio
701 3271 748 3336 sic
771 3271 891 3353 agendi
914 3272 1043 3347 adesse,
1068 3292 1109 3336 ne
1133 3270 1280 3337 laet'tiae
1303 3269 1404 3352 signi·

79 3359 188 3425 ficatio
220 3363 407 3424 sumeretur
436 3380 495 3443 pro
528 3360 764 3444 approbatione
796 3360 905 3442 legum
935 3360 1118 3442 iniquarum
1148 3359 1260 3442 reique
1290 3360 1404 3425 catho-

79 3450 161 3514 licae
185 3468 372 3532 oppressae.

168 3554 206 3621 R.
232 3557 262 3621 3.
309 3553 489 3635 Imaginem
520 3553 675 3638 principis
705 3555 832 3638 publice
865 3555 1048 3638 expositam
1081 3555 1283 3621 dehonorare
1316 3561 1464 3622 certem

80 3643 192 3725 gratis
215 3648 266 3709 est
290 3642 496 3720 contumelia,
522 3664 605 3725 quae
628 3643 764 3727 principi
788 3644 821 3709 in
837 3643 907 3709 eius
930 3644 1072 3727 imagine
1094 3644 1244 3720 infertur,
1268 3644 1405 3728 ideoque

80 3754 120 3797 ex
157 3753 192 3797 se
227 3752 329 3813 graue
361 3736 542 3815 peccatum.
595 3732 747 3799 Possitne
779 3733 983 3799 extrinsecus
1015 3754 1115 3799 causa
1147 3735 1312 3809 accidere,
1349 3755 1405 3799 cur

80 3820 260 3888 subiective
291 3840 395 3903 grave
427 3825 597 3904 peccatum
630 3842 694 3887 non
727 3822 1000 3898 committeretur,
1035 3844 1100 3888 non
1133 3827 1184 3888 est
1215 3824 1311 3889 huius
1343 3824 1404 3889 loci

80 3930 252 3993 inquirere.

170 3998 265 4065 Domi
297 4020 376 4064 vero
408 4020 465 4064 seu
499 3999 671 4082 privatim,
704 4021 768 4064 non
802 4021 911 4065 coram
943 4000 1016 4066 aliis
1048 4001 1154 4066 simile
1186 4001 1263 4082 quid
1295 4001 1405 4067 facere

81 4089 221 4154 mortale
244 4108 316 4153 esse
340 4093 450 4171 potest
473 4088 600 4155 ratione
624 4097 814 4174 corrtnuptus
840 4093 973 4172 interni,
1004 4089 1032 4154 si
1062 4090 1116 4156 ille
1146 4095 1198 4157 est
1221 4091 1405 4156 mortaliter

81 4177 341 4263 peccaminosus;
366 4177 494 4242 ratione
518 4180 721 4244 contruneliue
744 4200 809 4242 uon
825 4179 920 4244 adest
936 4199 1039 4261 grave
1054 4183 1235 4264 peccatum,
1260 4202 1297 4245 eo
1320 4179 1405 4261 quod

81 4266 291 4342 contumelia,
316 4270 353 4331 ut
376 4266 530 4342 exsistat,
555 4267 702 4332 exhiberi
726 4267 824 4334 debet
846 4269 898 4333 vel
924 4289 1033 4334 coram
1056 4290 1197 4353 persona
1220 4271 1273 4333 vel
1296 4268 1345 4333 ita
1368 4273 1405 4334 ut

81 4356 123 4422 ad
154 4355 259 4439 ipsam
291 4354 409 4421 notitia
439 4354 487 4420 rei
518 4360 719 4438 perventura
748 4377 820 4422 esse
851 4358 902 4424 vel
933 4380 976 4423 ex
1005 4358 1052 4424 rei
1084 4362 1203 4423 natura
1235 4356 1406 4441 pervenire

81 4465 176 4529 posse
204 4444 445 4529 praevideatur.
493 4444 540 4510 Cf.
566 4445 597 4512 S.
623 4444 671 4510 A}
679 4446 739 4529 ph.
764 4446 822 4522 ΠΙ,
847 4450 922 4512 334.

170 4552 209 4618 R.
230 4555 260 4616 4.
300 4551 463 4616 Personae
487 4549 718 4627 ministrorum,
743 4552 797 4633 qui
822 4552 950 4617 nomine
973 4551 1128 4635 principis
1151 4572 1218 4616 rem
1243 4552 1405 4635 publicam

81 4641 282 4724 gubernant,
313 4661 392 4706 sane
423 4660 487 4704 uon
519 4639 655 4705 debetur
684 4640 797 4705 eadem
831 4662 870 4706 ac
902 4640 1038 4724 principi
1070 4640 1270 4716 reverentia;
1304 4659 1406 4722 quare
