3106 5168
171 275 235 338 344
309 269 350 324 De
368 269 516 324 vintutibus
534 271 563 323 et
580 267 679 323 officiis
696 285 762 336 erge
779 267 909 323 homines.
929 299 964 306 —
982 267 1034 324 Off.
1053 269 1126 324 circa
1143 269 1214 325 bona
1232 273 1354 326 externa.

258 446 297 512 R.
323 449 353 513 2.
398 445 487 511 Idem
521 444 588 522 dio,
622 443 684 510 etsi
708 443 901 509 Cunibertus
933 445 1070 511 fatalem
1099 467 1243 513 errorem
1272 469 1337 513 non
1361 447 1492 527 viderit,

169 535 227 599 sed
251 555 325 600 eum
346 535 379 598 in
403 533 532 599 homine
555 531 703 616 simplici,
728 554 821 615 quem
844 533 942 616 focile
965 537 1068 621 decipi
1088 558 1180 621 posce
1202 537 1413 620 praeviderit,
1442 541 1494 604 iu·

169 626 314 691 tenderat.
360 623 447 689 Nam
470 622 552 687 haec
575 621 713 688 intentio
743 623 888 689 ostendit
917 623 948 687 in
973 623 1036 688 isto
1060 629 1150 690 certo
1169 627 1240 691 viro
1263 630 1400 711 propter
1422 626 1494 692 eins

170 712 412 796 simplicitatem
427 717 462 778 et
473 710 693 792 ignorantiam
709 709 855 777 actiones
871 711 1037 778 Cuniberti
1052 712 1172 779 habere
1188 716 1350 781 rationem
1365 738 1494 799 causae,

170 823 233 867 non
257 800 438 867 occasionis
461 803 601 866 tanturn.

258 907 297 974 R.
315 910 345 973 3.
378 905 533 973 Caritatis
549 904 679 988 quidem
694 905 813 983 laesae,
838 926 902 970 non
925 911 1037 972 tamen
1053 906 1164 973 laesae
1188 908 1323 975 strictae
1346 908 1495 976 iustitiae

170 1017 243 1062 cum
266 995 465 1078 obligatione
487 994 683 1061 restituendi
706 1015 797 1060 reum
821 993 957 1059 dixerim
983 995 1202 1074 cunibertum,
1226 997 1254 1062 si
1277 997 1382 1063 solum
1407 999 1493 1064 eius·

170 1083 256 1150 modi
286 1106 339 1150 res
362 1088 594 1168 praeparasset
616 1088 716 1165 atque
739 1083 773 1148 in
795 1103 915 1165 genere
940 1085 1137 1150 malevolum
1160 1085 1251 1151 illum
1274 1087 1419 1152 animum
1443 1088 1493 1153 fo·

169 1173 282 1251 visset,
307 1173 431 1240 utinam
456 1173 573 1254 aliquis
596 1171 708 1238 illicite
731 1175 843 1255 potum
867 1172 928 1238 sibi
958 1177 1150 1240 assumeret.
1196 1175 1284 1241 Nam
1306 1177 1389 1242 haec
1411 1197 1493 1262 copo

168 1263 306 1328 intentio
331 1262 398 1344 (vel
421 1262 542 1328 rectius
558 1260 719 1338 velleitas,
737 1282 801 1326 non
818 1261 981 1339 voluntas,
1005 1283 1063 1327 sen
1080 1262 1275 1330 desiderium
1289 1286 1356 1329 non
1372 1264 1492 1331 efficax

168 1351 226 1417 sod
248 1351 433 1434 inefficax),
465 1371 548 1433 qnae
571 1349 732 1415 neminem
755 1350 1008 1416 determinatum
1030 1351 1192 1417 hominem
1222 1353 1356 1436 respicit
1386 1375 1492 1437 neque

169 1440 281 1519 allicit,
305 1440 375 1506 fere
398 1440 502 1505 solam
526 1438 776 1522 possibilitatem
800 1443 945 1522 spectat,
976 1460 1082 1522 neque
1104 1440 1195 1518 facit,
1226 1442 1370 1508 utactio
1394 1442 1491 1508 Cuni-

169 1529 263 1607 berti,
287 1550 371 1611 qnae
394 1550 437 1594 ex
459 1550 495 1594 se
518 1529 589 1594 sola
612 1532 664 1594 est
686 1549 777 1593 mera
800 1528 938 1606 occasio,
962 1529 1084 1594 evadat
1108 1528 1218 1596 damni
1240 1554 1349 1597 cocao.

107 1654 160 1708 679
258 1635 297 1702 R.
314 1637 345 1700 4.
377 1634 489 1711 Quoad
506 1635 720 1718 Dopobertum
735 1632 792 1698 illa
808 1632 1064 1712 circumstantia,
1089 1635 1175 1717 quod
1191 1634 1310 1701 viderit
1326 1635 1490 1702 hominem

169 1722 312 1805 aliquam
335 1723 519 1788 litterarum
536 1727 648 1807 partes
664 1743 857 1805 componere
881 1726 914 1788 et
930 1723 1050 1804 legere,
1075 1723 1217 1788 nondum
1235 1724 1324 1802 fecit,
1349 1731 1387 1792 ut
1403 1730 1492 1792 esset

170 1832 269 1877 cansa
302 1812 427 1889 damni,
463 1833 539 1877 nam
572 1811 729 1877 eiusmodi
760 1810 952 1894 simplicitas
987 1816 1021 1877 et
1053 1810 1287 1895 imprudentia,
1320 1834 1386 1896 qua
1418 1815 1492 1897 quis

169 1901 283 1966 frustis
307 1900 378 1967 istis
401 1901 486 1965 serio
509 1903 639 1978 utatur,
669 1919 710 1963 ne
739 1898 772 1963 in
801 1900 932 1983 legente
955 1899 1084 1983 quidem
1107 1902 1243 1985 supponi
1275 1907 1401 1985 potest,
1433 1903 1491 1968 sed

170 1989 267 2056 debet
295 1989 436 2073 probari.
483 1988 603 2067 Quodsi
630 1987 839 2070 cognovisset
862 1989 1018 2054 lectorem
1045 1989 1185 2056 lectione
1214 1990 1271 2058 illa
1293 1991 1419 2057 moveri
1450 1993 1492 2058 ad

169 2078 314 2145 actiones
344 2078 405 2143 sibi
429 2078 619 2156 damnosas,
650 2077 762 2142 debuit
790 2098 922 2143 monere
946 2077 998 2142 vel
1023 2078 1153 2143 dubium
1183 2080 1346 2158 excitare,
1377 2080 1425 2147 ita
1455 2086 1493 2148 ut

168 2168 389 2234 temeritatem
410 2189 503 2233 suam
523 2174 626 2253 poscet
649 2165 928 2232 animadvertere:
952 2166 1093 2249 alioquin
1117 2173 1196 2251 puto
1213 2190 1286 2233 eum
1309 2169 1491 2236 iniustitiae

169 2278 260 2322 reum
283 2262 318 2323 et
339 2255 538 2323 restitutioni
555 2257 746 2321 damnorum
762 2255 937 2320 obnoxium
961 2256 1101 2321 evadere
1123 2256 1209 2322 sicut
1224 2257 1434 2325 Gunibertnm
1457 2259 1491 2323 in

168 2345 276 2429 priore
300 2366 394 2423 casu,
425 2345 453 2410 si
482 2344 645 2410 hominem
675 2343 884 2426 simplicitate
908 2345 1078 2428 deceptum
1102 2345 1237 2413 vidisset
1261 2351 1377 2430 potum
1400 2348 1492 2413 illum

169 2438 367 2500 venenatum
390 2455 448 2517 pro
471 2437 550 2517 potu
574 2433 707 2498 innoxio
730 2454 858 2498 sumere
882 2437 981 2514 atque
1004 2434 1144 2500 haurire.

418 2650 615 2716 DAMNUM
638 2650 697 2715 Ex
721 2649 900 2715 ERRORE
924 2650 1161 2716 CAUSATUM
1185 2651 1237 2735 (I).

721 2806 831 2871 Casus.
858 2815 934 2880 (210)

258 2946 396 3007 Claudius
424 2952 534 3005 temere
562 2946 663 3005 iocans
692 2966 757 3004 cum
779 2945 870 3004 Paulo
899 2946 961 3004 eius
990 2947 1109 3005 anulum
1131 2967 1146 3006 e
1168 2967 1256 3007 manu
1279 2949 1393 3026 arripit.
1437 2949 1493 3021 Qui

169 3048 234 3087 curu
255 3028 382 3087 diceret:
414 3026 510 3100 ,Cave
538 3046 574 3085 ne
602 3027 724 3103 perdas3
754 3026 902 3103 pretiosus
924 3029 1000 3095 est“,
1029 3026 1057 3084 id
1086 3026 1212 3087 irridens
1237 3048 1332 3105 neque
1356 3031 1491 3104 credens,

168 3108 287 3167 anulum
321 3109 352 3167 iu
379 3107 507 3165 vicinum
535 3107 643 3165 fiumen
676 3106 797 3183 proicit,
833 3125 899 3164 cum
928 3125 1033 3163 revera
1060 3107 1143 3165 audit
1170 3108 1289 3166 anulum
1320 3111 1492 3186 quingentis

168 3189 276 3248 marcis
301 3187 478 3247 constitisse,

168 3287 353 3358 Quaunrrun,
375 3285 412 3344 ad
434 3285 502 3361 quid
523 3289 660 3343 teneatur
681 3283 820 3342 Claudius
841 3283 872 3341 in
894 3283 1084 3343 conscientia.

760 3467 896 3534 Solutio.

106 3631 158 3684 680
257 3613 309 3676 Au
339 3631 529 3686 qususruun
562 3610 600 3675 R.
629 3611 655 3675 1.
711 3609 748 3673 In
779 3609 849 3673 foro
881 3614 1018 3674 externo
1049 3609 1180 3674 dubium
1212 3632 1276 3675 non
1307 3616 1378 3689 est,
1413 3612 1489 3695 quin

168 3700 337 3778 Claudius,
370 3721 441 3764 cum
464 3698 661 3763 temeritatis
685 3719 764 3762 suae
788 3697 882 3779 argui
905 3697 1065 3781 potuerit,
1096 3698 1138 3763 ad
1162 3699 1302 3782 pretium
1326 3701 1415 3766 anuli
1441 3701 1490 3767 in-

167 3794 296 3872 tegrum
320 3788 511 3854 solvendum
535 3787 707 3868 obligetur.
755 3786 824 3863 Quo
847 3787 953 3863 lactc,
986 3787 1085 3852 etiam
1107 3788 1141 3852 in
1165 3789 1364 3855 conscientia
1392 3791 1435 3856 ad
1457 3791 1490 3856 id

167 3882 308 3954 tenetur,
333 3877 631 3959 quomodocumque
656 3876 784 3941 demum
808 3877 979 3942 erraverit.

256 3984 294 4048 R.
313 3986 342 4049 2.
381 3983 414 4047 Si
430 3982 583 4048 Claudius
599 3982 690 4059 satis,
715 3983 775 4047 etsi
793 3982 980 4059 dubitando,
1001 3981 1235 4048 animadvertit
1252 3983 1389 4049 Paulum
1405 3985 1489 4050 serio

167 4074 283 4138 efferre
307 4092 460 4154 magnum
484 4071 573 4135 anuli
597 4071 747 4153 pretium,
772 4071 833 4137 etsi
858 4093 922 4135 non
946 4075 1099 4136 accurate
1123 4073 1268 4137 valorem
1292 4075 1433 4151 noverit,
1457 4075 1488 4139 in

168 4163 302 4227 confuso
319 4166 430 4227 tamen
447 4181 560 4225 verum
577 4161 722 4224 valorem
746 4161 827 4226 satis
844 4160 1051 4226 coniectabat
1074 4166 1172 4242 atque
1194 4162 1288 4244 plene
1305 4163 1489 4229 voluntarie

168 4252 320 4316 damnum
336 4251 413 4327 tale,
438 4250 533 4331 quale
549 4249 725 4331 respondet
740 4249 869 4330 integro
886 4250 972 4314 anuli
990 4250 1104 4326 valeri,
1131 4250 1231 4315 Paulo
1248 4251 1369 4317 intulit.
1406 4253 1489 4317 Hinc

167 4341 278 4406 statim
303 4341 335 4405 in
360 4341 430 4405 foro
454 4340 600 4415 interno,
624 4338 766 4403 iudiciali
791 4339 919 4403 actione
943 4361 1005 4403 non
1031 4344 1242 4422 exspectata,
1268 4344 1376 4406 totum
1400 4342 1488 4407 dam-

167 4451 242 4493 num
268 4429 366 4494 debet
388 4449 552 4511 reparare.

106 4554 154 4608 681
255 4535 293 4599 R.
317 4538 346 4599 3.
387 4534 507 4611 Quodsi
531 4532 683 4598 Claudius
707 4533 832 4597 sincere
856 4537 1057 4615 protestetur
1081 4556 1116 4598 se
1140 4535 1237 4617 plane
1261 4556 1302 4600 nc
1326 4537 1489 4619 cogitasse

168 4621 296 4735 qqidem
319 4624 359 4688 de
383 4628 476 4689 tanto
500 4623 546 4688 rei
569 4623 695 4699 valore,
720 4621 780 4685 sibi
805 4643 996 4705 persuasum
1020 4623 1121 4687 fuisse
1145 4624 1281 4689 Paulum
1305 4625 1369 4690 ioci
1392 4647 1489 4692 cause
