3106 5168
157 275 220 338 256
274 272 314 325 De
333 272 481 327 virtutibus
501 275 529 326 et
547 271 644 327 officiis
663 288 728 339 erga
746 270 876 327 homiues.
896 302 930 310 -
950 273 1073 328 Virtutes
1090 273 1211 329 iustitiae
1229 291 1360 329 annexae.

157 453 255 504 autem
276 447 396 506 testium
417 447 579 506 testimonii
600 447 658 506 vim
679 447 841 523 infringere
863 455 987 509 conatur
1006 450 1183 525 gravissima
1204 452 1313 528 partim
1334 472 1407 512 vera
1429 455 1479 512 sed

157 528 273 586 occulta
294 528 463 605 propalans,
484 528 592 604 partim
614 528 691 586 falsa
713 529 875 604 imponens.

158 633 334 704 Qunnmnua
360 633 430 772 puid
449 634 539 693 liceat
566 653 616 693 reo
637 634 717 693 circa
738 635 904 709 negandum
927 635 1037 694 crimen
1059 642 1089 695 et
1110 638 1264 714 speciatim
1286 638 1355 714 quid
1376 639 1480 698 blauro

371 713 477 772 icuerit
497 714 527 772 in
549 733 629 774 casu.

750 819 885 887 solutio.

95 961 147 1016 502
244 953 297 1018 An
321 973 512 1029 prassinum
536 953 574 1018 R.
601 957 629 1018 1.
677 952 858 1018 Secundum
882 954 1017 1035 antiqua
1041 953 1128 1032 iura,
1160 955 1314 1021 etetiam
1340 957 1481 1022 nuncin

155 1042 225 1108 iure
249 1042 472 1108 ecclesiastico
495 1041 655 1108 statuitur
677 1041 888 1126 principium,
919 1062 1009 1107 reum
1034 1042 1133 1109 fateri
1157 1044 1274 1109 debere
1297 1046 1481 1128 generatim

156 1137 231 1215 post
259 1131 472 1216 semiplenam
503 1131 745 1215 probationem
784 1131 817 1194 in
849 1129 1035 1196 criminibus
1065 1153 1149 1214 quae
1180 1133 1343 1199 atrociore
1376 1156 1481 1218 poena

154 1221 349 1304 puniuntur,
377 1226 446 1288 tum
472 1220 616 1298 demum,
646 1241 718 1285 cum
744 1219 875 1302 negatio
899 1220 1042 1288 evaserit
1064 1221 1189 1288 inutilis
1212 1243 1318 1305 neque
1341 1225 1481 1308 amplius

155 1330 245 1375 reum
270 1332 290 1375 a
314 1331 419 1394 poena
443 1311 586 1375 eximere
609 1309 722 1393 possit.

244 1407 283 1472 R.
301 1410 331 1473 2.
364 1407 401 1471 ln
424 1406 659 1473 recentioribus
681 1405 805 1471 iuribus
829 1405 876 1471 rei
899 1406 1059 1471 confessio
1083 1428 1146 1471 non
1171 1408 1324 1491 exigitur,
1350 1416 1387 1476 ut
1404 1432 1480 1476 con·

156 1496 303 1561 damnari
326 1497 430 1580 possit
452 1501 620 1577 tamquam
645 1496 685 1560 de
709 1494 842 1560 crimine
865 1496 1043 1562 convictus.
1083 1495 1189 1573 Quare
1213 1498 1365 1564 existimo
1389 1521 1481 1564 num·

157 1606 252 1667 quam
278 1585 393 1651 adesse
413 1585 642 1666 obligationem
664 1606 791 1668 procem
809 1584 1000 1661 confitendi3
1025 1605 1098 1650 esse
1122 1590 1232 1652 tamen
1249 1587 1378 1653 veniale
1405 1610 1481 1671 pec·

157 1680 265 1741 catum
289 1672 448 1740 mendacii
472 1674 648 1757 persistere
671 1674 703 1737 in
728 1673 877 1755 negando
902 1674 1051 1751 crimine,
1076 1676 1205 1756 quando
1228 1676 1318 1741 nulla
1341 1678 1481 1760 amplius

156 1763 319 1829 restrictio
344 1765 411 1829 late
435 1763 587 1829 mentalis
611 1764 736 1846 concipi
760 1763 872 1845 possit.

246 1862 284 1928 R.
310 1864 340 1927 3.
387 1861 521 1926 Maurus
550 1862 664 1942 igitur,
698 1865 870 1944 postquam
902 1861 997 1943 plene
1021 1860 1190 1926 convictus
1212 1862 1272 1938 sit,
1306 1863 1482 1931 committit

157 1950 377 2028 mendacium,
409 1971 480 2015 cum
510 1954 630 2034 pergat
659 1949 836 2015 contestari
866 1969 959 2014 suam
988 1949 1216 2017 innocentiam.
1264 1951 1366 2016 lmmo
1397 1954 1481 2034 quod

157 2039 278 2104 iudices
308 2039 487 2105 iniustitiae
516 2041 660 2115 incuset,
691 2059 733 2104 ex
763 2059 799 2103 se
828 2037 989 2104 obiective
1019 2060 1121 2121 grave
1151 2045 1322 2122 peccatum
1347 2046 1415 2115 est;
1447 2048 1482 2108 at

157 2128 316 2213 practice,
348 2149 421 2193 cum
444 2129 579 2193 Maurus
608 2127 690 2194 satis
717 2126 800 2193 sciat
823 2126 983 2192 neminem
1008 2147 1080 2192 esse
1104 2129 1157 2210 qui
1181 2128 1243 2193 sibi
1266 2130 1397 2208 credat,
1429 2131 1482 2196 vol

158 2218 211 2299 qui
235 2218 325 2282 illam
348 2218 589 2284 accusationem
612 2221 721 2283 sumat
744 2216 873 2294 seriam,
898 2237 962 2281 non
986 2220 1065 2300 puto
1088 2223 1259 2300 peccatum
1278 2218 1387 2283 hocin
1404 2240 1481 2284 casu

157 2307 257 2372 fuisse
281 2328 396 2388 grave.

96 2419 147 2474 503
245 2405 284 2470 R.
309 2407 339 2469 4.
384 2403 496 2480 Quoad
520 2405 586 2467 vim
616 2402 874 2468 testimoniorum
906 2402 1097 2468 eludendam
1124 2403 1187 2468 dici
1210 2404 1307 2469 debet
1330 2405 1480 2470 Maurum

157 2493 305 2576 graviter
328 2514 482 2577 peccasse
504 2491 698 2576 imponendo
721 2491 807 2557 falsa
829 2491 970 2557 testibus
993 2491 1137 2558 crimina.
1170 2493 1235 2559 Sed
1258 2494 1365 2575 quoad
1387 2515 1482 2560 reve·

157 2582 311 2648 lationem
329 2602 480 2648 verorum
504 2582 698 2658 defectuum,
723 2602 787 2646 uon
811 2580 1021 2664 publicorum,
1047 2581 1143 2647 aliter
1166 2581 1336 2648 dicendum
1353 2587 1404 2649 est
1423 2605 1481 2667 pro

157 2693 215 2755 spe
238 2691 322 2753 quae
338 2670 453 2736 Mauro
477 2671 584 2736 inerat
606 2668 665 2736 tali
690 2670 784 2735 modo
804 2669 964 2735 evadendi
979 2671 1176 2735 sententiam
1194 2670 1256 2736 sibi
1272 2672 1479 2738 contrariam.

157 2761 190 2826 Si
208 2761 288 2825 baec
304 2782 380 2844 spes
396 2764 468 2825 erat
484 2759 582 2837 nulla,
599 2759 669 2824 sine
685 2758 859 2823 sufficienti
875 2759 1002 2824 ratione
1017 2759 1152 2824 Maurus
1166 2760 1307 2825 testibus
1319 2762 1480 2827 maculam

157 2871 292 2932 gravem
322 2849 442 2914 inussit
470 2848 622 2914 revelans
653 2847 786 2913 crimina
816 2869 912 2924 vera,
944 2847 1036 2931 proin
1067 2848 1215 2931 graviter
1244 2851 1394 2933 peccavit
1424 2872 1481 2933 per

158 2960 193 3005 se
216 2943 332 3004 contra
355 2937 530 3012 iust'tiam;
554 2938 582 3002 si
605 2957 681 3019 spes
705 2937 843 3002 fundata
864 2938 989 3012 aderat,
1014 2937 1235 3004 diffamatione
1251 2960 1315 3003 non
1332 2940 1482 3025 peccavit

158 3050 237 3093 vera
260 3027 395 3093 crimina
418 3025 668 3092 manifestando.
716 3025 763 3091 Cf.
792 3028 848 3091 Tb.
874 3050 913 3091 m.
938 3026 963 3101 l,
989 3027 1062 3091 816.

248 3118 291 3182 Et
315 3117 466 3199 quoniam
490 3136 565 3180 reus
589 3115 745 3180 eiusmodi
768 3136 859 3198 spem
883 3114 979 3181 facile
1002 3115 1131 3192 retinet,
1157 3115 1256 3180 etiam
1280 3118 1410 3198 quando
1427 3117 1481 3182 alii

158 3228 227 3272 rem
250 3207 314 3272 iam
339 3227 397 3289 pro
421 3206 595 3287 desperata
618 3204 754 3270 babent:
779 3204 912 3269 Mavrrus
936 3204 1042 3284 quoad
1061 3204 1296 3277 revelationem
1312 3205 1479 3270 criminum

159 3317 310 3361 verorum
341 3294 520 3360 subiective
550 3293 647 3359 facile
678 3294 776 3359 etiam
807 3298 877 3360 tum
907 3293 1132 3370 excusabitur,
1164 3295 1293 3375 quando
1321 3295 1481 3362 obiective

159 3405 328 3468 perperam
354 3383 468 3464 egerit.

394 3601 508 3666 REUS
532 3600 616 3665 PRO
641 3599 727 3665 SUA
751 3598 998 3664 LIBERTATE
1025 3599 1243 3666 DIMICANS.

715 3750 824 3816 Gasns.
852 3758 928 3824 (147)

249 3892 392 3960 Iasonius,
415 3891 463 3966 qui
485 3891 514 3948 in
536 3889 762 3948 transvehendis
784 3890 929 3948 mercibus
951 3895 981 3947 et
997 3889 1193 3963 vectigalibus
1215 3891 1423 3951 defraudandis
1445 3912 1480 3951 ex

160 3972 304 4031 industria
325 3972 483 4039 incumbit,
512 3971 678 4038 custodem,
708 3970 756 4044 qui
778 3990 842 4028 eum
865 3989 971 4045 capere
992 3972 1127 4039 volebat,
1157 3972 1288 4044 graviter
1313 3974 1480 4047 percutiens

160 4053 334 4130 prosternit3
363 4052 552 4110 nihilominus
582 4057 686 4126 captus
715 4070 780 4108 cum
802 4051 971 4120 duceretur,
1001 4050 1031 4107 in
1060 4051 1108 4108 via
1137 4051 1288 4109 custodem
1317 4053 1346 4110 in
1375 4054 1480 4111 flumen

161 4133 288 4192 detrudit
310 4138 339 4190 et
360 4133 389 4190 in
404 4133 508 4190 silvam
525 4132 651 4189 vicinam
667 4131 821 4205 aufugiens
844 4150 875 4188 se
895 4131 1058 4189 abscondit.
1094 4131 1201 4189 Postea
1220 4151 1285 4189 cnm
1301 4132 1481 4192 detineretur

161 4220 189 4271 et
211 4213 335 4271 instaret
357 4213 419 4270 dies
440 4233 496 4286 quo
517 4212 722 4287 producendus
744 4217 824 4269 esset
843 4210 872 4268 in
893 4210 1041 4278 iudicium,
1065 4211 1185 4286 decepto
1205 4213 1334 4269 carceris
1350 4214 1479 4281 custode,

160 4293 207 4368 qui
230 4299 352 4369 accepta
373 4293 499 4368 pecunia
520 4293 685 4350 libertatem
702 4291 840 4349 maiorem
859 4298 1057 4360 concesserat,
1080 4291 1210 4365 aufugit;
1233 4293 1372 4352 reductus
1394 4300 1423 4352 et
1445 4294 1479 4351 ad

160 4375 316 4431 arctiorem
345 4392 492 4431 carcerem
515 4373 741 4440 condenrnatuS‚
771 4371 960 4447 complurium
984 4372 1093 4431 dierum
1122 4372 1223 4429 labore
1251 4372 1340 4432 scivit
1368 4394 1479 4432 murum

160 4454 312 4529 perfodere
334 4460 364 4511 et
384 4453 550 4529 periculoso
573 4453 650 4510 saltu
672 4452 837 4510 libertatem
860 4451 915 4509 sibi
938 4453 1032 4509 denuo
1053 4452 1213 4510 vindicare.

161 4560 336 4629 Quaanrrua
359 4563 387 4618 1⁰
413 4560 482 4634 quid
502 4560 592 4617 liceat
613 4579 662 4616 reo
685 4559 764 4615 circa
785 4559 885 4631 fugam
908 4565 937 4615 et
960 4557 1038 4615 circa
1060 4576 1183 4632 poenam
1207 4558 1420 4617 declinandam,

358 4651 387 4706 2ο
413 4649 479 4724 quid
502 4648 538 4706 de
560 4647 677 4706 lasonio
702 4647 822 4722 eiusque
843 4646 1000 4705 violentiis
