3106 5168
237 295 381 351 censurae.
401 327 434 336 -
454 297 655 352 Excommnnic.
675 317 710 353 ex
729 302 898 368 oppressione
916 301 1013 354 Eccles.
1034 303 1119 354 eiusce
1136 301 1270 353 iurisdict.
1349 301 1414 366 523

93 471 327 556 impossibilem
359 473 557 539 reddidisse:
593 474 678 556 quod
712 473 782 538 sine
815 472 911 538 dubio
943 476 995 538 est
1028 472 1185 556 impedire
1218 473 1415 540 iurisdictio·

93 582 169 625 nem
200 561 472 640 ecclesiasticam,
504 583 599 645 quarn
630 563 807 629 tribunalia
829 562 977 627 Romans
1004 566 1236 640 exercuerunt,
1267 567 1302 628 et
1331 585 1414 642 eam,

94 671 193 731 quam
223 650 383 718 facultate
407 651 518 717 donati
547 651 736 717 sacerdotes
766 672 807 717 ex
831 651 1036 733 delegatione
1066 671 1220 716 exercere
1241 652 1415 719 voluerant

95 744 138 892 eti
160 740 354 893 gebgerant.
416 739 523 817 Quare
558 741 699 807 occurrit
732 740 819 805 idem
852 761 1064 824 responsum,
1098 740 1185 822 quod
1217 740 1329 806 datum
1364 746 1416 808 est

95 848 115 892 a
193 880 200 895 .
248 882 255 895 .

183 931 222 997 R.
237 935 267 999 5.
283 932 321 997 In
331 932 445 998 ultimo
456 932 602 998 facinore
612 933 769 999 habemus
781 933 1041 998 falsificationem
1053 932 1216 1015 insignem
1228 933 1413 999 litterarum
1425 944 1470 1000 lot

96 1021 278 1105 supplicum
307 1041 365 1086 seu
396 1042 506 1086 earum
538 1023 764 1088 concessionis,
811 1022 994 1087 Videndum
1018 1027 1085 1100 est,
1116 1043 1192 1086 num
1224 1022 1289 1087 ista
1321 1021 1413 1088 falsi-

94 1110 204 1176 ficatio
229 1110 522 1192 comprehendatur
545 1133 575 1176 n.
595 1113 613 1176 9
638 1133 700 1177 ser.
718 1111 733 1176 Ι
753 1111 860 1176 bullae
876 1114 985 1196 Apost.
1002 1112 1105 1194 Sedis,
1122 1111 1177 1175 ubi
1194 1112 1415 1177 excommuni-

96 1199 184 1265 catio
213 1198 320 1264 fertur
347 1199 380 1263 in
408 1220 538 1278 ,omnes
561 1200 712 1264 falsarios
742 1199 926 1265 litterarum
956 1200 1226 1284 apostolicarum,
1258 1201 1357 1266 etiam
1380 1201 1414 1266 in

95 1290 202 1352 lomna
225 1287 343 1366 brevis,
368 1309 406 1352 ac
429 1291 695 1373 supplicationem
717 1293 856 1375 pretinm
880 1288 932 1353 vel
962 1289 1121 1354 iustitiam
1151 1293 1413 1372 concernentium,

94 1398 155 1460 per
178 1376 216 1444 R.
240 1376 431 1441 Pontificem
454 1377 507 1440 vel
532 1377 563 1442 S.
589 1378 625 1443 Ε.
650 1378 688 1442 lt.
714 1377 1042 1455 ViceCancellarios,
1067 1399 1126 1442 seu
1149 1381 1302 1459 gerentes
1325 1378 1415 1444 vices

96 1487 218 1541 eorum,
243 1474 299 1529 ont
322 1467 362 1530 de
384 1467 536 1531 mandato
560 1468 698 1532 eiusdem
721 1468 761 1533 R.
786 1469 950 1552 Pontifices
979 1471 1179 1552 siceratornrn
1196 1519 1203 1533 .
1222 1519 1228 1533 .
1249 1465 1276 1533 .“
1324 1467 1414 1544 Quae

96 1555 198 1619 verba
221 1554 247 1618 si
271 1554 467 1619 conferimus
490 1575 563 1619 cum
587 1556 774 1621 narratione
797 1577 893 1621 casus
915 1557 1035 1632 nostri,
1066 1555 1222 1621 habemus
1246 1555 1415 1623 evidenter

95 1647 218 1709 litteras
254 1647 410 1728 supplices
438 1647 578 1730 pretione
609 1653 827 1710 concernentes
856 1667 893 1710 en
928 1646 1079 1710 mandato
1110 1646 1150 1710 R.
1174 1646 1338 1729 Pontificis
1369 1648 1415 1710 si-

93 1740 221 1819 qnatos,
246 1752 367 1815 easque
390 1753 410 1796 a
433 1733 555 1798 Licinio
579 1733 773 1814 gravissime
789 1733 990 1799 falsificatas.
1022 1733 1158 1799 Nullum
1182 1754 1260 1815 ergo
1284 1735 1416 1799 dubium

95 1824 163 1898 est,
188 1820 265 1903 quin
287 1821 320 1885 in
344 1820 457 1886 Licinii
480 1821 629 1886 ultimum
653 1821 779 1887 facinus
802 1826 929 1888 statuta
959 1822 1002 1888 sit
1024 1842 1131 1906 Poena
1154 1823 1416 1890 excommunica·

94 1910 195 1976 tionis
218 1909 350 1993 speciali
374 1910 469 1975 modo
494 1910 640 1976 Romano
663 1910 813 1976 Pontifici
836 1915 1036 1977 reservatae.

184 2032 238 2098 Au
254 2054 444 2110 consessus
470 2036 509 2098 2¹²²
532 2034 570 2099 R.
598 2037 625 2102 1.
672 2034 737 2099 Leo
760 2034 854 2111 XIII,
885 2056 945 2118 per
974 2033 1095 2099 bullam
1118 2036 1251 2100 Aeterni
1271 2035 1416 2100 Pastoris
1427 2044 1470 2099 rot

95 2122 273 2200 concessit,
304 2128 341 2189 ut
370 2143 466 2188 senes
496 2123 754 2207 septuagenarii,
786 2124 806 2190 i.
831 2144 859 2190 e.
884 2124 938 2207 qui
963 2125 1005 2190 70
1035 2144 1138 2190 annos
1169 2122 1414 2206 compleverint,

95 2233 182 2277 anno
205 2215 320 2278 sancto
343 2211 580 2294 indulgentiam
603 2212 734 2277 iubilaei
758 2213 807 2277 bis
830 2213 988 2297 lupatria
1011 2211 1131 2278 lucrari
1154 2211 1289 2296 possint,
1315 2216 1415 2294 atque

94 2300 202 2385 prima
224 2300 296 2366 vice
320 2300 361 2365 ad
384 2301 469 2364 hunc
493 2301 643 2365 effectum
660 2301 721 2366 sibi
737 2302 858 2383 eligere
874 2301 1001 2386 possint
1016 2300 1165 2384 quemvis
1180 2301 1415 2367 confessarium

95 2411 140 2455 ex
163 2389 353 2473 approbatis
375 2390 416 2454 ab
441 2389 604 2454 ordinario
628 2389 707 2468 loci,
743 2412 763 2454 a
787 2413 849 2472 quo
873 2391 1000 2456 absolvi
1023 2390 1157 2456 valeant
1183 2410 1222 2468 ,a
1246 2389 1413 2472 quibusvis

95 2479 241 2563 peccatis
264 2479 363 2543 etiam
379 2477 589 2563 Apostolicae
606 2479 681 2544 Sedi
697 2479 830 2562 speciali
846 2478 952 2544 forma
967 2478 1156 2555 reservatis,
1181 2483 1319 2563 excepto
1335 2499 1415 2545 casu

95 2568 241 2633 haeresis
263 2566 411 2632 formalis
434 2572 468 2633 et
492 2571 681 2634 externae“.
728 2568 807 2633 Cum
837 2569 966 2634 dicatur
994 2567 1180 2644 „absolvere
1204 2571 1414 2654 apeccotis“,

94 2656 299 2738 intellegitur
322 2656 421 2721 etiam
438 2656 598 2722 absolutio
622 2678 642 2721 a
666 2656 827 2733 censuris,
852 2658 879 2721 si
903 2678 987 2740 quae
1010 2657 1099 2724 latae
1122 2661 1199 2723 suut
1222 2657 1255 2722 in
1277 2661 1415 2741 peccata

96 2767 118 2809 a
141 2745 329 2828 paenitente
346 2745 528 2810 commissa.
561 2745 668 2822 Quare
692 2767 764 2810 cum
776 2745 919 2811 Licinius
942 2767 1054 2811 casum
1079 2751 1251 2828 exceptum
1267 2745 1414 2811 haeresis

95 2834 244 2899 formalis
268 2838 303 2899 et
325 2838 483 2899 externae
507 2856 571 2899 non
588 2834 795 2913 commiserit,
820 2835 898 2900 nihil
915 2837 1035 2913 obstat,
1060 2835 1137 2918 quin
1153 2835 1271 2917 ubique
1287 2834 1414 2900 absolvi

96 2923 241 3007 potuerit
263 2944 284 2988 a
307 2942 499 3005 quocunque
522 2924 731 2988 confessario.

187 3029 225 3095 R.
244 3031 273 3094 2.
305 3028 456 3094 Condicio
477 3033 585 3114 priene
609 3029 803 3106 necessaria,
828 3033 864 3095 ut
879 3028 1021 3093 Licinius
1037 3028 1162 3093 absolvi
1185 3032 1306 3111 posset,
1331 3032 1413 3105 erat,

96 3120 135 3182 ut
150 3117 235 3182 serio
248 3118 349 3183 vellet
364 3118 484 3182 lucrari
500 3117 736 3199 indulgentiam
752 3117 883 3183 iubilaei
897 3118 1044 3199 adeoque
1059 3116 1194 3201 implere
1209 3137 1309 3200 opera
1324 3116 1366 3181 ad
1381 3116 1414 3182 id

95 3207 312 3291 praescripta.
344 3206 444 3285 Quae,
469 3211 505 3273 ut
521 3229 563 3271 ex
580 3206 668 3271 bulla
688 3207 843 3284 ,Aeterni
859 3206 1024 3271 Pastoris“
1043 3209 1147 3288 patet,
1172 3209 1267 3271 erant
1282 3209 1415 3289 praeter

95 3295 230 3377 dignam
259 3300 538 3362 sacramentorum
565 3299 781 3381 paenitentiae
812 3305 839 3361 et
862 3299 895 3363 S.
920 3296 1145 3362 Eucharistiae
1173 3294 1414 3378 susceptionem

91 3406 203 3469 preces
223 3385 362 3467 fundere
392 3387 436 3449 od
466 3393 643 3450 consuetam
666 3388 868 3450 intentionem
892 3386 924 3451 S.
950 3384 1123 3467 Pontifices,
1147 3389 1181 3451 et
1203 3384 1274 3448 loeo
1298 3382 1414 3449 visita·

95 3472 196 3537 tionis
225 3473 432 3538 basilicarum
457 3473 556 3539 Urbis
578 3473 714 3557 implere
737 3496 834 3559 opera
858 3476 897 3539 cb
921 3476 1091 3538 ordinario
1121 3476 1181 3538 toci
1207 3476 1271 3537 sice
1297 3495 1360 3560 per
1381 3495 1414 3538 se

95 3565 161 3627 siue
181 3584 246 3647 per*
261 3563 491 3644 confessoriam
513 3566 723 3648 praescripta.

187 3659 412 3725 Condicionem
444 3662 575 3725 alteram
600 3661 631 3726 S.
656 3659 809 3725 Pontifex
838 3658 871 3723 in
903 3659 991 3724 bulla
1014 3659 1149 3724 laudata
1172 3662 1414 3737 commemorat,

96 3747 208 3813 dicens
245 3748 415 3833 ,imposita
445 3748 648 3832 paenitentia
678 3748 814 3814 salutari
847 3747 984 3831 aliisque
1006 3747 1100 3814 iuxta
1124 3747 1297 3813 canonicas
1320 3769 1415 3814 sanc·

95 3837 203 3902 tiones
226 3843 401 3919 rectaeque
417 3837 605 3920 disciplinae
631 3838 761 3916 regulas
784 3836 1022 3919 iniungendis“.
1055 3837 1167 3902 Videri
1191 3836 1291 3918 igitur
1307 3837 1413 3915 debet,

95 3947 174 3991 num
197 3926 283 3992 forte
300 3931 433 4010 propter
447 3927 577 4011 publica
593 3928 649 3992 illa
664 3930 800 4010 peccata
816 3926 1043 4009 publicumque
1060 3927 1249 3992 scandalum
1265 3927 1414 3991 Leandro

96 4017 258 4097 quaedam
273 4016 471 4099 iniungenda
487 4017 618 4090 luerint,
637 4037 717 4080 esve
735 4020 812 4081 ante
828 4016 1075 4084 absolutionem.
1112 4016 1222 4092 Casus,
1240 4015 1324 4081 sicut
1339 4035 1416 4078 nar-

95 4108 207 4182 ratur,
239 4105 318 4170 nihil
342 4105 465 4171 indicat
497 4105 536 4168 de
560 4105 689 4188 publica
711 4104 824 4169 Licinii
848 4104 1094 4170 denuntiatione
1117 4105 1170 4169 vel
1194 4103 1415 4169 excommnni-

96 4193 226 4259 catione
249 4194 439 4260 nominatim
463 4194 562 4259 facta.
610 4194 748 4276 Exque
778 4193 859 4259 satis
889 4198 983 4278 patet
1015 4198 1120 4259 totam
1151 4214 1217 4257 rem
1242 4192 1283 4256 sd
1307 4191 1415 4257 forum

95 4283 260 4366 publicum
284 4305 348 4349 non
372 4283 544 4349 deductam
568 4304 640 4348 esse
664 4304 769 4364 neque
793 4283 966 4348 deductum
989 4283 1040 4348 iri.
1080 4283 1168 4363 Ergo
1192 4280 1333 4345 Licinius
1357 4302 1415 4346 ne-

96 4371 222 4453 gotium
246 4393 339 4437 suum
363 4393 557 4456 componere
579 4376 711 4456 poterat
734 4372 767 4435 iu
788 4372 860 4436 foro
883 4372 1021 4448 interno,
1046 4375 1144 4451 atque
1168 4369 1261 4453 proin
1284 4370 1415 4435 absolu-

95 4461 186 4527 tione
209 4461 399 4527 confessarii
423 4466 595 4529 contentus
619 4481 700 4526 esse.

185 4559 308 4624 Verum
337 4561 409 4642 ipsa
440 4565 575 4642 peccata
600 4561 733 4642 patrata
757 4557 914 4623 eiusmodi
937 4560 1031 4633 suut,
1066 4560 1102 4622 ut
1132 4555 1296 4639 publicum
1319 4565 1470 4620 scau-105

94 4647 206 4713 delum
236 4648 384 4713 dederint
416 4653 515 4729 atque
549 4649 668 4713 damna
700 4647 881 4713 intulerint.
928 4646 1133 4730 Quapropter
1167 4650 1256 4712 certe
1286 4643 1414 4728 publico
