3106 5168
134 255 154 316 4
638 248 678 303 De
696 247 802 303 actibus
820 247 954 302 humanis.

223 426 262 491 n.
288 427 317 491 2.
354 423 387 491 si
411 430 520 491 autem
544 424 724 509 periculum
748 423 918 491 ebrietatis
941 423 1023 489 satis
1046 423 1201 501 advertit,
1226 423 1337 488 debuit
1360 428 1460 489 antea

133 535 202 579 rem
227 513 342 579 melius
366 512 588 591 considerare,
620 534 725 595 neque
749 533 791 578 ex
815 534 852 578 eo
877 512 972 579 desiit
996 512 1138 579 ebrietas
1165 533 1237 578 esse
1268 511 1460 595 simpliciter

134 602 336 680 voluntaria,
362 603 447 684 quod
470 624 491 668 a
513 602 678 668 sodalibus
700 601 853 668 inductus
875 601 935 676 sit;
959 602 1187 685 repugnantia,
1212 622 1308 684 quam
1333 601 1459 678 habuit,

30 724 36 741 »
133 713 198 756 non
228 691 292 756 fuit
321 691 423 769 seria,
457 692 513 756 aed
546 691 688 758 reddidit
720 691 912 757 ebrietatem
945 690 1171 757 tantummodo
1204 690 1459 756 involuntariam

134 780 311 846 secundum
335 781 411 862 quid
434 801 491 845 seu
515 781 675 846 inefficaci
699 780 868 847 velleitate
890 779 1154 846 involuntariam.

223 885 261 951 R.
279 889 309 952 3.
349 884 507 952 Similiter
522 885 607 967 quod
631 889 759 951 tractus
782 885 825 951 sit
843 885 885 951 ad
908 884 1034 951 lasciva
1049 885 1190 963 theatra,
1214 883 1361 966 intellegi
1382 888 1459 949 tan-

133 979 202 1042 tum
228 979 338 1059 potest
361 975 401 1039 de
416 974 532 1040 morali
548 974 688 1057 quadam
706 974 882 1052 coactione,
908 995 991 1056 quae
1014 974 1146 1056 reliquit
1162 994 1273 1038 eorum
1289 976 1460 1056 aspectum

134 1064 326 1148 simpliciter
341 1064 571 1130 voluntarium.
589 1102 632 1111 —
655 1063 739 1128 Hinc
755 1084 819 1128 non
836 1084 878 1128 ex
893 1063 1021 1129 ratione
1037 1063 1247 1128 involuntarii
1264 1062 1332 1146 peti
1348 1065 1461 1145 potest

134 1174 233 1241 causa
256 1174 417 1218 excusans
433 1175 453 1219 a
468 1157 604 1236 peccato
621 1173 724 1235 eoque
745 1153 797 1217 vel
821 1152 926 1234 gravi.
964 1152 1052 1217 Num
1069 1152 1134 1218 alia
1150 1172 1259 1228 causa,
1285 1172 1368 1233 quae
1384 1171 1459 1216 eum

134 1263 154 1307 a
177 1242 271 1324 gravi
301 1246 437 1325 peccato
462 1247 615 1319 excuset,
647 1241 733 1306 adsit
757 1240 854 1324 (quod
880 1242 1020 1307 fortasse
1045 1261 1150 1323 neque
1173 1240 1362 1306 scandalum
1386 1239 1461 1304 aliis

133 1331 260 1396 dederit
284 1351 388 1412 neque
403 1352 462 1414 pro
479 1352 515 1396 se
530 1351 633 1413 grave
649 1330 779 1396 labendi
802 1330 981 1414 periculum
997 1329 1195 1411 incurrerit),
1220 1329 1296 1394 alibi
1313 1330 1459 1395 docetur.

222 1436 260 1502 R.
279 1438 309 1501 4.
349 1435 459 1502 Etiam
482 1434 515 1500 in
538 1435 720 1518 posteriore
739 1455 826 1513 casu,
850 1435 964 1517 inquo
988 1434 1099 1517 agitur
1122 1434 1161 1499 de
1185 1432 1333 1516 eligendo
1358 1434 1460 1518 depu-

133 1529 223 1602 tato,
256 1546 356 1591 causa
379 1545 463 1607 quae
487 1529 661 1590 excusaret
684 1545 704 1588 a
727 1528 905 1590 volurdnrio
935 1545 999 1589 non
1030 1524 1134 1589 adest.
1181 1523 1350 1588 Amandus
1373 1524 1459 1588 enim

134 1613 235 1678 libere
259 1614 387 1679 demum
411 1613 482 1678 viro
512 1613 568 1680 isti
591 1613 782 1695 suffragium
807 1613 906 1679 dedit.
952 1612 1132 1678 Excusatio
1155 1611 1256 1694 igitur
1280 1633 1300 1676 a
1322 1617 1460 1695 peccato

133 1723 238 1785 neque
263 1703 296 1767 in
319 1703 380 1768 hoc
404 1724 481 1768 casu
505 1703 546 1767 ab
570 1701 790 1767 involuntario
813 1702 881 1786 peti
905 1706 1024 1786 potest.
1071 1701 1158 1766 Num
1183 1722 1261 1765 vero
1284 1722 1327 1765 ex
1350 1701 1463 1784 aliqua

133 1812 233 1856 causa
256 1792 351 1874 gravi
373 1791 503 1857 licuerit
525 1791 601 1857 huic
624 1791 814 1868 candidato,
840 1791 902 1857 etsi
926 1791 969 1855 sit
991 1789 1126 1874 impius,
1150 1810 1231 1873 prae
1254 1790 1317 1854 alio
1342 1791 1460 1856 volun-

132 1881 217 1946 tarie
242 1885 353 1946 votum
379 1881 466 1958 dare,
492 1881 591 1946 etiam
615 1881 676 1944 hoc
699 1883 815 1963 postea
838 1879 1074 1946 discutiendum
1099 1883 1159 1945 est.

470 2096 797 2165 VOLUNTARIUM
825 2098 881 2163 ET
905 2097 1115 2164 VOLITUM.

704 2254 814 2321 casus.
843 2261 882 2329 (3)

223 2386 311 2447 Gaius
332 2406 426 2463 nuper
446 2386 565 2462 reliquit
585 2392 675 2446 noctu
695 2386 813 2446 ianuam
835 2391 977 2461 apertam,
1000 2403 1074 2460 quae
1089 2384 1170 2443 ducit
1190 2385 1227 2444 ad
1249 2385 1383 2444 aedificia
1404 2404 1461 2444 sua

132 2466 258 2534 rustica,
289 2468 341 2526 sad
361 2467 448 2525 simul
469 2468 581 2526 aditum
602 2470 740 2543 praebet,
768 2485 858 2525 unum
880 2465 1085 2542 expluribus,
1114 2465 1150 2523 ad
1173 2464 1262 2524 aedes
1290 2465 1336 2523 sui
1358 2465 1459 2527 vicini.

132 2547 219 2605 Hunc
240 2547 356 2606 viderat
376 2546 555 2606 incuriosum
576 2546 606 2605 in
625 2546 788 2605 claudenda
803 2546 897 2616 domo,
919 2564 955 2603 ac
968 2549 1125 2622 propterea
1140 2545 1329 2616 desideravit,
1352 2551 1384 2604 ut
1404 2566 1460 2623 per

131 2626 248 2703 insigne
269 2629 379 2686 furtum
400 2646 512 2703 poenas
533 2626 664 2686 incuriae
685 2627 846 2703 reciperat:
869 2625 945 2702 quod
966 2626 1017 2684 illa
1036 2629 1123 2684 nocte
1144 2644 1176 2683 re
1190 2644 1262 2684 vera
1276 2626 1387 2684 factum
1403 2634 1459 2685 est.

220 2707 302 2765 Idem
324 2707 496 2766 adverterat
515 2711 627 2766 tectum
648 2706 751 2765 domus
772 2725 844 2765 suaa
865 2705 983 2781 aliquod
1005 2704 1211 2765 detrimentum
1232 2725 1353 2782 passum
1375 2725 1458 2774 asse;

132 2788 348 2863 raparationem
362 2792 511 2863 tamquam
525 2806 583 2846 non
598 2786 642 2844 ita
656 2791 808 2861 urgentem
823 2785 945 2845 distulit.
971 2785 1091 2844 Interea
1106 2789 1209 2844 exorto
1225 2786 1342 2845 turbina
1356 2787 1459 2861 tegula

133 2875 248 2926 etecto
271 2867 368 2926 soluta
390 2867 522 2942 graviter
542 2866 631 2925 laesit
653 2872 891 2943 praetereuntem
912 2865 1077 2925 inimicum:
1107 2885 1190 2941 quem
1213 2866 1346 2925 nuntium
1369 2866 1460 2926 (laius

132 2948 229 3006 laetus
251 2947 341 3007 audit.

221 3027 298 3085 Dein
319 3027 350 3085 in
372 3047 443 3102 agro
466 3047 519 3086 suo
539 3026 653 3097 dissito,
674 3045 826 3102 perquem
846 3025 1020 3085 transeundi
1041 3044 1127 3084 nemo
1149 3025 1194 3085 ius
1216 3026 1354 3095 habebat,
1375 3026 1461 3103 ponit

133 3107 206 3165 duas
228 3107 366 3184 capsulas
388 3126 453 3165 oum
475 3107 600 3166 materia
621 3105 784 3183 explosiva,
807 3106 938 3182 cupiens,
962 3111 995 3164 ut
1015 3105 1151 3164 inimicus
1171 3106 1314 3165 transiret
1335 3111 1365 3165 at
1386 3125 1459 3165 casu

134 3187 325 3247 occideretur.
362 3187 481 3246 Accidit
502 3206 533 3246 re
554 3187 628 3264 ipsa.
651 3191 684 3244 ut
704 3206 763 3245 non
783 3186 864 3245 solus
879 3185 942 3246 Gaii
962 3185 1107 3256 inimicus,
1131 3187 1181 3245 sed
1204 3186 1290 3244 etiarn
1314 3187 1390 3245 alius
1411 3187 1460 3245 vir

132 3267 249 3343 publice
270 3267 394 3327 nocivus
415 3273 588 3338 necaretur,
621 3285 706 3342 quem
727 3265 769 3324 ita
791 3285 809 3325 a
831 3286 863 3325 se
885 3286 900 3324 e
922 3266 1000 3324 vivis
1032 3266 1177 3325 sublatum
1201 3286 1268 3325 asse
1290 3266 1377 3325 (laius
1400 3266 1458 3325 sibi

131 3348 306 3423 gratulatur.

132 3451 309 3522 Quaamrun
330 3456 360 3511 1⁰
385 3453 453 3528 quid
474 3452 514 3511 sit
534 3452 656 3512 volitum
678 3457 709 3511 et
730 3452 873 3528 quomodo
896 3471 913 3510 a
934 3451 1101 3511 voluntario
1123 3451 1329 3526 distinguatur.

329 3551 359 3608 2⁰
385 3550 483 3609 sintne
505 3550 623 3626 singula
644 3551 726 3609 facta
747 3549 817 3609 Gaio
840 3550 1008 3609 voluntaria
1029 3549 1113 3625 cique
1134 3549 1327 3626 imputabilia.

727 3732 862 3799 Salutio.

106 3884 121 3936 7
220 3867 669 3942 aequissumum
716 3866 861 3932 Velitum
893 3870 944 3931 est
974 3865 1154 3931 voluntatis
1185 3865 1357 3931 obiectum.
1405 3867 1459 3931 Ex

132 3976 195 4037 quo
219 3956 376 4037 sequitur,
401 3955 569 4039 quodlibet
583 3955 803 4021 voluntarium
828 3975 901 4019 esse
925 3954 1023 4019 etiam
1040 3954 1188 4022 volitum.
1228 3954 1459 4036 Quodcumque

132 4043 216 4109 enim
240 4066 261 4109 a
284 4045 455 4111 voluntate
478 4066 550 4110 cum
575 4045 759 4127 cognitione
782 4044 855 4108 finis
879 4044 1042 4127 procedit,
1077 4044 1109 4108 in
1133 4044 1166 4108 id
1189 4044 1374 4108 necessario
1398 4066 1459 4110 vo-

131 4133 242 4200 luntas
266 4133 359 4199 utin
383 4133 544 4200 obiectum
568 4155 662 4198 suum
685 4133 801 4208 tendit,
825 4133 971 4214 adeoque
995 4139 1046 4199 est
1069 4134 1215 4199 volitum.

220 4240 259 4305 Il..
278 4241 307 4304 2.
343 4239 465 4304 Verum
489 4260 552 4303 non
569 4259 761 4303 econverso
779 4258 873 4302 omne
889 4237 1026 4303 volitum
1044 4242 1094 4304 est
1110 4238 1209 4304 etiam
1226 4238 1457 4306 voluntarium.

132 4328 218 4393 Nam
243 4329 347 4394 multa
369 4349 441 4393 esse
464 4333 601 4411 possunt
625 4327 805 4392 voluntatis
829 4326 966 4421 obieeta,
992 4349 1076 4408 quae
1100 4329 1274 4411 procedere
1298 4349 1317 4393 a
1341 4330 1458 4393 volun-

132 4422 203 4483 tate
233 4438 297 4482 non
325 4417 451 4500 possint
474 4438 577 4500 neque
601 4422 638 4482 ut
661 4419 797 4481 effectus
820 4416 1001 4483 voluntatis
1025 4417 1209 4481 ullomodo
1234 4417 1457 4484 intendantur.

133 4506 186 4572 Sic
208 4511 284 4588 post
302 4507 485 4572 diuturnam
510 4506 692 4572 siccitatem
717 4505 828 4588 pluvia
851 4510 968 4570 exorta
992 4505 1157 4587 agricolae
1181 4510 1231 4571 est
1255 4507 1367 4582 volita,
1393 4529 1458 4572 non

132 4595 327 4662 voluntaria.
374 4596 495 4662 Frins
518 4597 539 4662 l.
565 4617 592 4661 c.
616 4617 648 4662 n.
674 4597 732 4671 71;
762 4596 817 4661 To.
842 4619 881 4661 m.
907 4595 932 4671 I,
957 4598 986 4660 3.
