3106 5168
330 264 444 319 Votum:
463 263 633 319 condiciones
652 265 830 330 necessariae,
850 280 997 333 earumque
1014 263 1149 319 defectus.
1339 268 1400 335 131

165 439 229 506 Sed
251 439 404 523 quoniam
420 439 552 507 Amalia
574 444 711 525 peccata
733 440 887 507 mortalia
910 444 944 506 et
963 440 1115 519 venialia,
1139 439 1403 507 semideliberata

73 534 109 596 et
131 529 420 614 plenedeliberata,
445 551 509 595 non
526 529 688 608 distinxit,
711 530 768 594 sed
792 550 852 613 per
874 531 1006 596 modum
1024 529 1119 595 unius
1137 530 1304 612 quaelibet
1326 551 1403 615 pec·

73 625 153 686 cata
175 619 347 703 complexa
377 623 444 697 est,
475 623 651 704 propteroa
674 621 788 685 votum
810 618 1024 703 probabiliter
1046 619 1174 684 ratione
1197 618 1315 686 obiecti
1341 619 1403 684 irn-

73 706 238 792 possibilis
261 711 446 794 simpliciter
467 713 520 775 ost
543 711 675 774 collum.
723 708 755 775 S.
779 706 896 792 Alph.
919 707 976 786 ΙΙΙ,
1002 710 1083 783 203;
1115 709 1172 774 Tb.
1196 730 1237 774 m.
1261 709 1282 776 1.
1303 729 1330 775 c.

164 815 203 881 R.
228 817 259 880 4.
298 814 421 883 Votum
444 813 642 881 inserviendi
666 814 779 893 Saor0,
805 815 868 881 etsi
889 813 1063 897 intellegat
1085 814 1156 880 sola
1179 835 1338 899 responsa
1360 835 1403 880 ex

73 903 250 988 longinquo
282 903 406 978 danda,
436 925 502 969 non
531 908 642 987 potest
671 903 784 969 haberi
813 926 872 990 pro
901 903 1019 971 valido.
1066 902 1152 969 Nam
1182 903 1326 987 puellam
1356 904 1404 968 sic

72 993 261 1059 ministrare
285 998 337 1060 est
359 993 496 1059 rubricis
520 992 730 1071 contrarium,
755 995 855 1076 atque
878 992 983 1059 solum
1007 1013 1050 1058 ex
1073 991 1183 1075 aliqua
1205 992 1402 1059 necessitate

72 1083 106 1148 id
130 1082 241 1148 licebit
264 1085 298 1147 et
322 1103 363 1147 811
390 1081 610 1167 indulgentia,
640 1082 667 1147 si
698 1082 793 1148 modo
824 1084 865 1149 ad
895 1082 1001 1148 altare
1031 1101 1096 1147 non
1119 1082 1265 1148 accedat.
1312 1081 1403 1160 Quae

72 1171 255 1238 necessitas
285 1171 399 1255 nequit
421 1192 493 1238 8888
516 1170 690 1238 cotidiana.
737 1171 804 1237 Res
826 1170 929 1254 igitur
949 1168 1111 1256 promissa
1137 1191 1201 1235 non
1225 1174 1277 1237 est
1305 1172 1403 1255 plene

72 1261 165 1328 licita
188 1281 246 1326 seu
268 1259 418 1338 honesta,
443 1282 483 1326 ae
506 1260 641 1345 proinde
664 1259 760 1327 huius
782 1261 830 1326 rei
853 1263 966 1326 votum
990 1259 1024 1324 in
1047 1280 1084 1325 88
1106 1259 1241 1326 nullum.

311 1477 417 1544 VOTI
442 1477 666 1546 ossluuTUM
690 1477 746 1543 ΕΤ
770 1476 1165 1546 CHtCUMSTANTIAE.

641 1634 752 1701 (lasus.
780 1641 838 1711 (vu)

165 1771 303 1844 Claudia,
330 1779 436 1832 exorta
457 1773 523 1833 rixa
544 1780 574 1833 et
594 1774 751 1834 aversione
773 1793 791 1833 a
812 1774 979 1846 sodalibus,
1000 1778 1091 1834 vovet
1111 1793 1145 1833 se
1165 1791 1324 1850 numquam
1344 1792 1403 1834 8111·

73 1855 151 1933 plius
166 1854 355 1913 visitaturam
369 1854 447 1913 hanc
462 1854 577 1914 domum
592 1854 730 1926 vicinam,
751 1854 853 1930 inqua
874 1854 989 1914 scilicet
1009 1853 1106 1914 inutili
1126 1854 1193 1913 lusu
1213 1872 1273 1912 non
1291 1873 1403 1930 paucas

72 1937 164 1996 horas
192 1934 333 2004 triverat;
361 1940 520 2010 propterea
547 1935 684 2010 religioni
712 1934 769 1994 sibi
797 1934 878 1993 ducit
904 1940 1010 2011 postea
1030 1933 1155 1993 visitare
1182 1938 1336 2010 aegrotam
1362 1933 1403 1994 ibi

73 2016 305 2075 decumbentem.

166 2093 238 2154 (lum
260 2093 375 2153 audiret
401 2099 516 2170 patrem
546 2114 631 2153 sunm
658 2094 823 2171 periculoso
853 2095 954 2154 morbo
976 2098 1147 2169 aegrotare,
1176 2093 1261 2153 vovit
1288 2112 1322 2153 se
1349 2113 1404 2172 per

73 2194 185 2233 anuum
215 2174 341 2249 singulis
370 2173 504 2233 sabbatis
533 2174 746 2245 ieiunaturam,
776 2175 803 2233 si
832 2180 918 2251 pater
948 2174 1057 2233 evadat
1083 2173 1253 2243 incolumia3
1283 2173 1332 2250 qui
1360 2174 1403 2233 in·

74 2254 200 2314 columis
215 2254 322 2324 evasit,
344 2271 410 2313 cum
427 2253 486 2312 levi
500 2255 575 2313 febri
596 2259 712 2314 tantum
727 2259 929 2330 aegrotasset:
951 2259 1065 2330 postea,
1087 2253 1185 2313 taedio
1200 2253 1282 2314 vitae
1302 2272 1402 2313 saecu·

72 2335 148 2394 laris
169 2341 258 2411 atque
279 2334 346 2393 odio
366 2353 513 2394 novercae
533 2336 650 2406 affecta,
672 2340 706 2394 ut
726 2335 794 2394 huic
814 2354 878 2394 18111
896 2334 983 2394 valde
1006 2334 1155 2410 ingratam
1176 2335 1298 2405 faceret,
1320 2335 1404 2394 vovit

73 2414 214 2491 amplecti
234 2414 402 2474 institutum
424 2433 557 2474 sororum
578 2415 806 2475 misericordiae.

166 2493 230 2565 Quo
244 2495 348 2554 molius
371 2514 403 2554 88
424 2494 460 2554 ad
477 2500 588 2554 statum
603 2495 774 2571 religiosum
794 2499 953 2572 praeparet
973 2499 1002 2554 et
1019 2494 1121 2553 vincat
1134 2493 1238 2553 vitium
1256 2493 1403 2565 luxuriae,

75 2575 113 2634 ad
128 2575 205 2651 quod
219 2575 381 2651 proclivem
395 2594 428 2634 se
443 2574 543 2646 sentit,
564 2576 710 2653 promittit
732 2595 764 2634 se
785 2575 832 2634 bis
852 2574 1048 2634 ieiunaturam
1070 2573 1100 2632 in
1121 2593 1198 2651 pane
1220 2578 1250 2632 et
1270 2593 1356 2649 aqua,
1378 2573 1404 2633 si

74 2675 128 2733 per
148 2674 205 2714 sex
225 2674 343 2714 menses
363 2673 418 2732 per
437 2655 493 2714 Dei
514 2655 642 2730 gratiam
663 2658 700 2714 ab
722 2655 800 2716 omni
820 2659 944 2732 peccato
966 2660 1071 2714 contra
1091 2654 1262 2713 oast'tatem
1283 2658 1405 2713 servata

74 2735 166 2795 fuerit
185 2734 339 2806 immunis3
361 2754 462 2794 vorum
483 2754 521 2793 118
541 2735 600 2796 isto
617 2741 688 2794 voto
709 2740 856 2806 teneatur,
877 2735 980 2794 ultimo
1002 2734 1049 2794 die
1070 2735 1148 2793 sexti
1169 2734 1280 2793 mensis
1301 2753 1339 2792 ex
1360 2735 1404 2792 in·

74 2816 191 2875 dustria
211 2821 325 2892 peccat.

74 2922 254 2993 Quaeremus
276 2925 305 2981 1⁰
329 2921 398 2998 quid
419 2921 455 2980 de
476 2921 592 2981 obiecto
613 2921 675 2979 voti
695 2921 856 2979 notandum
878 2920 925 2979 sit.

275 3013 305 3069 2ο
330 3010 473 3086 quomodo
496 3010 608 3085 obliget
627 3013 729 3068 votum
750 3008 996 3069 condicionatum.

275 3101 306 3159 3ο
331 3100 430 3159 sintne
451 3098 550 3157 valida
572 3102 643 3157 vota
663 3096 811 3158 Claudiae.

673 3281 808 3348 solutio.

166 3425 218 3490 An
242 3444 434 3500 cunssrrun
461 3427 496 3488 lm
520 3423 559 3489 R.
606 3423 676 3489 lam
699 3443 799 3506 supra
822 3422 945 3489 dictum
974 3426 1026 3489 cst
1048 3424 1162 3487 votum
1186 3421 1304 3487 debere
1331 3435 1464 3491 8888261

75 3515 115 3581 de
139 3515 224 3579 bono
248 3513 391 3578 meliore.
426 3511 621 3578 Accuratius
644 3516 756 3579 tamen
774 3510 980 3578 condiciones
1003 3511 1050 3578 rei
1074 3510 1137 3576 hae
1160 3515 1403 3590 enumerantur,

75 3624 161 3686 quae
185 3601 311 3669 faciant
334 3606 447 3668 votum
470 3601 612 3666 nullum:

168 3710 200 3791 1)
224 3729 278 3774 188
299 3707 519 3792 impossibilis,
543 3707 640 3788 idque
664 3727 728 3770 non
750 3706 855 3771 solum
876 3705 1021 3790 physice,
1045 3705 1218 3771 sedetiam
1235 3705 1405 3773 moraliter

73 3797 302 3884 impossibilis,
333 3797 492 3882 spectatis
516 3795 639 3860 viribus
662 3794 821 3862 humanis.
870 3796 980 3861 Solum
1002 3794 1111 3861 notari
1134 3795 1247 3873 debet,
1274 3794 1403 3877 quando

75 3889 188 3972 agitur
211 3887 250 3952 de
273 3890 365 3953 statu
387 3908 448 3971 per
470 3891 550 3952 vota
572 3889 759 3968 assumpte,
790 3884 817 3949 si
842 3884 971 3967 quando
994 3888 1110 3969 postea
1132 3883 1229 3949 alicui
1253 3883 1405 3950 videatur

75 3977 155 4043 oriri
178 3975 312 4042 moralis
334 3975 590 4059 impossibilitas,
616 3996 688 4039 eum
712 3977 889 4058 propterea
911 3995 976 4040 non
1000 3973 1083 4039 solvi
1107 3976 1241 4039 aetatu
1268 3995 1327 4038 suo
1350 3973 1403 4038 vel

74 4066 180 4144 votis,
211 4064 269 4131 sed
299 4064 438 4147 obligari
468 4064 510 4130 ad
533 4063 716 4129 adhibenda
740 4063 862 4142 media,
894 4063 1010 4146 quibus
1033 4084 1106 4130 cum
1129 4061 1190 4128 Dei
1214 4062 1324 4146 gratia
1346 4062 1404 4128 illa

74 4153 323 4240 impossibilitas
345 4153 479 4220 moralis
502 4153 673 4220 auferatur
695 4173 753 4217 seu
777 4152 938 4218 vincatur.

167 4253 201 4334 2)
231 4272 284 4316 res
315 4251 476 4317 obiective
504 4252 601 4336 plene
630 4249 818 4316 indifferens
848 4250 901 4315 vel
930 4249 1071 4317 inutilis:
1102 4248 1285 4331 -quibus
1314 4248 1403 4313 Deus

75 4342 230 4409 honorari
254 4341 377 4423 nequit.

166 4441 202 4521 3)
225 4439 327 4505 multo
350 4438 457 4522 magis
480 4458 534 4503 res
556 4437 626 4503 sive
656 4458 699 4502 ex
729 4456 765 4501 88
795 4436 866 4501 sive
893 4457 937 4502 ex
959 4435 1214 4503 circumstantiis
1237 4433 1334 4500 mala.
1359 4469 1403 4480 -

77 4529 141 4596 Sed
168 4529 223 4595 fac
246 4528 401 4595 attendas
423 4527 476 4592 vel
507 4548 576 4592 rem
601 4547 684 4608 quae
707 4525 921 4610 promittatur
944 4525 1159 4609 praestanda,
1188 4524 1241 4588 vel
1266 4522 1402 4586 circum-

77 4618 235 4687 stantiam
251 4617 321 4684 sive
336 4618 433 4683 finem
450 4637 533 4699 quae
555 4616 588 4681 in
605 4637 645 4681 ea
660 4614 860 4700 praestanda
876 4619 1060 4692 occurrant,
1084 4614 1201 4679 debere
1217 4633 1289 4677 esse
1305 4610 1402 4687 mala,

1151 4717 1188 4771 9*
