3106 5168
151 308 211 373 126
361 303 402 358 De
420 302 569 359 virtutibus
587 305 616 357 et
633 301 732 357 offleiia
750 318 816 371 erga
834 301 930 357 Deum.
948 330 986 342 -
997 301 1095 358 Virtus
1111 300 1260 371 religionis.

147 491 248 549 11111111
271 482 393 548 Gallico
419 489 445 547 ut
467 481 592 568 Belpteo
616 501 701 545 111111
724 482 822 563 1817,
847 481 885 546 de
907 483 1086 547 iuramento
1101 483 1272 547 Austriuco
1287 482 1386 565 1869,
1411 483 1472 546 ete.

149 571 235 655 apud
265 570 533 654 Roskovany,
561 569 811 655 independenter
835 576 946 654 potest.
971 571 1096 653 eoelaa.;
1124 568 1394 653 Bouquillon,
1425 569 1475 635 De

148 664 263 727 virtute
285 662 447 746 ratipionie
470 681 501 726 n.
522 659 588 724 683
606 679 694 741 sqq.;
719 657 890 742 Vering,
914 659 1167 747 Kirctenreolrt⁶
1190 658 1208 741 5
1227 661 1281 738 61,
1304 680 1336 724 n.
1348 657 1406 724 VI.

87 787 137 842 251
240 774 277 841 R.
298 777 328 841 3.
366 775 589 840 Iuramentum
605 776 732 840 tertium
748 772 789 838 de
804 772 1068 857 peregrinatione
1082 772 1384 858 Hierosolymitana
1402 793 1475 839 aum

149 864 253 931 amico
276 863 479 931 instituenda
500 863 643 949 penitius
666 861 900 947 dispiciendum
923 866 984 942 est,
1008 862 1037 928 si
1055 861 1243 940 Quadratus
1258 861 1348 947 cupit
1371 862 1413 928 ab
1436 881 1474 927 eo

148 953 291 1020 liberari.
337 953 425 1019 Nam
454 953 481 1019 si
512 953 618 1019 solum
648 951 839 1017 comitatum
869 950 965 1017 amici
994 951 1157 1037 respexit,
1190 954 1228 1018 ut
1258 950 1311 1017 1111
1339 950 1477 1018 haberet

149 1042 289 1120 socium,
319 1063 385 1108 non
416 1046 527 1109 autem
556 1040 724 1127 propriam
746 1040 951 1107 devotionem
976 1040 1030 1106 vel
1060 1041 1183 1108 uultum
1207 1037 1368 1107 divinum:
1396 1059 1477 1106 sane

151 1129 307 1213 obligatio
330 1131 506 1197 iuramenti
528 1129 753 1215 principaliter
776 1134 827 1197 est
856 1129 890 1194 in
912 1128 1062 1196 favorem
1085 1129 1198 1207 amici,
1229 1132 1329 1212 atque
1352 1129 1477 1194 amicus

150 1220 235 1286 hano
259 1219 490 1303 obligationem
515 1224 621 1286 totam
644 1219 796 1285 relaxare
826 1221 953 1303 potest,
983 1218 1081 1301 idque
1110 1241 1170 1304 pro
1193 1218 1287 1285 libitu
1317 1217 1388 1284 sine
1411 1218 1478 1284 ulla

150 1310 216 1376 alia
238 1309 374 1376 ratione.
399 1349 443 1358 —
467 1309 501 1375 Si
519 1330 598 1375 vero
619 1308 805 1386 Quadratus
821 1307 1118 1391 peregrinationem
1132 1306 1241 1393 potius
1257 1307 1478 1375 mnsideravit

151 1402 188 1464 ut
211 1398 372 1464 actionem
396 1398 485 1482 piam
506 1397 541 1462 in
564 1398 687 1464 cultum
707 1397 768 1463 Dei
792 1397 1007 1463 exercendam
1032 1401 1132 1480 atque
1155 1399 1325 1464 1111111νί1
1348 1400 1479 1463 tantum

151 1492 188 1554 ut
211 1486 307 1552 amici
330 1488 602 1566 consolationem,
634 1486 756 1553 amicus
779 1486 996 1554 iuramentum
1020 1487 1173 1553 relaxare
1196 1507 1261 1553 non
1284 1488 1411 1572 potest,
1442 1490 1479 1552 at

151 1596 257 1660 neque
271 1577 457 1655 Quadratus
481 1577 576 1643 amici
592 1576 688 1642 venia
711 1597 792 1660 opus
816 1576 915 1642 habet
938 1576 996 1641 sed
1020 1598 1058 1642 ex
1080 1579 1166 1642 iustu
1189 1597 1289 1642 cauae
1311 1576 1353 1642 ab
1377 1574 1478 1641 eecle-

151 1666 286 1733 siastico
301 1665 499 1733 auctoritate
514 1671 625 1749 potest
636 1664 913 1748 dispensationem
928 1664 1085 1749 accipere.
1098 1703 1141 1713 —
1159 1663 1279 1743 Quodsi
1292 1663 1479 1743 Quadratus

152 1762 320 1839 utrumque
338 1778 398 1841 per
420 1778 453 1821 ae
474 1754 631 1833 intendit,
663 1759 697 1821 et
719 1754 780 1820 Dei
803 1755 927 1821 uultum
951 1758 985 1821 et
1008 1753 1162 1821 solatium
1186 1754 1297 1833 amici,
1322 1754 1423 1821 debet
1445 1757 1480 1819 et

153 1843 283 1908 veniam
313 1843 408 1910 amici
439 1847 473 1909 et
498 1844 772 1929 dispensationem
797 1843 1054 1909 eeclesiasticam
1083 1843 1215 1910 habere.
1261 1841 1480 1909 Nihilominus

154 1932 309 1999 eiusmodi
333 1933 550 2000 iuramentum
567 1932 739 2016 aliquando
756 1932 855 1998 etiam
879 1933 948 1998 sine
971 1933 1040 1997 ulla
1054 1932 1152 1999 venia
1166 1933 1221 1998 vel
1236 1932 1480 2017 dispensatione

154 2044 275 2088 cessare
298 2027 408 2106 potest
430 2026 566 2108 propter
589 2021 852 2088 circumstantias
874 2021 1065 2089 notabiliter
1086 2025 1242 2089 mutatae.
