3106 5168
604 1067 761 1154 naeus
791 1066 1070 1155 accensuit.

326 1311 658 1395 PRAECEPTA
690 1311 995 1395 ECCLESIAE
1033 1311 1352 1396 COMMUNIA.

531 1535 617 1600 Lux
639 1535 798 1601 IEIUNII
822 1535 1144 1603 ECCLESIASTICI.

734 1691 844 1759 Casus.
872 1700 947 1770 (300)

268 1831 421 1890 Usuardus
443 1836 598 1902 mercator,
620 1852 638 1890 a
655 1833 838 1891 confessario
858 1832 1059 1908 interrogatus
1081 1833 1116 1891 de
1137 1837 1256 1893 servato
1276 1833 1391 1895 ieiunio
1412 1835 1497 1894 eccle

178 1910 308 1982 siastico,
331 1913 490 1989 respondet
511 1932 544 1970 se
564 1911 697 1971 ieiunare
718 1932 776 1971 uon
797 1932 895 1989 posse,
918 1933 982 1971 oum
998 1912 1104 1971 debeat
1124 1917 1188 1973 toto
1202 1917 1336 1990 tempore
1357 1915 1496 1975 matutino

178 1997 296 2067 praesto
317 2011 400 2063 esse,
430 1998 463 2050 ut
485 1993 664 2069 emptoribus
686 1992 854 2051 satisfaciat
882 1992 976 2068 iisque
996 1992 1147 2068 invigilet,
1179 2013 1211 2052 se
1232 1993 1322 2053 nimie
1343 1994 1497 2071 fatigatum

177 2070 228 2143 iri,
250 2072 308 2130 nisi
327 2074 435 2131 bouum
457 2072 616 2149 sumpserit
635 2073 829 2144 ientaculum,
850 2091 975 2148 vespere
996 2072 1137 2132 scotiam
1159 2091 1264 2133 carnes
1286 2074 1378 2134 edere
1399 2076 1496 2144 solere,

177 2151 260 2210 feriis
280 2158 379 2211 tamen
401 2151 471 2211 ppt.
493 2173 525 2211 se
547 2153 739 2211 consuevisse
760 2172 778 2210 a
799 2153 939 2211 carnibus
961 2153 1119 2213 abstinere.

179 2254 355 2325 annmrua
378 2259 406 2315 1ο
432 2257 461 2315 iu
483 2276 540 2333 quo
562 2258 709 2317 consistat
728 2256 831 2316 ieiunii
851 2258 1046 2317 ecclesiastici
1068 2257 1219 2334 obligatio.

375 2348 405 2404 2ο
431 2366 505 2422 quae
527 2346 588 2405 sint
608 2366 717 2405 causae
738 2346 775 2404 ad
797 2346 1006 2419 excusandum,
1028 2367 1104 2423 quae
1126 2347 1162 2406 ad
1184 2348 1427 2425 dispensandum

376 2438 406 2494 3⁰
431 2436 499 2511 quid
520 2436 555 2493 de
578 2435 713 2495 Usuardo
734 2435 922 2495 iudicandum
943 2436 991 2496 sit.

772 2618 906 2686 Salutio.

118 2773 170 2826 974
267 2761 319 2824 Au
350 2780 540 2835 quuusrrnn
573 2763 610 2824 1¹¹¹
643 2761 681 2826 lt.
715 2764 743 2827 1.
798 2761 960 2844 imprimis
993 2765 1125 2844 praeter
1156 2781 1252 2825 unam
1287 2763 1419 2845 plenam
1450 2784 1497 2827 re·

179 2849 353 2914 lectionem
383 2849 467 2914 aliae
498 2850 731 2924 excluduntur;
762 2850 963 2933 permittitur
992 2857 1102 2916 tamen
1133 2853 1266 2933 praeter
1296 2872 1370 2917 earn
1400 2873 1498 2935 parva

178 2936 469 3093 pppsutlualhgt—lss
494 2939 610 3021 plenae
633 2939 821 3004 refectionis
845 2944 1014 3017 onustam,
1046 2944 1080 3004 et
1102 2940 1145 3004 ad
1168 2944 1281 3022 potum
1304 2941 1498 3006 matutinum

268 3133 305 3198 R.
332 3135 361 3196 2.
409 3133 546 3210 Ceuula,
578 3139 615 3199 ut
639 3133 721 3211 dixi,
754 3155 825 3199 esse
856 3140 965 3218 potest
991 3137 1031 3214 ¹i4
1055 3135 1108 3199 vel
1132 3156 1294 3199 summum
1319 3132 1360 3217 ¹),
1386 3136 1498 3219 plenae

178 3222 382 3298 refectionis3
407 3224 555 3288 absolute
578 3227 688 3288 autem
713 3224 934 3288 conceduntur
957 3222 1086 3289 circiter
1111 3226 1174 3288 250
1190 3244 1329 3306 gramm.
1347 3224 1497 3300 ciborum,

179 3313 277 3376 etiam
295 3312 333 3388 ei,
359 3313 410 3376 cui
433 3313 514 3377 haec
537 3312 701 3377 sufficiant
724 3312 765 3377 ad
789 3313 1013 3387 saturitatem;
1038 3318 1135 3396 potus
1159 3318 1279 3390 autem,
1305 3312 1325 3378 i.
1342 3334 1372 3379 e.
1390 3334 1498 3395 enge

179 3422 259 3465 uera
281 3401 485 3482 liquidorum,
511 3422 594 3483 quae
617 3401 718 3466 solius
741 3407 838 3484 potus
862 3402 1021 3468 rationem
1049 3403 1182 3478 habeut,
1206 3401 1402 3468 nutrimenti
1424 3423 1498 3466 vero

179 3489 300 3553 unllam
326 3490 377 3554 vel
402 3490 499 3555 valde
528 3489 704 3566 modicam,
736 3513 800 3555 uon
830 3496 1005 3556 censentur
1034 3491 1206 3574 prohibita.
1254 3491 1339 3555 Hinc
1371 3491 1499 3556 axioma
1540 3540 1543 3544 -

179 3578 272 3642 illud:
303 3579 489 3660 „Liquidum
514 3601 578 3644 uon
601 3580 726 3661 frangit
749 3579 932 3645 ieiuniuur.“
961 3618 1003 3626 —
1026 3580 1214 3646 Frustulum
1238 3579 1437 3646 matutinum
1461 3601 1498 3644 ex

180 3688 239 3729 usn
264 3688 347 3731 nuuc
371 3673 501 3750 recepto
518 3670 707 3734 conceditur
723 3669 889 3746 eiusmodi,
914 3673 950 3734 ut
972 3669 1066 3751 panis
1089 3690 1161 3733 cnm
1185 3669 1235 3746 iia,
1257 3670 1399 3751 quaein
1423 3674 1498 3753 potu

178 3755 339 3820 rationem
363 3758 552 3824 nutrimenti
575 3758 713 3836 habeut,
745 3778 808 3822 uon
833 3759 995 3824 excedant
1018 3758 1144 3841 pondus
1168 3757 1300 3822 circiter
1324 3761 1368 3823 60
1392 3779 1498 3842 gram·

180 3849 313 3909 matum.

269 3942 306 4006 R.
333 3946 362 4007 3.
410 3944 573 4007 Excessus
597 3944 739 4008 ciborum
772 3949 904 4026 praeter
927 3944 1146 4025 quantitatem
1176 3944 1381 4024 assignatam
1413 3949 1497 4009 certo

179 4031 318 4096 materia
341 4052 444 4114 parva
461 4037 521 4106 est,
546 4034 573 4096 si
598 4055 661 4096 uon
686 4036 825 4098 excedat
841 4035 1059 4115 quantitatem
1084 4032 1219 4098 alterius
1236 4032 1386 4110 frustuli;
1412 4039 1497 4098 certo

179 4121 291 4202 gravis
321 4122 460 4185 materia
484 4127 549 4197 est,
581 4123 608 4185 si
640 4123 784 4203 attingat
807 4124 1026 4203 quantitatem
1057 4123 1192 4188 alterius
1220 4123 1373 4200 cenulae,
1405 4123 1497 4187 immo

179 4211 326 4290 graviter
351 4210 489 4274 violasse
520 4211 671 4274 ieiunium
700 4214 880 4276 censendus
904 4216 970 4289 est,
1003 4212 1056 4292 qni
1087 4215 1218 4294 praeter
1242 4212 1374 4294 plenam
1398 4213 1497 4277 refec-

178 4301 300 4362 tionem
325 4304 359 4364 et
382 4301 527 4363 cenulam
545 4301 578 4363 iu
595 4301 731 4363 decursu
748 4300 810 4364 diei
827 4301 1001 4383 sumpserit
1018 4301 1236 4381 quantitatem
1253 4300 1350 4366 alteri
1368 4302 1496 4366 cenulae

180 4389 450 4468 aequivalentem.
503 4390 557 4453 lt.
583 4413 622 4454 m.
649 4389 672 4463 l,
700 4392 794 4454 1213.

118 4506 169 4556 915
269 4495 306 4557 R.
336 4498 365 4558 4.
413 4495 463 4558 Ad
495 4495 646 4558 ieiunium
678 4496 934 4561 ecclesiasticum
968 4517 1026 4578 per
1055 4516 1090 4559 se
1121 4496 1220 4560 etiarn
1252 4497 1398 4579 pertinet
1427 4497 1496 4562 abs-

180 4582 317 4646 tinentia
341 4605 360 4646 a
385 4583 551 4651 carnibus:
586 4585 681 4648 immo
706 4606 764 4667 pro
786 4591 933 4667 tempore
957 4586 1074 4650 saltem
1100 4584 1379 4668 Quadragesimae
1403 4588 1494 4652 etiam
