3106 5168
287 271 423 327 Bonorum
441 274 469 326 at
486 271 585 325 inrium
603 272 747 341 acquisitio
765 300 801 310 -
818 275 949 341 usucapio
968 281 991 326 et
1004 274 1192 342 praescriptio.
1337 275 1402 339 313

78 448 331 535 proprietarium
361 448 432 532 agri
462 448 568 526 illius;
598 452 698 531 atque
727 468 820 514 error
847 447 946 514 facile
975 448 1199 531 detegebatur.
1246 447 1310 513 Sed
1340 447 1404 514 etsi

79 543 156 624 post
179 539 291 605 decem
314 558 418 604 anuos
441 558 534 604 error
556 538 685 604 domum
708 541 797 604 esset
819 536 978 614 detectus,
1001 537 1131 605 deesset
1145 541 1276 621 tempus
1291 557 1404 603 neces·

78 628 201 695 sarium
225 630 268 694 30
290 648 459 705 annorum,
484 628 537 693 vel
560 626 660 695 etiam
682 625 851 710 inscriptio
874 625 967 692 Pauli
991 627 1044 691 vel
1059 626 1212 692 Andreae
1233 630 1404 708 tamquam

79 716 201 783 domiui
223 716 296 800 agri
317 717 352 782 in
375 715 513 800 publicis
535 717 665 783 tabulis.
698 715 904 800 Quapropter
923 714 1061 780 Paulum
1083 736 1149 780 non
1171 715 1265 782 iuvat
1287 716 1404 782 titulus

79 807 261 884 coloratus,
292 805 377 889 quod
401 826 444 871 ex
470 806 581 888 legato
604 804 757 871 Andreae
779 826 895 888 agrum
925 803 1108 888 possederit
1138 804 1224 870 bona
1252 804 1316 869 fide
1345 825 1404 889 per

78 894 280 962 decennium.
326 894 365 960 ln
397 894 470 960 aliis
502 895 599 960 rebus
630 893 803 960 mobilibus
835 893 1021 959 decennalis
1050 893 1107 959 illa
1138 893 1301 978 possessio
1329 913 1403 958 eum

78 985 159 1051 fecit
181 984 355 1050 domiuum.

536 1122 848 1189 PRAESCRIPTIO
875 1121 945 1205 (ΙΙ).

635 1272 745 1339 Casus.
773 1279 850 1348 (185)

168 1412 341 1491 luniperue,
369 1412 400 1471 in
422 1413 572 1472 solvendis
593 1412 699 1472 debitis
720 1413 807 1472 valde
828 1414 1006 1488 neglegens,
1031 1413 1229 1490 compluribus
1250 1412 1403 1491 operariis,

79 1495 207 1565 famulis,
228 1493 442 1553 mercatoribus
462 1512 515 1568 pro
535 1495 624 1552 rebus
646 1493 802 1552 ordinariis
823 1498 854 1552 et
875 1493 957 1551 victu
972 1493 1068 1554 debet.
1097 1493 1198 1570 Aliqui
1218 1499 1403 1567 monuerant,

79 1574 248 1633 dilationem
270 1579 371 1632 tamen
391 1573 538 1649 patienter
558 1574 705 1644 tulerunt;
727 1573 777 1631 alii
798 1592 858 1632 non
878 1578 1064 1644 monuerant,
1084 1572 1173 1633 immo
1195 1572 1336 1634 oblivioni
1357 1574 1403 1634 do-

79 1654 201 1725 derant,
230 1653 308 1713 sicut
334 1654 399 1730 ipse
426 1652 590 1730 luniperus.
638 1652 712 1713 Post
739 1653 851 1729 aliquot
878 1673 972 1712 annos
1001 1673 1067 1712 oum
1096 1654 1211 1730 copiam
1237 1655 1403 1713 litterarum

79 1734 216 1810 accipiat,
238 1735 344 1810 quibus
360 1733 491 1793 rationes
512 1733 672 1792 instituunt
686 1734 847 1793 creditores
868 1740 899 1792 et
920 1733 1096 1793 solutionem
1110 1740 1226 1808 urgent,
1248 1734 1404 1809 luniperue

79 1815 171 1873 obicit
190 1813 463 1891 praescriptionem,
485 1833 560 1890 quae
582 1815 742 1873 secuudum
762 1814 845 1888 leges
866 1814 1001 1872 semestri
1022 1814 1070 1872 uel
1091 1833 1170 1872 anno
1191 1813 1239 1871 vel
1260 1832 1404 1873 summum

78 1894 197 1954 biennio
218 1896 352 1971 perfecta
373 1894 421 1954 sit.

79 2000 256 2071 Quasaruun
278 2000 308 2057 1ο
332 1998 491 2091 yaleantne
511 1998 761 2138 ptraesoriptiones
781 1998 850 2057 illae
872 1998 976 2058 civiles
1005 1997 1042 2058 ‘ao
1066 1998 1284 2074 exstinguenda
1305 2000 1405 2060 debita

332 2097 363 2137 1n
384 2097 524 2138 conscron
539 2098 576 2139 ra.

277 2168 308 2226 2⁰
333 2166 400 2243 quid
423 2168 458 2226 de
480 2166 617 2244 Innipero
639 2167 758 2242 eiusque
779 2171 939 2243 praetensa
960 2166 1202 2245 praescriptione.

671 2348 808 2416 Salutio.

168 2477 221 2542 An
251 2496 441 2553 quarslruu
475 2478 512 2540 lm
541 2475 580 2542 a.
615 2478 643 2541 1.
695 2474 877 2540 Videndum
911 2474 944 2540 in
976 2476 1027 2541 his
1059 2475 1156 2541 rebus
1189 2475 1319 2542 omnino
1352 2481 1465 2544 astula

82 2565 114 2647 1)
138 2564 215 2648 quid
238 2565 294 2630 lex
313 2564 417 2630 civilis
432 2563 591 2641 intendat,
617 2563 651 2645 2)
667 2584 754 2641 num,
778 2564 806 2629 si
822 2564 972 2631 intendat
994 2565 1126 2650 plenam
1141 2564 1402 2646 exstinctionem,

79 2676 151 2720 eam
175 2654 306 2739 reipsa
329 2654 362 2719 in
385 2654 456 2718 foro
481 2653 699 2718 conscientiae
723 2658 757 2719 et
780 2653 896 2736 quibus
919 2654 979 2719 sub
1004 2653 1244 2720 condicionibus
1270 2654 1403 2722 efficiat.

79 2745 113 2810 Si
137 2744 222 2809 enirn
245 2744 301 2809 lex
325 2741 429 2808 civilis
452 2747 528 2826 post
551 2742 697 2825 elapsum
721 2745 846 2807 certum
869 2746 999 2827 tempus
1022 2742 1101 2810 dicit
1130 2747 1276 2823 tantum,
1307 2765 1404 2828 prae-

79 2832 257 2917 scriptione
287 2830 484 2897 exstinctam
515 2851 588 2895 esse
611 2831 774 2896 actionem
798 2830 927 2897 civilem
951 2836 1067 2899 contra
1090 2832 1285 2911 debitorem,
1318 2834 1404 2900 hunc

79 2922 149 2987 sine
173 2920 269 2986 dubio
298 2941 361 2985 non
392 2918 533 2986 intendit
562 2919 594 2984 in
620 2919 820 2986 conscientia
843 2920 1000 2998 liberare,
1032 2921 1090 2986 sod
1114 2921 1156 2986 ad
1180 2920 1404 2988 diminuendos

78 3012 155 3078 lites
179 3031 311 3075 causam
334 3008 433 3074 istam
456 3031 520 3074 non
545 3009 683 3093 amplius
706 3009 851 3077 admittit
866 3010 899 3075 in
918 3009 1073 3075 tribunali
1089 3031 1194 3092 neque
1208 3010 1405 3077 iudicialiter

79 3100 168 3182 cogit
192 3098 382 3164 debitorem.
414 3098 524 3181 Atque
546 3099 595 3164 ita
618 3099 833 3164 communiter
855 3099 1013 3165 statuitur
1035 3099 1069 3164 in
1092 3099 1404 3184 praescriptionibus

79 3190 144 3255 illis
168 3187 386 3264 brevissimis,
418 3208 502 3270 quae
532 3209 574 3253 ne
601 3187 642 3252 ad
667 3186 841 3253 triennium
865 3188 994 3270 quidem
1018 3188 1249 3255 extenduntur.
1296 3189 1404 3265 Quare

79 3301 122 3344 ex
145 3277 207 3343 hac
231 3277 302 3342 sola
324 3277 452 3343 ratione
475 3277 646 3361 iuniperus
669 3277 755 3342 male
778 3298 814 3342 se
837 3277 974 3342 liberum
998 3283 1121 3345 conset.

168 3385 207 3450 a.
233 3387 262 3450 2.
310 3384 432 3449 Verum
456 3383 519 3450 etsi
542 3384 644 3449 vellet
667 3384 722 3448 lex
745 3382 850 3447 ciuilis
872 3403 936 3447 non
960 3382 1064 3447 solum
1088 3381 1250 3449 actionem
1275 3381 1403 3447 civilem
1413 3395 1465 3450 620

79 3475 192 3540 eiusvc
213 3473 408 3540 facultatem
432 3472 652 3555 exstinguere,
676 3471 734 3536 sed
748 3471 854 3556 ipsum
871 3471 1031 3549 debitum3
1056 3471 1089 3537 id
1111 3477 1180 3539 tam
1204 3472 1296 3538 brevi
1319 3475 1404 3537 tem·

78 3563 168 3649 poris
199 3561 307 3647 spatio
337 3583 402 3626 non
432 3562 562 3627 videtur
584 3562 655 3626 fieri
684 3581 790 3645 posse.
836 3560 922 3626 Nam
954 3564 1058 3646 primo
1088 3559 1209 3627 serium
1239 3561 1405 3628 excitatur

79 3652 222 3730 dubium,
245 3657 355 3718 utrum
378 3650 456 3716 talis
478 3651 558 3716 iuris
579 3650 749 3734 dispositio
771 3652 917 3734 proficua
940 3650 1024 3714 bono
1041 3650 1204 3715 communi
1226 3650 1336 3727 fuerit,
1361 3671 1405 3716 an

79 3741 189 3826 potius
212 3762 336 3807 summe
359 3738 491 3815 nociva,
523 3761 561 3805 eo
585 3739 670 3823 quod
694 3738 821 3805 occasio
845 3739 941 3804 detur
961 3738 1121 3823 imprimis
1144 3739 1291 3805 homines
1314 3740 1405 3805 dobi-

79 3831 178 3897 liores
207 3837 242 3897 et
271 3829 457 3912 egentiores
489 3829 582 3894 bonis
611 3829 678 3894 suis
710 3828 893 3894 fraudandi.
945 3827 1052 3906 Quare
1082 3850 1145 3894 non
1176 3827 1246 3893 sine
1276 3829 1405 3895 ratione

80 3920 198 4002 aliquis
219 3919 306 3985 forte
329 3918 460 3996 dixerit,
484 3917 741 4002 praescriptione
763 3916 905 3984 triennio
920 3917 1045 3983 minore
1067 3922 1203 4002 propter
1218 3919 1323 3984 solum
1338 3918 1404 3983 iam

81 4010 235 4092 defectam
264 4011 396 4093 conprai
424 4010 573 4093 temporis
602 4010 703 4094 elapsi
728 4006 762 4071 in
786 4005 1004 4072 conscientiae
1027 4006 1100 4073 ioro
1123 4007 1234 4074 debita
1256 4029 1321 4073 non
1345 4027 1404 4072 ex·

79 4098 212 4181 stingui.
235 4133 280 4145 -
303 4097 368 4163 Sed
391 4096 419 4163 si
442 4096 503 4161 hoc
525 4117 590 4163 non
614 4095 662 4162 ita
685 4099 810 4162 certum
833 4099 894 4173 est,
919 4095 1046 4161 accedit
1069 4095 1167 4163 aliud.

169 4186 330 4253 Nimirum
353 4187 395 4252 ad
419 4185 611 4252 facultatem
635 4184 848 4267 denegandae
870 4184 1041 4250 solutionis
1064 4184 1165 4250 debiti
1181 4184 1261 4251 certi
1277 4184 1310 4250 in
1326 4205 1404 4249 con·

80 4276 219 4342 scientia
240 4297 321 4360 opus
344 4280 396 4341 est
418 4275 505 4340 bona
526 4275 599 4352 tide,
623 4275 644 4340 i.
662 4295 689 4340 e.
714 4273 925 4358 persuasione
946 4272 1046 4340 debiti
1070 4274 1122 4338 vel
1146 4274 1245 4339 soluti
1262 4274 1314 4339 vel
1339 4294 1402 4337 uon

80 4363 285 4440 exsistentis;
310 4384 413 4446 eaque
432 4362 599 4447 persuasio
616 4362 713 4429 debet
728 4363 872 4429 adtinsse
887 4367 959 4430 toto
975 4368 1122 4445 temporo
1137 4360 1405 4446 praescriptionis

80 4455 260 4538 assignato.
292 4453 415 4518 Verum
430 4453 463 4519 id
481 4453 515 4518 in
536 4452 694 4518 eiusmodi
716 4451 917 4518 brevissimis
940 4450 1251 4536 praescriptionibus
1267 4451 1324 4514 vix
1339 4471 1403 4514 non

79 4542 279 4627 impossibile
302 4542 410 4607 estin
433 4543 504 4628 ipso
528 4541 633 4625 primo
657 4541 812 4607 debitore.
850 4540 949 4606 Aliud
972 4540 1109 4605 dixerim
1132 4540 1172 4605 de
1195 4538 1325 4616 herede,
1350 4538 1403 4619 qui

79 4633 151 4717 ipse
173 4652 233 4716 per
255 4630 437 4714 legitimum
458 4636 589 4714 tempus
604 4629 836 4698 conscientiam
860 4628 984 4706 babuit,
1009 4650 1044 4695 se
1068 4629 1148 4694 nibil
1164 4628 1298 4694 debere:
1323 4627 1404 4693 alio·
