3106 5168
148 271 191 335 88
718 266 759 322 Da
776 267 903 338 peccatis.

147 443 293 502 ebrietate
314 441 430 519 sopitus
451 442 573 513 iaceret,
595 443 647 502 sed
662 443 752 502 etiam
771 443 903 520 periculo
924 462 957 502 se
971 448 1134 521 exponeret
1154 443 1186 502 in
1205 443 1265 503 isto
1286 447 1369 503 statu
1383 442 1476 503 ebrie·

147 524 220 582 tatis
248 521 423 594 decedendi;
460 523 535 581 alias
563 522 601 582 ad
628 523 796 582 convivium
824 523 984 594 invitatus,
1020 542 1085 582 cum
1113 543 1227 583 nausea
1254 522 1388 599 quidem,
1423 523 1476 583 sed

147 609 269 680 propter
287 602 472 680 importunas
493 602 685 663 invitationes
707 605 744 663 ad
763 603 938 663 ebrietatem
959 622 1051 679 usque
1070 602 1225 680 aliquoties
1245 602 1337 674 bibit3
1357 602 1476 663 induxit

148 683 238 743 etiam
265 683 341 743 alios
368 683 405 740 ad
434 682 608 742 ebrietatem
636 684 664 754 1)
694 690 727 743 ut
747 703 781 742 se
802 683 942 742 liberaret
962 703 981 741 a
1002 682 1125 744 custode
1148 682 1293 755 carceris,
1322 683 1354 757 2)
1384 689 1418 743 nt
1437 686 1475 742 ab

147 764 265 840 hospite
278 762 482 841 expiscaretur
496 762 613 839 aliquod
632 769 789 835 secretum,
812 765 841 833 3)
864 771 897 823 ut
916 763 1057 834 latrones,
1080 762 1129 841 qui
1149 763 1312 823 notabilem
1329 763 1475 841 pecuniae

148 862 290 902 sirmmam
311 863 330 903 a
351 862 384 903 se
405 844 600 915 abstulerant,
623 843 773 921 deciperet
792 848 823 903 et
843 843 962 903 vinctos
982 842 1128 920 policistis
1149 844 1267 903 tradere
1288 849 1401 920 posset.

148 946 325 1017 Quauarroa
346 950 376 1008 1⁰
401 948 470 1024 quid
491 948 531 1008 sit
552 948 680 1009 ebrietas
702 954 733 1009 et
753 948 840 1024 quale
860 953 1023 1025 peceatum.

344 1039 375 1096 2ο
399 1037 528 1096 liceatne
549 1037 624 1097 alios
646 1039 683 1097 ad
705 1037 879 1097 ebrietatem
899 1037 1047 1096 inducere.

344 1127 376 1186 3⁰
401 1126 469 1203 quid
490 1127 521 1185 in
542 1127 668 1202 singulis
690 1126 810 1186 casibus
831 1125 999 1202 Ansgarius
1020 1124 1199 1204 peccaverit.

743 1308 880 1378 Salutio.

87 1448 138 1503 173
236 1439 288 1505 An
311 1444 558 1516 onnns1run1¹²¹
582 1442 620 1507 R.
643 1445 671 1508 1.
711 1442 864 1508 Ebrietas
879 1445 931 1507 est
945 1439 1196 1507 immoderantia
1217 1440 1251 1505 in
1275 1445 1355 1524 potu
1372 1463 1476 1526 usque

147 1529 189 1594 ad
212 1530 431 1613 privationem
455 1551 532 1595 usus
554 1530 702 1597 rationis.
741 1530 832 1609 Quod
853 1530 951 1614 aliqui
976 1530 1102 1597 addunt
1121 1529 1321 1615 ,voluptatis
1340 1536 1474 1610 causa“,

147 1622 284 1684 eatenus
307 1619 349 1684 ad
373 1619 543 1686 ebrietatis
565 1625 736 1703 peccatum
752 1619 905 1704 pertinet,
929 1625 1091 1702 quatenus
1105 1618 1255 1685 internus
1277 1619 1356 1686 talis
1379 1625 1475 1704 pote·

146 1707 244 1772 tionis
267 1707 341 1773 finis
364 1729 407 1773 ex
429 1728 502 1773 sese
524 1708 632 1774 tendit
654 1709 696 1774 ad
719 1709 941 1794 voluptatem
971 1728 1106 1774 necesse
1127 1712 1240 1774 tamen
1262 1728 1328 1774 non
1351 1713 1414 1786 est,
1438 1715 1477 1777 ut

146 1797 292 1878 potitans
314 1797 386 1881 ipse
409 1797 509 1864 etiam
533 1798 712 1864 subiective
735 1799 939 1883 voluptatem
963 1797 1153 1881 experiatur
1175 1796 1228 1863 vel
1252 1797 1414 1866 intendat.

235 1894 274 1960 R.
299 1896 329 1960 2.
376 1894 529 1961 Ebrietas
552 1894 760 1980 imperfecta,
792 1915 876 1977 quae
902 1897 1007 1961 solum
1040 1894 1185 1960 nonnihil
1217 1894 1392 1978 perturbat
1419 1917 1476 1962 ra·

145 1982 279 2060 tionem,
303 2003 367 2049 non
384 1984 514 2069 penitus
534 1984 602 2049 eius
621 2005 682 2049 usu
704 1984 825 2068 privat,
851 2007 889 2050 cc
911 2006 944 2050 se
966 1987 1137 2068 peceatum
1160 2004 1225 2048 non
1241 1984 1392 2062 mortale,
1417 1985 1475 2051 sed

146 2072 274 2138 veniale
297 2076 364 2147 est;
396 2073 561 2157 perfecta,
593 2095 677 2155 quae
706 2094 766 2158 pro
793 2074 929 2140 notabili
959 2077 1107 2157 tempore
1129 2072 1258 2139 ratione
1281 2072 1394 2157 privat
1417 2095 1475 2139 seu

147 2181 240 2225 usum
263 2161 400 2228 rationis
423 2162 656 2246 impossibilem
678 2162 776 2240 facit,
809 2183 851 2227 ex
881 2184 917 2228 se
946 2162 1012 2228 iam
1040 2165 1092 2227 est
1114 2162 1254 2227 mortale
1283 2166 1474 2246 peccatum:

147 2248 266 2334 (neque
294 2251 471 2335 impeditur
499 2256 671 2336 peccatum
700 2252 840 2317 mortale
869 2272 912 2316 ex
942 2272 995 2329 eo,
1026 2251 1112 2334 quod
1142 2251 1215 2334 quis
1244 2256 1320 2334 post
1349 2256 1474 2336 potum,

147 2344 325 2422 antequam
347 2340 489 2423 privatio
506 2362 584 2405 usus
599 2361 716 2424 reapse
734 2339 887 2419 adfuerit,
911 2361 1024 2405 somno
1048 2360 1084 2405 se
1108 2339 1303 2418 committat,
1326 2340 1356 2405 si
1378 2340 1475 2408 modo

146 2428 202 2492 ille
225 2433 333 2494 status
356 2433 529 2512 sequatur,
560 2431 681 2513 inquo
711 2429 753 2495 ad
784 2450 876 2494 usum
906 2429 1044 2495 rationis
1067 2428 1217 2495 revocari
1245 2450 1311 2494 non
1333 2430 1476 2514 amplius

146 2517 275 2600 possit.)
326 2520 381 2584 (lt.
405 2542 446 2585 aa.
472 2518 497 2595 Ι,
524 2520 597 2585 742.

235 2615 274 2681 R.
295 2618 324 2682 3.
360 2616 513 2682 Ebrietas
531 2617 631 2681 etiam
650 2615 843 2699 imperfecta
862 2617 993 2681 aliunde
1011 2637 1076 2680 non
1094 2635 1171 2680 raro
1192 2619 1363 2698 peccatum
1387 2637 1475 2682 mor-

147 2704 215 2770 tale
238 2705 379 2770 evadere
402 2710 528 2788 potest,
553 2704 706 2770 videlicet
729 2709 863 2788 propter
886 2705 1023 2770 effectus
1046 2704 1100 2769 vel
1129 2707 1224 2770 actus
1248 2724 1290 2770 ex
1313 2704 1476 2773 ebrietate

146 2794 323 2875 praevisos.
374 2795 431 2860 Tb..
456 2817 496 2861 m.
520 2794 546 2870 Ι,
568 2795 608 2858 15
633 2796 668 2858 et
691 2796 766 2860 741.

87 2920 137 2975 174
236 2908 288 2972 An
311 2928 503 2983 ouansrnou
527 2911 565 2972 2ΙΙΙ
588 2906 628 2975 R.
651 2910 679 2974 1.
725 2907 817 2973 Alios
846 2907 1000 2972 inducere
1029 2905 1072 2972 ad
1101 2906 1296 2973 ebrietatem
1325 2905 1374 2973 ita
1404 2909 1476 2974 fie1i

146 3000 266 3080 potest,
291 3001 350 3063 aut
373 3002 409 3064 ut
432 2997 488 3063 alii
504 2997 646 3063 scientes
661 2996 742 3063 ebrii
757 2997 839 3061 fiant
861 2996 916 3061 vel
939 2995 1087 3061 bibentes
1111 2996 1153 3060 ad
1174 2995 1357 3079 periculum
1373 2998 1475 3063 ebrie-

145 3086 226 3151 tatis
256 3086 449 3165 advertant,
481 3090 540 3151 aut
569 3090 606 3152 ut
636 3085 820 3151 nescientes
850 3084 1043 3151 ebrietatem
1072 3084 1251 3168 patiantur.
1298 3085 1336 3149 In
1366 3087 1475 3170 priore

147 3196 223 3241 casu
254 3175 395 3241 infertur
424 3175 554 3258 quidem
590 3175 744 3240 damnum
778 3174 964 3259 spirituale,
999 3173 1020 3241 i.
1052 3193 1080 3239 e.
1116 3178 1287 3258 peccatum
1322 3176 1474 3254 mortale,

147 3265 204 3329 sed
229 3263 269 3343 ei,
294 3264 348 3346 qui
371 3286 436 3330 non
460 3270 511 3331 cst
534 3264 674 3342 invitus;
698 3264 732 3328 in
755 3263 937 3348 posteriore
962 3284 1040 3328 casu
1063 3262 1205 3329 infertur
1220 3261 1375 3328 damnum
1390 3267 1475 3330 tem-

146 3354 267 3435 porale,
299 3353 356 3418 sed
387 3354 426 3431 ei,
458 3353 512 3437 qui
542 3353 665 3419 invitus
696 3358 757 3419 cst.
781 3392 825 3399 —
848 3352 985 3434 Insuper
1009 3351 1138 3417 adverti
1161 3352 1260 3417 debet
1289 3352 1474 3420 aliudesse

147 3441 276 3525 proprie
298 3441 461 3521 inducere,
487 3441 574 3508 aliud
598 3443 701 3507 solam
725 3442 928 3507 occasionem
951 3442 1119 3524 praebere.

235 3540 274 3604 R.
295 3542 324 3605 2.
364 3539 515 3622 Aliquem
538 3539 668 3624 proprie
690 3539 844 3605 inducere
868 3538 910 3605 ad
934 3537 1137 3617 ebrietatem,
1162 3558 1300 3620 eumque
1316 3538 1475 3606 scientem

147 3648 204 3692 seu
229 3628 473 3707 advertentem,
505 3634 557 3695 est
580 3629 733 3694 inducere
757 3629 798 3694 ad
821 3631 1008 3713 peccatum:
1035 3627 1119 3709 quod
1143 3627 1241 3693 licere
1265 3649 1329 3692 non
1352 3633 1474 3712 potest,

146 3717 208 3781 nisi
232 3721 353 3799 agatur
376 3718 416 3782 de
439 3739 487 3796 eo,
513 3718 567 3800 qui
591 3739 685 3783 secus
706 3717 840 3799 gravius
855 3721 1027 3802 peccatum
1044 3716 1275 3782 commissurus
1298 3715 1352 3796 sit,
1376 3719 1419 3783 ad
1442 3718 1475 3784 id

146 3806 209 3870 iarn
236 3806 481 3873 determinatus.
528 3807 565 3872 In
590 3828 654 3889 quo
678 3828 755 3872 casu
779 3806 849 3872 eius
870 3810 1043 3890 peccatum
1070 3827 1135 3870 non
1158 3810 1385 3891 promovetur,
1417 3807 1476 3874 sed

147 3894 352 3972 diminuitur;
378 3895 491 3978 quodsi
508 3917 545 3961 oo
562 3898 626 3961 fine
642 3916 716 3977 ago,
741 3917 803 3979 ego
819 3895 898 3961 nihil
915 3893 993 3960 mali
1008 3895 1152 3972 intendo,
1176 3915 1281 3977 neque
1298 3895 1473 3977 quidquam

147 3984 223 4049 mali
249 3985 416 4051 committo
439 3986 497 4050 sed
520 3986 623 4050 solam
649 3984 755 4050 efficio
778 3984 856 4049 mali
880 3983 1135 4049 diminutionem.
1186 3985 1243 4051 Tb
1268 4007 1308 4050 m.
1333 3984 1365 4063 I,
1392 3987 1473 4053 744:

148 4074 180 4139 S.
205 4074 327 4157 Alph.
352 4074 393 4152 V,
420 4077 472 4141 77.
525 4074 617 4140 Alias
650 4074 866 4139 committitur
896 4077 1067 4157 peccatum
1100 4094 1165 4137 non
1198 4072 1328 4156 quidem
1360 4079 1476 4141 contra

146 4162 322 4241 iustitiam,
354 4164 411 4228 sed
435 4167 550 4229 contra
574 4163 760 4241 caritatem,
791 4183 895 4245 grave
918 4162 1043 4228 scilicet
1066 4161 1271 4241 scandalum,
1302 4167 1337 4228 et
1359 4168 1476 4230 contra

147 4252 409 4336 temperantiam.
456 4253 503 4320 Of.
533 4253 588 4319 Te.
613 4252 703 4330 m.1,
729 4254 803 4318 630.

87 4359 136 4414 175
236 4351 274 4416 R.
300 4354 331 4418 3.
374 4350 585 4416 Occasionem
608 4371 739 4435 ponere,
764 4371 830 4432 qua
853 4349 938 4414 alter
961 4349 1121 4413 abusurus
1145 4368 1218 4414 esse
1240 4349 1476 4432 praevideatur

148 4438 189 4503 ad
213 4439 480 4506 committendam
504 4439 707 4516 ebrietatem,
732 4460 796 4503 non
820 4438 933 4503 eodem
951 4437 1079 4520 quidem
1101 4438 1196 4503 modo
1212 4439 1474 4522 peccaminosum

148 4533 215 4607 est,
247 4532 346 4612 atque
377 4528 507 4613 proprie
537 4529 578 4594 ad
610 4528 802 4594 ebrietatem
833 4527 1003 4603 inducere;
1034 4532 1163 4605 tamen,
1194 4527 1222 4591 si
1246 4527 1286 4591 de
1315 4527 1475 4610 singulari

148 4617 277 4682 homine
300 4618 426 4702 agitur,
458 4618 512 4700 qui
540 4622 630 4685 certo
654 4617 867 4701 praevidetur
890 4636 1060 4681 excessum
1084 4615 1331 4694 commissurus,
1362 4618 1475 4700 gravis
