3106 5168
302 124 460 205 Sumptibus
487 140 519 177 ao
546 121 622 192 typis
649 119 678 175 B.
705 116 861 189 11060166,
893 119 1057 191 typographi
1048 118 1178 173 redito'
1157 134 1194 171 rrs
1222 135 1297 188 poni
1256 117 1369 181 niitfiei,
1400 112 1533 188 Iritnrgi

210 192 274 251 Brit
296 193 384 264 oriae,
421 194 514 248 miltzi

275 209 295 267 Β
402 212 1142 425 ¹¹01lllll'PIOAlMllltA.

83 560 107 847 ζ
212 577 1532 802 Pnnnnnennonns

497 883 1034 1049 DOGMATI
994 882 1247 1047 IOAE

826 1116 919 1182 QUAS

335 1245 391 1317 IN
423 1242 699 1318 COLLEGIO
731 1242 1118 1318 DITTON-HALL
1150 1240 1410 1315 HABEBAT

581 1401 888 1474 CHRIS'HANUS
911 1401 1058 1472 Priscu
1082 1404 1113 1470 S.
1137 1405 1168 1470 J.

261 1587 337 1642 CUM
356 1586 635 1642 APPRossfflonn
655 1587 735 1641 RPV.
758 1587 922 1641 Ali-GHIEP.
942 1586 1109 1641 FRIBURG.
1129 1586 1175 1639 ET
1193 1585 1317 1640 SUPER.
1335 1583 1487 1639 ORDINIS.

332 1762 437 1817 Novem
454 1763 521 1817 tomi
538 1763 566 1816 iu
584 1762 622 1817 8⁰.
659 1762 794 1816 Pretium:
820 1764 854 1814 M.
874 1762 955 1815 4820
969 1800 990 1807 -
1016 1764 1064 1813 l'r.
1083 1762 1177 1822 6025:
1201 1778 1216 1813 a
1236 1760 1323 1814 :loreis
1342 1760 1414 1811 corio

631 1833 740 1901 religati
760 1834 798 1887 M.
817 1834 1004 1887 626010.
1025 1832 1118 1885 7820:

211 2122 333 2187 'I'omus
355 2120 380 2186 Ι.
428 2119 474 2185 lle
502 2118 629 2185 christo
658 2118 771 2203 legato
798 2117 918 2184 divino.
965 2118 1011 2184 lle
1035 2118 1176 2185 ecelesia
1199 2118 1328 2185 christi.
1376 2121 1422 2186 lle
1451 2120 1532 2188 loeis

112 2214 122 2221 '
185 2260 190 2272 .
300 2208 505 2293 theologicis.
550 2207 776 2274 Institutiones
804 2207 1077 2291 propaedeutioae
1101 2209 1142 2274 ad
1166 2230 1293 2274 sacram
1322 2210 1530 2293 theologiam.

301 2298 392 2380 (XIV
415 2301 449 2363 et
472 2300 537 2363 404
560 2299 607 2381 p.)
652 2297 813 2362 Pretium:
838 2300 883 2363 M.
909 2299 985 2363 510
1009 2326 1050 2350 =
1075 2299 1132 2365 Fr.
1157 2300 1249 2367 6.75;
1281 2299 1420 2365 adoreo
1444 2300 1532 2367 corio

301 2387 393 2470 relig.
418 2389 464 2454 Μ.
489 2390 507 2452 7
533 2415 574 2439 =
599 2388 655 2454 Fr.
681 2389 766 2454 8.75.

10 2472 45 2541 ζ
103 2590 106 2595 Ι
211 2503 333 2569 'lomus
356 2502 397 2568 H.
437 2501 484 2567 De
503 2501 570 2568 Deo
593 2518 657 2567 uno
681 2499 858 2567 seeundum
880 2500 1043 2567 naturam.
1083 2502 1130 2567 lie
1152 2501 1219 2567 Deo
1242 2501 1331 2566 trino
1354 2502 1531 2569 seeundum

300 2607 468 2746 {inim
484 2590 733 2746 15113721386
757 2592 805 2675 p.)
842 2591 1007 2657 Pretium:
1032 2594 1077 2659 M.
1095 2593 1170 2659 540
1188 2619 1228 2644 =
1246 2592 1302 2657 Fr.
1322 2595 1413 2670 6.75;
1437 2593 1530 2676 relig.

341 2733 348 2748 .
418 2709 459 2733 =
513 2705 539 2746 r.
589 2733 595 2746 .
645 2733 651 2745 .

94 2838 97 2845 -
211 2795 333 2861 'lomus
355 2795 412 2860 III.
452 2794 499 2860 De
515 2794 582 2860 Deo
605 2797 740 2860 creante
762 2794 796 2860 et
817 2793 979 2860 elevante.
1021 2795 1065 2860 lle
1082 2795 1150 2860 lieo
1164 2794 1228 2860 tine
1244 2793 1367 2860 ultimo.
1406 2796 1482 2877 (XII
1499 2801 1533 2863 et

302 2887 366 2949 378
390 2883 436 2968 p.)
475 2884 636 2950 Pretium:
662 2885 707 2950 Μ.
733 2885 752 2948 5
773 2912 814 2937 =
831 2886 887 2950 Fr.
914 2886 1006 2959 6.25;
1030 2884 1122 2966 relig.
1148 2886 1194 2952 M.
1219 2887 1294 2951 660
1312 2913 1353 2937 =
1371 2886 1427 2952 Fr.
1445 2888 1531 2954 825.

210 2998 333 3064 'lomus
356 2999 411 3065 IV.
452 2998 499 3064 De
515 2997 624 3065 Verbo
646 2998 829 3066 incarnato.
865 3000 912 3066 De
937 2998 1040 3066 Beata
1056 2999 1195 3086 Virgine
1218 2999 1332 3067 Maria.
1370 3000 1417 3067 De
1441 3000 1532 3067 oultn

301 3087 514 3243 {pugi-Qum:
539 3087 766 3245 gilge2t5hht
789 3088 835 3174 p.)
873 3089 1036 3156 Pretium:
1062 3091 1106 3156 M.
1131 3094 1150 3155 5
1176 3119 1217 3143 =
1243 3091 1298 3156 Fr.
1322 3093 1414 3165 6.25;
1438 3091 1531 3174 relig.

211 3290 334 3356 'lomus
358 3290 396 3358 V.
444 3291 490 3356 De
523 3290 645 3375 gratia.
691 3291 738 3358 llo
770 3291 845 3376 lege
878 3291 990 3358 divina
1021 3292 1173 3378 positive.
1220 3295 1295 3375 (XII
1326 3299 1360 3361 et
1391 3297 1455 3360 324
1485 3297 1532 3379 p.)

301 3380 463 3446 Pretium:
488 3383 534 3447 M.
559 3384 637 3445 5=
656 3382 711 3448 Fr.
737 3384 830 3458 6.25;
854 3382 947 3464 relig.
972 3384 1017 3448 M.
1043 3385 1118 3449 660
1135 3411 1176 3436 --
1194 3385 1250 3449 Fr.
1276 3386 1362 3450 825.

210 3495 333 3561 Tomus
348 3496 405 3563 VI.
437 3495 484 3561 De
500 3495 716 3562 sacramentis
732 3496 765 3562 in
782 3514 916 3582 genere.
949 3497 995 3562 Ile
1014 3495 1186 3582 haptIsmo.
1213 3497 1260 3563 De
1277 3497 1532 3564 confirmatione.

302 3584 348 3649 Ite
365 3603 408 3650 ss.
425 3584 636 3652 eucharistie.
672 3584 796 3667 (XVIII
812 3591 846 3652 et
861 3589 925 3651 418
941 3586 988 3670 p.)
1023 3585 1186 3652 Pretium:
1204 3588 1248 3654 M.
1268 3591 1286 3652 6
1304 3615 1345 3640 =
1363 3590 1420 3653 Fr.
1438 3589 1530 3667 7.50;

301 3673 393 3757 relig.
418 3676 464 3741 M.
491 3677 566 3741 7.60
590 3702 631 3727 =
656 3676 712 3741 Fr.
738 3676 824 3742 9.50.

211 3787 333 3854 'lomus
356 3788 428 3854 VII.
468 3787 515 3853 Ile
539 3790 744 3854 sacramento
767 3789 1001 3874 paenitentiae.
1041 3790 1087 3855 lle
1111 3792 1259 3855 extrema
1281 3790 1444 3857 unctione.
1485 3790 1531 3856 lto

301 3876 425 3943 ordine.
456 3876 503 3943 De
514 3877 731 3943 matrimonio.
757 3878 847 3961 (XIV
860 3885 894 3946 et
907 3882 970 3945 438
983 3879 1029 3964 p.)
1055 3880 1216 3945 Pretium:
1230 3881 1530 3957 M.6=Fr.7.50;

300 3967 392 4049 relig.
418 3968 463 4032 M.
489 3969 564 4034 7.60
589 3995 630 4020 =
655 3968 712 4034 Pr.
737 3971 822 4035 9.50.

209 4080 332 4146 Tomos
354 4081 443 4147 VIII.
496 4080 544 4146 ne
573 4080 752 4147 virtutihus
782 4082 816 4148 in
848 4101 981 4169 genere.
1035 4083 1081 4149 lle
1111 4082 1291 4149 vlrtntihns
1323 4082 1529 4169 theologiois.

300 4169 344 4251 (X
360 4175 394 4237 et
410 4173 474 4236 320
490 4170 536 4253 p.)
571 4171 732 4238 Pretium:
756 4175 802 4239 M.
819 4175 895 4238 480
912 4201 953 4225 =
971 4174 1026 4238 Fr.
1042 4175 1078 4249 6;
1103 4172 1195 4255 relig.
1213 4174 1258 4238 M.
1276 4175 1352 4238 640
1369 4201 1410 4225 =
1428 4174 1484 4240 Fr.
1499 4175 1529 4240 8.

209 4285 333 4352 'lomus
353 4285 408 4351 IX.
441 4284 488 4349 De
504 4284 684 4350 virtutihus
700 4285 888 4351 moralibus.
916 4287 963 4352 De
979 4286 1124 4372 peceato.
1152 4287 1198 4352 De
1214 4286 1408 4352 novissimis.
1437 4287 1480 4369 (X
1497 4292 1530 4354 et

302 4375 366 4439 366
388 4372 434 4457 p.)
472 4374 634 4440 Pretium:
658 4377 702 4441 M.
720 4378 795 4441 560
812 4403 853 4428 =
871 4378 927 4442 Fr.
946 4379 982 4454 7;
1006 4376 1099 4458 relig.
1123 4378 1166 4443 M.
1185 4379 1260 4442 720
1276 4404 1318 4429 =
1336 4378 1392 4443 Fr.
1410 4380 1439 4443 9.

534 4480 599 4547 Qut
617 4480 702 4534 tomi
718 4481 825 4534 etium
843 4482 1037 4549 separari-m.
1054 4487 1210 4536 venerem.
