3106 5168
171 274 235 337 522
663 269 703 323 De
722 269 828 338 legibus
846 268 994 323 Ecclesiae.

170 466 230 505 non
251 465 317 505 raro
337 444 454 504 litteras
475 445 597 503 Romam
626 445 718 515 mitti,
746 445 851 521 quibus
879 445 910 503 in
936 443 1005 503 istis
1033 442 1262 502 circumstantiis
1290 443 1327 500 ad
1355 442 1489 501 levamen

171 527 381 586 catholicorum
410 524 663 584 extraordinariae
688 526 848 584 facultates
874 529 1061 601 peterentur,
1089 522 1231 581 eiusmodi
1257 522 1377 582 litteras
1398 523 1489 582 Roma

170 607 340 676 venientes,
368 624 443 680 quae
463 605 639 663 videbantur
660 625 726 664 esse
747 605 865 664 litterae
886 604 986 663 curiae
1006 604 1172 673 Romanae,
1200 602 1432 679 intercipiendos
1462 608 1489 662 et

171 686 365 746 destruendas
387 685 510 744 curavit.
542 685 637 744 Semel
659 685 748 744 etiam
769 685 918 762 supplices
939 684 1055 742 litterae
1077 682 1184 742 nobilis
1204 683 1270 750 viri,
1293 683 1342 758 qui
1363 684 1489 760 petierat

169 767 296 842 gratiam
317 766 420 825 sacelli
440 766 548 842 privati
570 785 635 823 cum
654 766 797 824 facultate
818 765 1018 823 asservandus
1033 763 1083 823 SS.
1098 763 1314 832 Eucharistiae,
1337 782 1405 821 cum
1426 765 1488 822 sub·

170 847 299 923 scriptae
328 851 427 904 essent
458 865 513 916 „ex
541 845 663 922 speciali
691 846 830 904 mandato
852 845 902 905 SS.
924 844 1040 903 Domini
1062 843 1097 902 N.
1121 891 1126 903 .
1150 892 1155 902 .
1178 891 1184 902 .
1205 839 1400 918 conceditur“,
1428 844 1488 919 ipse

171 946 208 985 ex
236 927 302 986 odio
331 945 402 1000 erga
429 925 510 984 illum
538 927 631 984 virum
660 926 786 984 mutavit
806 925 837 984 in
862 973 885 998 ,,.
908 973 913 984 .
937 971 942 983 .
965 920 1221 984 0000000001000α
1244 928 1274 982 et
1302 922 1345 981 ita
1373 923 1487 982 litteras

169 1006 276 1065 iterum
296 1008 371 1065 bene
393 1005 511 1065 clausas
533 1005 692 1082 expedivit.

170 1119 346 1189 Qusnnrrnn
367 1123 396 1179 1⁰
421 1139 490 1179 num
520 1125 551 1178 et
580 1140 618 1178 ex
647 1125 718 1196 quot
747 1118 893 1197 capitibus
923 1119 1055 1178 Licinius
1085 1116 1419 1177 excommunicationem
1448 1117 1487 1175 in·

422 1200 554 1260 currerit.

366 1298 397 1356 2⁰
421 1298 588 1375 potueritne
609 1317 687 1357 anno
706 1303 810 1358 sancto
829 1295 954 1367 absolvi,
976 1316 1074 1372 aquo,
1096 1296 1202 1372 quibus
1217 1295 1449 1355 condicionibus.

761 1497 896 1564 Salutio.

92 1651 160 1706 1020
257 1639 311 1703 An
334 1658 524 1714 ouansrrun
552 1643 588 1702 1¹¹²
611 1639 649 1704 R.
677 1641 705 1703 1.
737 1639 880 1703 Primum
907 1638 1045 1716 facinus,
1070 1638 1155 1720 quod
1172 1638 1325 1715 occurrit,
1351 1642 1403 1703 est
1422 1639 1486 1722 epi·

169 1727 258 1810 scopi
274 1726 499 1805 incarceratio‚
524 1748 620 1810 quam
637 1727 777 1792 Licinius
794 1731 969 1793 exsecutus
993 1732 1044 1793 est
1059 1727 1112 1792 vel
1136 1727 1271 1810 physica
1294 1727 1349 1791 vel
1373 1727 1486 1792 morali

170 1815 309 1882 actione.
342 1816 548 1899 Quapropter
563 1815 744 1882 certissime
768 1817 863 1882 adest
879 1817 975 1894 actio,
1000 1816 1145 1898 inquam
1169 1816 1299 1882 constit.
1317 1818 1380 1901 Ap.
1398 1818 1485 1883 Sedis

169 1926 232 1971 ser.
257 1905 283 1984 Ι,
306 1908 374 1971 nb
398 1904 517 1970 statuit
539 1905 907 1971 excommunicationem
929 1905 983 1969 R¹²⁰
1000 1904 1148 1971 Pontifici
1171 1903 1360 1987 specialiter
1383 1926 1486 1970 reser-

169 1998 297 2072 vatam,
328 2015 400 2059 cum
432 1997 465 2059 et
499 1994 775 2072 „incarcerantes
805 1994 1012 2060 detinentes.
1032 2047 1039 2060 .
1058 1997 1083 2059 .“
1119 1998 1152 2060 et
1187 1994 1401 2069 „mandantes
1418 2047 1424 2060 .
1444 2045 1450 2058 .
1469 2043 1484 2067 .,

168 2083 323 2148 auxilium
348 2087 573 2167 praestentes“
594 2083 810 2149 nominentur.
842 2082 953 2148 Solum
977 2087 1128 2167 superest
1154 2081 1276 2159 videre,
1300 2104 1379 2147 num
1403 2083 1486 2149 forte

168 2173 279 2254 gravis
302 2177 410 2238 metus
433 2172 590 2238 Licinium
614 2173 832 2238 excusaverit.
875 2171 1030 2236 Adfuisse
1054 2171 1189 2236 alicuius
1222 2176 1330 2237 metus
1354 2193 1485 2237 causam

168 2261 280 2343 negari
305 2283 369 2326 uon
393 2266 512 2345 potest,
538 2283 610 2326 cum
635 2281 820 2345 supremum
835 2261 1026 2343 gubernium
1043 2264 1133 2325 certo
1149 2264 1265 2325 contra
1280 2281 1337 2325 eos
1354 2260 1484 2343 egisset,

168 2350 223 2432 qui
246 2351 403 2417 mandata
426 2350 561 2432 exsequi
584 2349 779 2417 renuissent.
825 2349 967 2414 Licinius
997 2370 1075 2414 vero
1106 2349 1183 2414 talis
1212 2349 1335 2431 ingenii
1358 2349 1486 2416 videtur

167 2438 279 2517 fuisse,
304 2444 428 2505 utnon
450 2443 541 2505 metu
563 2440 677 2523 pulsus
700 2439 757 2503 sed
780 2438 884 2503 libens
907 2438 987 2503 haec
1004 2441 1247 2520 exsequeretur.
1280 2437 1485 2523 Quapropter

167 2532 274 2594 metus
298 2528 542 2594 excusationem
572 2550 636 2592 non
660 2527 790 2594 videtur
811 2548 908 2610 posse
931 2529 1064 2604 afferre;
1096 2548 1192 2608 quam
1216 2526 1248 2591 in
1272 2531 1386 2592 nostro
1411 2549 1485 2593 casu

168 2616 277 2681 afferri
300 2637 365 2681 non
388 2638 484 2699 posse
508 2637 546 2682 eo
569 2616 675 2698 magis
698 2638 831 2695 censeo,
862 2617 948 2698 quod
971 2621 1090 2698 agatur
1113 2616 1153 2681 de
1175 2636 1212 2680 re
1235 2616 1317 2681 adeo
1342 2615 1484 2693 immani,

167 2710 204 2770 ut
226 2709 333 2770 metus
357 2705 526 2770 abdicandi
551 2706 657 2770 officio
673 2727 737 2770 non
761 2704 805 2771 sit
828 2726 936 2783 causa,
962 2726 1045 2786 quae
1061 2726 1081 2769 a
1097 2710 1232 2788 peccato
1248 2709 1364 2771 contra
1380 2707 1484 2788 legem

167 2799 312 2871 excuset,
337 2815 377 2858 ne
402 2800 516 2860 contra
540 2816 611 2860 eam
636 2794 763 2876 quidem
789 2798 825 2859 ut
847 2794 1033 2859 humanam.
1066 2794 1150 2858 Hinc
1173 2793 1324 2871 Liciniae,
1350 2795 1377 2858 si
1396 2795 1484 2859 novit

166 2904 313 2967 poenam,
338 2904 410 2948 eam
434 2883 570 2948 incurrit
592 2905 634 2948 ex
657 2884 717 2948 hoo
741 2883 846 2951 titulo.

89 3001 155 3056 1021
256 2988 293 3054 R.
320 2993 349 3055 2.
382 2989 473 3065 Quod
497 2989 639 3053 Licinius
663 2989 860 3066 sacerdotes,
886 2988 938 3071 qui
963 3010 1096 3053 munere
1119 3010 1177 3053 suo
1201 2987 1294 3069 fungi
1318 2989 1482 3063 volebant,

169 3079 297 3143 curavit
321 3079 482 3143 eiciendos
506 3082 539 3144 et
561 3078 792 3154 exturbandos,
816 3078 896 3142 haec
919 3078 1014 3152 actio,
1039 3078 1066 3141 si
1083 3079 1234 3143 effectum
1258 3078 1381 3159 habuit,
1407 3099 1483 3142 sana

166 3166 337 3250 impedivit
360 3168 552 3232 exercitium
577 3166 806 3231 iurisdictionis
830 3167 1081 3243 ecclesiasticae,
1112 3167 1254 3231 maxime
1278 3166 1400 3231 interni
1423 3167 1481 3232 fori

168 3256 349 3339 excipiendi
373 3256 524 3321 nimirum
548 3256 785 3331 confessiones
810 3256 862 3320 vel
887 3256 986 3320 etiam
1011 3255 1259 3320 administrandi
1283 3256 1349 3320 alia
1372 3278 1482 3322 sacra·

166 3349 294 3410 menta:
325 3344 580 3410 D’Arrnibale
610 3366 641 3410 n.
667 3347 725 3416 58,
757 3349 823 3410 not.
851 3347 900 3410 12.
954 3344 1094 3409 Incurrit
1124 3344 1224 3426 igitur
1253 3345 1397 3410 Licinius
1428 3368 1483 3410 ex·

166 3434 488 3586 qqmqqqnicationem
513 3435 642 3500 constit.
667 3436 775 3518 Apost.
801 3436 893 3498 Sedis
924 3455 985 3500 ser.
1011 3434 1042 3509 I,
1068 3456 1097 3498 n.
1124 3438 1153 3499 6.
1200 3434 1248 3498 Cf.
1278 3435 1381 3501 Tbcol.
1407 3458 1480 3499 ocor.

255 3627 292 3692 R.
319 3632 348 3692 3.
396 3627 487 3703 Quod
510 3629 592 3692 alios
616 3627 803 3692 sacerdotes
827 3626 1032 3692 denuntiavit
1055 3627 1144 3692 etin
1168 3627 1219 3691 ius
1242 3627 1354 3692 vocari
1378 3628 1481 3703 iussit,

167 3715 318 3798 impingit
351 3716 384 3779 in
412 3738 443 3781 n.
470 3719 488 3781 7
513 3717 655 3781 eiusdem
686 3716 926 3782 constitutionis
956 3737 1018 3781 ser.
1050 3716 1080 3793 I,
1113 3715 1230 3781 saltem
1261 3717 1288 3781 si
1318 3716 1389 3799 ipse
1421 3740 1481 3782 non

167 3808 299 3870 coactus
332 3805 412 3869 alios
447 3805 489 3869 ad
523 3805 554 3868 id
588 3806 717 3887 adegit,
756 3810 793 3870 ut
827 3804 1014 3870 sacerdotes
1046 3806 1088 3869 ad
1119 3805 1263 3869 tribunal
1296 3806 1393 3871 civile
1426 3829 1481 3870 vo-

166 3899 289 3959 carent.
337 3893 383 3958 Ut
407 3895 606 3958 declaratum
632 3901 682 3960 est
705 3894 735 3959 d.
761 3899 802 3958 23
827 3895 894 3958 lan.
920 3895 1004 3957 1886
1030 3893 1073 3972 (v.
1097 3895 1197 3960 Theoi.
1223 3917 1300 3960 mor.
1327 3895 1367 3973 ΙΙ,
1395 3899 1480 3978 930),

166 3983 226 4046 hac
257 4004 395 4047 censura
424 3983 587 4048 feriuntur
616 3985 718 4047 solum
752 3983 975 4063 „legislatores
1006 3986 1149 4067 eliaeque
1179 3988 1398 4068 erectoritoles,
1431 3987 1480 4068 qui

165 4072 286 4137 indices
310 4077 429 4152 cogant
459 4072 529 4135 sive
554 4073 676 4137 directe
706 4073 775 4135 sive
805 4072 1000 4136 indirecte“:
1032 4074 1116 4152 quod
1147 4072 1216 4136 inre
1246 4074 1481 4157 interpretatur

165 4160 444 4225 D'Annibale
476 4162 498 4226 l.
530 4183 555 4225 0.
593 4183 622 4226 n.
655 4164 696 4225 66
731 4162 899 4245 „quoslibet
931 4162 1167 4245 irrupistr·olus“.
1227 4163 1349 4226 Censeo
1383 4166 1480 4246 igitur

165 4252 294 4314 omnino
313 4249 470 4313 bicinium
493 4254 626 4333 propter
648 4250 732 4315 hano
756 4250 915 4314 actionem
941 4250 1039 4314 etiam
1062 4250 1237 4315 incurrisse
1261 4255 1480 4318 exeommuni-

166 4340 335 4405 rationem.

253 4446 291 4511 R.
317 4449 347 4510 4.
394 4445 485 4520 Quod
508 4445 637 4509 litteras
661 4446 764 4508 Roma
788 4444 904 4508 missas
926 4443 1178 4528 intercipiendas
1202 4448 1341 4525 curavit,
1367 4451 1479 4531 quibus

165 4533 347 4613 singulares
386 4534 561 4598 facultates
600 4534 757 4599 contineri
795 4535 953 4616 putabat,
993 4535 1075 4598 sumi
1115 4535 1211 4601 debet
1249 4537 1409 4604 Licinium
1448 4560 1478 4602 re

164 4622 236 4703 ipsa
266 4622 421 4687 eiusmodi
452 4622 626 4687 facultates
656 4623 828 4704 aliquoties
859 4621 989 4686 inutiles
1020 4645 1077 4688 seu
1102 4646 1212 4688 earum
1238 4629 1476 4693 exsecutionem
